<?xml version="1.0" encoding="UTF-8"?>
<!DOCTYPE html PUBLIC "-//W3C//DTD XHTML 1.0 Transitional//EN"
    "http://www.w3.org/TR/xhtml1/DTD/xhtml1-transitional.dtd">
<html xmlns="http://www.w3.org/1999/xhtml" xml:lang="en" lang="en">
 <head>
  <title>
</title>
<meta http-equiv="Content-Type" content="text/html;charset=utf-8" />
  <meta name='ocr-system' content='tesseract 3.04.00' />
  <meta name='ocr-capabilities' content='ocr_page ocr_carea ocr_par ocr_line ocrx_word'/>
</head>
<body>
  <div class='ocr_page' id='page_1' title='image "./meteorologicorum01arisuoft_0198.png"; bbox 0 0 1774 3184; ppageno 0'>
   <div class='ocr_carea' id='block_1_1' title="bbox 215 404 222 438">
    <p class='ocr_par' dir='ltr' id='par_1_1' title="bbox 215 404 222 438">
     <span class='ocr_line' id='line_1_1' title="bbox 215 404 222 428; baseline 0 0"><span class='ocrx_word' id='word_1_1' title='bbox 215 404 222 428; x_wconf 65' lang='lat' dir='ltr'>i</span> 
     </span>
     <span class='ocr_line' id='line_1_2' title="bbox 218 431 222 438; baseline 0 0"><span class='ocrx_word' id='word_1_2' title='bbox 218 431 222 438; x_wconf 84' lang='lat'><em>.</em></span> 
     </span>
    </p>
   </div>
   <div class='ocr_carea' id='block_1_2' title="bbox 217 350 1570 410">
    <p class='ocr_par' dir='ltr' id='par_1_2' title="bbox 217 350 1570 410">
     <span class='ocr_line' id='line_1_3' title="bbox 217 350 1570 410; baseline 0.003 -14"><span class='ocrx_word' id='word_1_3' title='bbox 217 366 229 396; x_wconf 71' lang='lat'><em>2&#39;</em></span> <span class='ocrx_word' id='word_1_4' title='bbox 276 350 368 394; x_wconf 85' lang='lat'><em>158</em></span> <span class='ocrx_word' id='word_1_5' title='bbox 434 359 729 409; x_wconf 84' lang='lat' dir='ltr'><strong>EXCERPTA</strong></span> <span class='ocrx_word' id='word_1_6' title='bbox 751 360 830 397; x_wconf 91' lang='lat' dir='ltr'><em>EX</em></span> <span class='ocrx_word' id='word_1_7' title='bbox 851 359 1144 398; x_wconf 86' lang='lat' dir='ltr'>COMMENT.</span> <span class='ocrx_word' id='word_1_8' title='bbox 1165 361 1346 410; x_wconf 71' lang='lat' dir='ltr'>ALEX„</span> <span class='ocrx_word' id='word_1_9' title='bbox 1376 364 1408 401; x_wconf 90' lang='grc' dir='ltr'><em>Ι.</em></span> <span class='ocrx_word' id='word_1_10' title='bbox 1426 363 1570 402; x_wconf 90' lang='lat' dir='ltr'><strong>PHIL.</strong></span> 
     </span>
    </p>
   </div>
   <div class='ocr_carea' id='block_1_3' title="bbox 270 463 1684 524">
    <p class='ocr_par' dir='ltr' id='par_1_3' title="bbox 270 463 1684 524">
     <span class='ocr_line' id='line_1_4' title="bbox 270 463 1684 524; baseline 0.004 -18"><span class='ocrx_word' id='word_1_11' title='bbox 270 481 336 506; x_wconf 84' lang='grc' dir='ltr'><em>ται</em></span> <span class='ocrx_word' id='word_1_12' title='bbox 366 464 459 506; x_wconf 74' lang='grc' dir='ltr'><em>οὐδὲ</em></span> <span class='ocrx_word' id='word_1_13' title='bbox 486 466 584 520; x_wconf 76' lang='grc' dir='ltr'><em>νέφη</em></span> <span class='ocrx_word' id='word_1_14' title='bbox 617 466 658 505; x_wconf 72' lang='grc' dir='ltr'><em>ἐν</em></span> <span class='ocrx_word' id='word_1_15' title='bbox 687 468 744 520; x_wconf 78' lang='grc' dir='ltr'><em>τῷ</em></span> <span class='ocrx_word' id='word_1_16' title='bbox 775 463 946 520; x_wconf 81' lang='grc' dir='ltr'><em>ἀπογείῳ</em></span> <span class='ocrx_word' id='word_1_17' title='bbox 979 464 1046 505; x_wconf 80' lang='grc' dir='ltr'><em>διὰ</em></span> <span class='ocrx_word' id='word_1_18' title='bbox 1074 465 1147 519; x_wconf 86' lang='grc' dir='ltr'><em>τὴν</em></span> <span class='ocrx_word' id='word_1_19' title='bbox 1177 467 1398 523; x_wconf 67' lang='grc' dir='ltr'><em>ἐκπύρωσιν</em></span> <span class='ocrx_word' id='word_1_20' title='bbox 1422 472 1486 511; x_wconf 84' lang='grc' dir='ltr'><em>καὶ</em></span> <span class='ocrx_word' id='word_1_21' title='bbox 1517 471 1582 511; x_wconf 78' lang='grc' dir='ltr'><em>διὰ</em></span> <span class='ocrx_word' id='word_1_22' title='bbox 1610 471 1684 524; x_wconf 80' lang='grc' dir='ltr'><em>τ’ὴν</em></span> 
     </span>
    </p>
   </div>
   <div class='ocr_carea' id='block_1_4' title="bbox 267 529 1687 919">
    <p class='ocr_par' dir='ltr' id='par_1_4' title="bbox 267 529 1687 919">
     <span class='ocr_line' id='line_1_5' title="bbox 270 529 1684 590; baseline 0.003 -17"><span class='ocrx_word' id='word_1_23' title='bbox 270 533 436 585; x_wconf 84' lang='grc' dir='ltr'><em>κίνησιν.</em></span> <span class='ocrx_word' id='word_1_24' title='bbox 468 529 727 585; x_wconf 81' lang='grc' dir='ltr'><em>παρακατιὼν</em></span> <span class='ocrx_word' id='word_1_25' title='bbox 757 531 800 571; x_wconf 74' lang='grc' dir='ltr'><em>δὲ</em></span> <span class='ocrx_word' id='word_1_26' title='bbox 830 531 906 582; x_wconf 71' lang='grc' dir='ltr'><em>ἔχει</em></span> <span class='ocrx_word' id='word_1_27' title='bbox 926 532 1055 572; x_wconf 75' lang='grc' dir='ltr'><em>ἐἰπεῖν</em></span> <span class='ocrx_word' id='word_1_28' title='bbox 1081 532 1137 585; x_wconf 81' lang='grc' dir='ltr'><em>μὴ</em></span> <span class='ocrx_word' id='word_1_29' title='bbox 1166 532 1282 587; x_wconf 74' lang='grc' dir='ltr'><em>μέχρι</em></span> <span class='ocrx_word' id='word_1_30' title='bbox 1309 537 1381 574; x_wconf 80' lang='grc' dir='ltr'><em>τοῦ</em></span> <span class='ocrx_word' id='word_1_31' title='bbox 1412 534 1597 589; x_wconf 79' lang='grc' dir='ltr'><em>ἀπογείου</em></span> <span class='ocrx_word' id='word_1_32' title='bbox 1623 538 1684 590; x_wconf 80' lang='grc' dir='ltr'><em>γί-</em></span> 
     </span>
     <span class='ocr_line' id='line_1_6' title="bbox 269 595 1685 654; baseline 0.003 -15"><span class='ocrx_word' id='word_1_33' title='bbox 269 601 412 639; x_wconf 75' lang='grc' dir='ltr'><em>νεσθαι</em></span> <span class='ocrx_word' id='word_1_34' title='bbox 441 596 514 648; x_wconf 79' lang='grc' dir='ltr'><em>τὴν</em></span> <span class='ocrx_word' id='word_1_35' title='bbox 542 595 766 650; x_wconf 72' lang='grc' dir='ltr'><em>ἐκπύρωσιν</em></span> <span class='ocrx_word' id='word_1_36' title='bbox 774 628 787 647; x_wconf 99' lang='grc'><em>,</em></span> <span class='ocrx_word' id='word_1_37' title='bbox 817 595 910 636; x_wconf 76' lang='grc' dir='ltr'><em>ἀλλ’</em></span> <span class='ocrx_word' id='word_1_38' title='bbox 937 595 998 638; x_wconf 83' lang='grc' dir='ltr'><em>ὅτι</em></span> <span class='ocrx_word' id='word_1_39' title='bbox 1025 596 1152 649; x_wconf 85' lang='grc' dir='ltr'><em>μόνον</em></span> <span class='ocrx_word' id='word_1_40' title='bbox 1183 597 1229 639; x_wconf 80' lang='grc' dir='ltr'><em>τὸ</em></span> <span class='ocrx_word' id='word_1_41' title='bbox 1259 601 1428 653; x_wconf 77' lang='grc' dir='ltr'><em>πλησίον</em></span> <span class='ocrx_word' id='word_1_42' title='bbox 1455 606 1526 654; x_wconf 80' lang='grc' dir='ltr'><em>τῆς</em></span> <span class='ocrx_word' id='word_1_43' title='bbox 1557 602 1685 643; x_wconf 81' lang='grc' dir='ltr'><em>ἀπλα-</em></span> 
     </span>
     <span class='ocr_line' id='line_1_7' title="bbox 269 662 1687 724; baseline 0.003 -19"><span class='ocrx_word' id='word_1_44' title='bbox 269 667 364 711; x_wconf 78' lang='grc' dir='ltr'><em>νοῦς</em></span> <span class='ocrx_word' id='word_1_45' title='bbox 392 663 653 716; x_wconf 75' lang='grc' dir='ltr'><em>ἐκπυροῦται,</em></span> <span class='ocrx_word' id='word_1_46' title='bbox 694 662 739 704; x_wconf 83' lang='grc' dir='ltr'><em>τὸ</em></span> <span class='ocrx_word' id='word_1_47' title='bbox 766 663 840 716; x_wconf 75' lang='grc' dir='ltr'><em>μὲν</em></span> <span class='ocrx_word' id='word_1_48' title='bbox 878 666 956 718; x_wconf 77' lang='grc' dir='ltr'><em>πῦρ</em></span> <span class='ocrx_word' id='word_1_49' title='bbox 986 667 1043 720; x_wconf 69' lang='grc' dir='ltr'><em>τῷ</em></span> <span class='ocrx_word' id='word_1_50' title='bbox 1078 664 1272 722; x_wconf 82' lang='grc' dir='ltr'><em>ἀνωτάτῳ</em></span> <span class='ocrx_word' id='word_1_51' title='bbox 1310 667 1514 724; x_wconf 79' lang='grc' dir='ltr'><strong><em>στοιχείῳ,</em></strong></span> <span class='ocrx_word' id='word_1_52' title='bbox 1555 672 1612 724; x_wconf 79' lang='grc' dir='ltr'><em>τῷ</em></span> <span class='ocrx_word' id='word_1_53' title='bbox 1643 669 1687 709; x_wconf 73' lang='grc' dir='ltr'><em>δὲ</em></span> 
     </span>
     <span class='ocr_line' id='line_1_8' title="bbox 269 727 1687 787; baseline 0.004 -17"><span class='ocrx_word' id='word_1_54' title='bbox 269 731 364 783; x_wconf 85' lang='grc' dir='ltr'><em>πυρὶ</em></span> <span class='ocrx_word' id='word_1_55' title='bbox 394 727 484 783; x_wconf 61' lang='grc' dir='ltr'><em>ἀὴρ</em></span> <span class='ocrx_word' id='word_1_56' title='bbox 501 728 666 782; x_wconf 78' lang='grc' dir='ltr'><em>συνεχής</em></span> <span class='ocrx_word' id='word_1_57' title='bbox 693 730 822 771; x_wconf 76' lang='grc' dir='ltr'><em>ἐστιν·</em></span> <span class='ocrx_word' id='word_1_58' title='bbox 853 729 942 771; x_wconf 80' lang='grc' dir='ltr'><em>ἰδοὺ</em></span> <span class='ocrx_word' id='word_1_59' title='bbox 962 734 1032 771; x_wconf 84' lang='grc' dir='ltr'><em>νῦν</em></span> <span class='ocrx_word' id='word_1_60' title='bbox 1059 730 1106 772; x_wconf 86' lang='grc' dir='ltr'><em>τὸ</em></span> <span class='ocrx_word' id='word_1_61' title='bbox 1135 731 1209 783; x_wconf 77' lang='grc' dir='ltr'><em>μὲν</em></span> <span class='ocrx_word' id='word_1_62' title='bbox 1234 734 1425 787; x_wconf 77' lang='grc' dir='ltr'><em>προσεχὲς</em></span> <span class='ocrx_word' id='word_1_63' title='bbox 1452 738 1533 775; x_wconf 83' lang='grc' dir='ltr'><em>τῶν</em></span> <span class='ocrx_word' id='word_1_64' title='bbox 1562 734 1687 786; x_wconf 78' lang='grc' dir='ltr'><em>οὐρα-</em></span> 
     </span>
     <span class='ocr_line' id='line_1_9' title="bbox 267 795 1686 854; baseline 0.004 -17"><span class='ocrx_word' id='word_1_65' title='bbox 267 797 362 837; x_wconf 88' lang='grc' dir='ltr'><em>νίων</em></span> <span class='ocrx_word' id='word_1_66' title='bbox 399 795 496 850; x_wconf 79' lang='grc' dir='ltr'><em>λε’γει</em></span> <span class='ocrx_word' id='word_1_67' title='bbox 533 795 578 836; x_wconf 88' lang='grc' dir='ltr'><em>τὸ</em></span> <span class='ocrx_word' id='word_1_68' title='bbox 610 799 712 851; x_wconf 80' lang='grc' dir='ltr'><em>πῦρ,</em></span> <span class='ocrx_word' id='word_1_69' title='bbox 757 796 803 838; x_wconf 87' lang='grc' dir='ltr'><em>τὸ</em></span> <span class='ocrx_word' id='word_1_70' title='bbox 833 797 878 838; x_wconf 79' lang='grc' dir='ltr'><em>δὲ</em></span> <span class='ocrx_word' id='word_1_71' title='bbox 905 795 1124 840; x_wconf 68' lang='grc' dir='ltr'><em>ὑπόλοιπον</em></span> <span class='ocrx_word' id='word_1_72' title='bbox 1153 798 1275 854; x_wconf 77' lang='grc' dir='ltr'><em>ἀέρα,</em></span> <span class='ocrx_word' id='word_1_73' title='bbox 1314 798 1368 848; x_wconf 83' lang='grc' dir='ltr'><em>ὡς</em></span> <span class='ocrx_word' id='word_1_74' title='bbox 1397 798 1445 841; x_wconf 77' lang='grc' dir='ltr'><em>ἂν</em></span> <span class='ocrx_word' id='word_1_75' title='bbox 1475 800 1531 854; x_wconf 84' lang='grc' dir='ltr'><em>μὴ</em></span> <span class='ocrx_word' id='word_1_76' title='bbox 1560 799 1686 852; x_wconf 88' lang='grc' dir='ltr'><em>μόνον</em></span> 
     </span>
     <span class='ocr_line' id='line_1_10' title="bbox 267 861 1518 919; baseline 0.004 -15"><span class='ocrx_word' id='word_1_77' title='bbox 267 867 339 904; x_wconf 79' lang='grc' dir='ltr'><em>τοῦ</em></span> <span class='ocrx_word' id='word_1_78' title='bbox 368 862 554 917; x_wconf 77' lang='grc' dir='ltr'><em>ἁπογείου</em></span> <span class='ocrx_word' id='word_1_79' title='bbox 582 861 700 918; x_wconf 79' lang='grc' dir='ltr'><em>ἀέρος</em></span> <span class='ocrx_word' id='word_1_80' title='bbox 727 863 1035 919; x_wconf 73' lang='grc' dir='ltr'><em>ἓκπυρουμένου.</em></span> <span class='ocrx_word' id='word_1_81' title='bbox 1095 868 1246 919; x_wconf 84' lang='lat' dir='ltr'><strong>Olym</strong></span> <span class='ocrx_word' id='word_1_82' title='bbox 1259 883 1299 919; x_wconf 92' lang='lat' dir='ltr'><em>p.</em></span> <span class='ocrx_word' id='word_1_83' title='bbox 1330 870 1400 908; x_wconf 86' lang='lat' dir='ltr'>fol.</span> <span class='ocrx_word' id='word_1_84' title='bbox 1420 873 1459 919; x_wconf 89' lang='lat'><em>7,</em></span> <span class='ocrx_word' id='word_1_85' title='bbox 1481 870 1518 909; x_wconf 86' lang='lat' dir='ltr'><em>b.</em></span> 
     </span>
    </p>
   </div>
   <div class='ocr_carea' id='block_1_5' title="bbox 263 948 1697 1871">
    <p class='ocr_par' dir='ltr' id='par_1_5' title="bbox 263 948 1697 1871">
     <span class='ocr_line' id='line_1_11' title="bbox 379 948 1684 1011; baseline 0.002 -18"><span class='ocrx_word' id='word_1_86' title='bbox 379 955 477 1005; x_wconf 78' lang='lat' dir='ltr'><strong>Cap.</strong></span> <span class='ocrx_word' id='word_1_87' title='bbox 507 954 578 992; x_wconf 87' lang='grc' dir='ltr'><strong>ΙΙΙ.</strong></span> <span class='ocrx_word' id='word_1_88' title='bbox 617 953 652 1004; x_wconf 85' lang='lat'><em>§.</em></span> <span class='ocrx_word' id='word_1_89' title='bbox 684 958 744 994; x_wconf 79' lang='lat'><em>19.</em></span> <span class='ocrx_word' id='word_1_90' title='bbox 799 954 935 1008; x_wconf 82' lang='grc' dir='ltr'><em>Περὶ</em></span> <span class='ocrx_word' id='word_1_91' title='bbox 974 953 1067 1006; x_wconf 81' lang='grc' dir='ltr'><em>μὲν</em></span> <span class='ocrx_word' id='word_1_92' title='bbox 1106 948 1195 995; x_wconf 72' lang='grc' dir='ltr'><em>οὗν</em></span> <span class='ocrx_word' id='word_1_93' title='bbox 1227 957 1340 995; x_wconf 69' lang='grc' dir='ltr'><em>τῶν</em></span> <span class='ocrx_word' id='word_1_94' title='bbox 1379 954 1430 996; x_wconf 73' lang='grc' dir='ltr'><em>ἓν</em></span> <span class='ocrx_word' id='word_1_95' title='bbox 1468 958 1534 1011; x_wconf 76' lang='grc' dir='ltr'><em>τῷ</em></span> <span class='ocrx_word' id='word_1_96' title='bbox 1582 954 1684 996; x_wconf 77' lang='grc' dir='ltr'><em>ἄνω</em></span> 
     </span>
     <span class='ocr_line' id='line_1_12' title="bbox 267 1018 1685 1079; baseline 0.001 -19"><span class='ocrx_word' id='word_1_97' title='bbox 267 1018 407 1075; x_wconf 79' lang='grc' dir='ltr'><em>τόπῳ</em></span> <span class='ocrx_word' id='word_1_98' title='bbox 447 1026 488 1059; x_wconf 89' lang='lat' dir='ltr'><em>et</em></span> <span class='ocrx_word' id='word_1_99' title='bbox 525 1033 562 1071; x_wconf 90' lang='lat' dir='ltr'><em>q.</em></span> <span class='ocrx_word' id='word_1_100' title='bbox 600 1021 654 1071; x_wconf 73' lang='lat'><em>8.]</em></span> <span class='ocrx_word' id='word_1_101' title='bbox 736 1021 822 1060; x_wconf 82' lang='grc' dir='ltr'><em>Τοῦ</em></span> <span class='ocrx_word' id='word_1_102' title='bbox 859 1020 1281 1076; x_wconf 73' lang='grc' dir='ltr'><em>προαναφωνηθέντος</em></span> <span class='ocrx_word' id='word_1_103' title='bbox 1317 1024 1367 1076; x_wconf 79' lang='grc' dir='ltr'><em>τῇ</em></span> <span class='ocrx_word' id='word_1_104' title='bbox 1403 1022 1620 1079; x_wconf 68' lang='grc' dir='ltr'><em>προτεραίᾳ</em></span> <span class='ocrx_word' id='word_1_105' title='bbox 1649 1021 1685 1074; x_wconf 88' lang='lat'><em>*)</em></span> 
     </span>
     <span class='ocr_line' id='line_1_13' title="bbox 267 1083 1685 1141; baseline 0.001 -14"><span class='ocrx_word' id='word_1_106' title='bbox 267 1083 323 1133; x_wconf 84' lang='grc' dir='ltr'><em>ὡς</em></span> <span class='ocrx_word' id='word_1_107' title='bbox 347 1083 561 1132; x_wconf 73' lang='grc' dir='ltr'><em>ἐπιλύσεως</em></span> <span class='ocrx_word' id='word_1_108' title='bbox 590 1083 944 1138; x_wconf 73' lang='grc' dir='ltr'><em>ἀξιωθησομένου,</em></span> <span class='ocrx_word' id='word_1_109' title='bbox 986 1085 1134 1139; x_wconf 72' lang='grc' dir='ltr'><em>ἥκομεν</em></span> <span class='ocrx_word' id='word_1_110' title='bbox 1162 1090 1233 1128; x_wconf 75' lang='grc' dir='ltr'><em>νῦν</em></span> <span class='ocrx_word' id='word_1_111' title='bbox 1260 1089 1333 1141; x_wconf 77' lang='grc' dir='ltr'><em>τήν</em></span> <span class='ocrx_word' id='word_1_112' title='bbox 1364 1088 1496 1128; x_wconf 86' lang='grc' dir='ltr'><em>αῗτίαν</em></span> <span class='ocrx_word' id='word_1_113' title='bbox 1524 1086 1685 1129; x_wconf 75' lang='grc' dir='ltr'><em>ἀποδώ-</em></span> 
     </span>
     <span class='ocr_line' id='line_1_14' title="bbox 267 1150 1686 1206; baseline 0.001 -12"><span class='ocrx_word' id='word_1_114' title='bbox 267 1165 416 1199; x_wconf 89' lang='grc' dir='ltr'><em>σοντες.</em></span> <span class='ocrx_word' id='word_1_115' title='bbox 445 1155 561 1192; x_wconf 89' lang='grc' dir='ltr'><em>ποῖον</em></span> <span class='ocrx_word' id='word_1_116' title='bbox 590 1151 637 1192; x_wconf 79' lang='grc' dir='ltr'><em>δέ</em></span> <span class='ocrx_word' id='word_1_117' title='bbox 662 1151 745 1192; x_wconf 70' lang='grc' dir='ltr'><em>ε’στι</em></span> <span class='ocrx_word' id='word_1_118' title='bbox 773 1155 892 1193; x_wconf 77' lang='grc' dir='ltr'><em>τοῦτο</em></span> <span class='ocrx_word' id='word_1_119' title='bbox 902 1171 917 1205; x_wconf 86' lang='grc'><em>;</em></span> <span class='ocrx_word' id='word_1_120' title='bbox 944 1153 986 1194; x_wconf 86' lang='grc' dir='ltr'><em>τί</em></span> <span class='ocrx_word' id='word_1_121' title='bbox 1004 1152 1151 1206; x_wconf 73' lang='grc' dir='ltr'><em>δήποτε</em></span> <span class='ocrx_word' id='word_1_122' title='bbox 1181 1150 1334 1206; x_wconf 69' lang='grc' dir='ltr'><em>ὅῆλιος</em></span> <span class='ocrx_word' id='word_1_123' title='bbox 1360 1153 1417 1206; x_wconf 77' lang='grc' dir='ltr'><em>μὴ</em></span> <span class='ocrx_word' id='word_1_124' title='bbox 1449 1153 1504 1195; x_wconf 80' lang='grc' dir='ltr'><em>ὢν</em></span> <span class='ocrx_word' id='word_1_125' title='bbox 1531 1153 1686 1206; x_wconf 74' lang='grc' dir='ltr'><em>θερμὸς</em></span> 
     </span>
     <span class='ocr_line' id='line_1_15' title="bbox 265 1214 1685 1273; baseline 0 -13"><span class='ocrx_word' id='word_1_126' title='bbox 265 1218 474 1273; x_wconf 72' lang='grc' dir='ltr'><em>θερμαίνει</em></span> <span class='ocrx_word' id='word_1_127' title='bbox 501 1214 620 1270; x_wconf 66' lang='grc' dir='ltr'><em>ἡμᾶς.</em></span> <span class='ocrx_word' id='word_1_128' title='bbox 674 1217 740 1258; x_wconf 79' lang='grc' dir='ltr'><em>καὶ</em></span> <span class='ocrx_word' id='word_1_129' title='bbox 770 1217 941 1259; x_wconf 80' lang='grc' dir='ltr'><em>δυνατὸν</em></span> <span class='ocrx_word' id='word_1_130' title='bbox 975 1218 1050 1271; x_wconf 76' lang='grc' dir='ltr'><em>μὲν</em></span> <span class='ocrx_word' id='word_1_131' title='bbox 1077 1214 1126 1272; x_wconf 69' lang='grc' dir='ltr'><em>ἦν</em></span> <span class='ocrx_word' id='word_1_132' title='bbox 1154 1217 1225 1260; x_wconf 87' lang='grc' dir='ltr'><em>τὸν</em></span> <span class='ocrx_word' id='word_1_133' title='bbox 1246 1217 1523 1273; x_wconf 80' lang='grc' dir='ltr'><em>Ἀριστοτέλην</em></span> <span class='ocrx_word' id='word_1_134' title='bbox 1551 1219 1685 1260; x_wconf 70' lang='grc' dir='ltr'><em>ε’πιλύ-</em></span> 
     </span>
     <span class='ocr_line' id='line_1_16' title="bbox 266 1281 1681 1339; baseline 0 -13"><span class='ocrx_word' id='word_1_135' title='bbox 266 1287 422 1326; x_wconf 73' lang='grc' dir='ltr'><em>σασθαι</em></span> <span class='ocrx_word' id='word_1_136' title='bbox 458 1281 607 1335; x_wconf 71' lang='grc' dir='ltr'><em>οὕτως,</em></span> <span class='ocrx_word' id='word_1_137' title='bbox 655 1282 717 1325; x_wconf 80' lang='grc' dir='ltr'><em>ὅτι</em></span> <span class='ocrx_word' id='word_1_138' title='bbox 754 1283 870 1325; x_wconf 75' lang='grc' dir='ltr'><em>οὐδὲν</em></span> <span class='ocrx_word' id='word_1_139' title='bbox 906 1283 1057 1325; x_wconf 73' lang='grc' dir='ltr'><em>ἄτοπον</em></span> <span class='ocrx_word' id='word_1_140' title='bbox 1086 1282 1132 1325; x_wconf 83' lang='grc' dir='ltr'><em>τό</em></span> <span class='ocrx_word' id='word_1_141' title='bbox 1161 1283 1218 1337; x_wconf 80' lang='grc' dir='ltr'><em>μὴ</em></span> <span class='ocrx_word' id='word_1_142' title='bbox 1248 1283 1404 1339; x_wconf 73' lang='grc' dir='ltr'><em>θερμὸν</em></span> <span class='ocrx_word' id='word_1_143' title='bbox 1438 1287 1681 1337; x_wconf 77' lang='grc' dir='ltr'><em>θερμαίνειν,</em></span> 
     </span>
     <span class='ocr_line' id='line_1_17' title="bbox 264 1349 1682 1406; baseline -0.001 -14"><span class='ocrx_word' id='word_1_144' title='bbox 264 1355 345 1392; x_wconf 81' lang='grc' dir='ltr'><em>πᾶν</em></span> <span class='ocrx_word' id='word_1_145' title='bbox 372 1349 447 1405; x_wconf 80' lang='grc' dir='ltr'><em>γὰρ</em></span> <span class='ocrx_word' id='word_1_146' title='bbox 467 1349 625 1404; x_wconf 72' lang='grc' dir='ltr'><em>θερμὸν</em></span> <span class='ocrx_word' id='word_1_147' title='bbox 644 1351 865 1405; x_wconf 76' lang='grc' dir='ltr'><em>θερμαίνει,</em></span> <span class='ocrx_word' id='word_1_148' title='bbox 894 1349 942 1392; x_wconf 78' lang='grc' dir='ltr'><em>οὗ</em></span> <span class='ocrx_word' id='word_1_149' title='bbox 965 1354 1044 1392; x_wconf 82' lang='grc' dir='ltr'><em>πᾶν</em></span> <span class='ocrx_word' id='word_1_150' title='bbox 1065 1350 1109 1391; x_wconf 75' lang='grc' dir='ltr'><em>δὲ</em></span> <span class='ocrx_word' id='word_1_151' title='bbox 1127 1354 1350 1405; x_wconf 72' lang='grc' dir='ltr'><em>θερμαΐνον</em></span> <span class='ocrx_word' id='word_1_152' title='bbox 1377 1350 1534 1406; x_wconf 74' lang='grc' dir='ltr'><em>θερμόν</em></span> <span class='ocrx_word' id='word_1_153' title='bbox 1563 1351 1682 1392; x_wconf 75' lang='grc' dir='ltr'><em>ἔστιν.</em></span> 
     </span>
     <span class='ocr_line' id='line_1_18' title="bbox 263 1411 1684 1472; baseline -0.001 -13"><span class='ocrx_word' id='word_1_154' title='bbox 263 1417 356 1468; x_wconf 74' lang='grc' dir='ltr'><em>ι’ὁοὺ</em></span> <span class='ocrx_word' id='word_1_155' title='bbox 383 1416 460 1471; x_wconf 75' lang='grc' dir='ltr'><em>γὰρ</em></span> <span class='ocrx_word' id='word_1_156' title='bbox 486 1417 552 1457; x_wconf 88' lang='grc' dir='ltr'><em>καὶ</em></span> <span class='ocrx_word' id='word_1_157' title='bbox 580 1413 604 1469; x_wconf 76' lang='grc' dir='ltr'>ἡ</span> <span class='ocrx_word' id='word_1_158' title='bbox 636 1417 787 1469; x_wconf 87' lang='grc' dir='ltr'><em>κίνησις</em></span> <span class='ocrx_word' id='word_1_159' title='bbox 813 1418 1022 1472; x_wconf 78' lang='grc' dir='ltr'><em>θερμαίνει</em></span> <span class='ocrx_word' id='word_1_160' title='bbox 1049 1415 1106 1470; x_wconf 82' lang='grc' dir='ltr'><em>μὴ</em></span> <span class='ocrx_word' id='word_1_161' title='bbox 1138 1411 1240 1457; x_wconf 66' lang='grc' dir='ltr'><em>οὖσα</em></span> <span class='ocrx_word' id='word_1_162' title='bbox 1268 1416 1426 1472; x_wconf 70' lang='grc' dir='ltr'><em>θερμή,</em></span> <span class='ocrx_word' id='word_1_163' title='bbox 1457 1419 1522 1458; x_wconf 81' lang='grc' dir='ltr'><em>καὶ</em></span> <span class='ocrx_word' id='word_1_164' title='bbox 1546 1415 1569 1471; x_wconf 73' lang='grc' dir='ltr'><em>ἦ</em></span> <span class='ocrx_word' id='word_1_165' title='bbox 1590 1417 1684 1457; x_wconf 76' lang='grc' dir='ltr'><em>ἄλο-</em></span> 
     </span>
     <span class='ocr_line' id='line_1_19' title="bbox 264 1481 1697 1539; baseline -0.001 -14"><span class='ocrx_word' id='word_1_166' title='bbox 264 1484 411 1539; x_wconf 66' lang='grc' dir='ltr'><em>γος**).</em></span> <span class='ocrx_word' id='word_1_167' title='bbox 455 1483 520 1523; x_wconf 84' lang='grc' dir='ltr'><em>καὶ</em></span> <span class='ocrx_word' id='word_1_168' title='bbox 549 1481 652 1524; x_wconf 72' lang='grc' dir='ltr'><em>κατὰ</em></span> <span class='ocrx_word' id='word_1_169' title='bbox 680 1481 886 1524; x_wconf 83' lang='grc' dir='ltr'><em>Πλάτωνα</em></span> <span class='ocrx_word' id='word_1_170' title='bbox 914 1482 966 1524; x_wconf 75' lang='grc' dir='ltr'><em>τὰ</em></span> <span class='ocrx_word' id='word_1_171' title='bbox 995 1482 1180 1536; x_wconf 78' lang='grc' dir='ltr'><em>σχήματα</em></span> <span class='ocrx_word' id='word_1_172' title='bbox 1207 1482 1264 1536; x_wconf 86' lang='grc' dir='ltr'><em>μὴ</em></span> <span class='ocrx_word' id='word_1_173' title='bbox 1295 1482 1392 1524; x_wconf 76' lang='grc' dir='ltr'><em>ὄντα</em></span> <span class='ocrx_word' id='word_1_174' title='bbox 1420 1483 1556 1538; x_wconf 77' lang='grc' dir='ltr'><em>θερμὰ</em></span> <span class='ocrx_word' id='word_1_175' title='bbox 1583 1485 1697 1538; x_wconf 75' lang='grc' dir='ltr'><em>θερ-’</em></span> 
     </span>
     <span class='ocr_line' id='line_1_20' title="bbox 264 1546 1685 1605; baseline -0.001 -14"><span class='ocrx_word' id='word_1_176' title='bbox 264 1551 408 1604; x_wconf 86' lang='grc' dir='ltr'><em>μαίνει.</em></span> <span class='ocrx_word' id='word_1_177' title='bbox 456 1546 476 1590; x_wconf 82' lang='grc' dir='ltr'><strong>ὅ</strong></span> <span class='ocrx_word' id='word_1_178' title='bbox 506 1546 581 1602; x_wconf 78' lang='grc' dir='ltr'><em>γὰρ</em></span> <span class='ocrx_word' id='word_1_179' title='bbox 608 1547 788 1590; x_wconf 76' lang='grc' dir='ltr'><em>Πλάτων</em></span> <span class='ocrx_word' id='word_1_180' title='bbox 823 1549 866 1590; x_wconf 76' lang='grc' dir='ltr'><em>ἐν</em></span> <span class='ocrx_word' id='word_1_181' title='bbox 895 1549 1052 1605; x_wconf 80' lang='grc' dir='ltr'><em>Τιμαίῳ</em></span> <span class='ocrx_word' id='word_1_182' title='bbox 1080 1548 1198 1603; x_wconf 77' lang='grc' dir='ltr'><em>λέγει,</em></span> <span class='ocrx_word' id='word_1_183' title='bbox 1239 1547 1301 1590; x_wconf 87' lang='grc' dir='ltr'><em>ὅτι</em></span> <span class='ocrx_word' id='word_1_184' title='bbox 1328 1548 1374 1590; x_wconf 87' lang='grc' dir='ltr'><em>τὸ</em></span> <span class='ocrx_word' id='word_1_185' title='bbox 1406 1553 1485 1604; x_wconf 82' lang='grc' dir='ltr'><em>πῦρ</em></span> <span class='ocrx_word' id='word_1_186' title='bbox 1516 1549 1589 1602; x_wconf 77' lang='grc' dir='ltr'><em>οὐχ</em></span> <span class='ocrx_word' id='word_1_187' title='bbox 1607 1552 1685 1599; x_wconf 61' lang='grc'><em>***)</em></span> 
     </span>
     <span class='ocr_line' id='line_1_21' title="bbox 265 1611 1683 1674; baseline 0 -18"><span class='ocrx_word' id='word_1_188' title='bbox 265 1611 292 1674; x_wconf 80' lang='grc' dir='ltr'><strong><em>ᾗ</em></strong></span> <span class='ocrx_word' id='word_1_189' title='bbox 319 1620 397 1671; x_wconf 86' lang='grc' dir='ltr'><em>πῦρ</em></span> <span class='ocrx_word' id='word_1_190' title='bbox 426 1616 659 1670; x_wconf 77' lang='grc' dir='ltr'><em>θερμαίνει,</em></span> <span class='ocrx_word' id='word_1_191' title='bbox 698 1613 803 1656; x_wconf 79' lang='grc' dir='ltr'><em>ἀλλὰ</em></span> <span class='ocrx_word' id='word_1_192' title='bbox 831 1613 899 1656; x_wconf 73' lang='grc' dir='ltr'><em>διὰ</em></span> <span class='ocrx_word' id='word_1_193' title='bbox 927 1613 978 1656; x_wconf 83' lang='grc' dir='ltr'><em>τὰ</em></span> <span class='ocrx_word' id='word_1_194' title='bbox 1007 1615 1049 1656; x_wconf 76' lang='grc' dir='ltr'><em>ἒν</em></span> <span class='ocrx_word' id='word_1_195' title='bbox 1077 1615 1188 1671; x_wconf 73' lang='grc' dir='ltr'><em>αὐτῷ</em></span> <span class='ocrx_word' id='word_1_196' title='bbox 1217 1615 1405 1668; x_wconf 85' lang='grc' dir='ltr'><em>σχήματα</em></span> <span class='ocrx_word' id='word_1_197' title='bbox 1433 1617 1683 1671; x_wconf 77' lang='grc' dir='ltr'><em>πυραμοειδῆ</em></span> 
     </span>
     <span class='ocr_line' id='line_1_22' title="bbox 265 1676 1684 1737; baseline -0.002 -13"><span class='ocrx_word' id='word_1_198' title='bbox 265 1684 308 1732; x_wconf 75' lang='grc' dir='ltr'><em>ἐξ</em></span> <span class='ocrx_word' id='word_1_199' title='bbox 336 1676 390 1724; x_wconf 82' lang='grc' dir='ltr'><em>ὧν</em></span> <span class='ocrx_word' id='word_1_200' title='bbox 421 1682 487 1722; x_wconf 87' lang='grc' dir='ltr'><em>καὶ</em></span> <span class='ocrx_word' id='word_1_201' title='bbox 518 1680 714 1735; x_wconf 80' lang='grc' dir='ltr'><em>σύγκειται</em></span> <span class='ocrx_word' id='word_1_202' title='bbox 743 1686 891 1723; x_wconf 82' lang='grc' dir='ltr'><em>ταῦτα·</em></span> <span class='ocrx_word' id='word_1_203' title='bbox 921 1681 996 1737; x_wconf 81' lang='grc' dir='ltr'><em>γὰρ</em></span> <span class='ocrx_word' id='word_1_204' title='bbox 1028 1680 1096 1722; x_wconf 78' lang='grc' dir='ltr'><em>διὰ</em></span> <span class='ocrx_word' id='word_1_205' title='bbox 1121 1680 1168 1722; x_wconf 83' lang='grc' dir='ltr'><em>τὸ</em></span> <span class='ocrx_word' id='word_1_206' title='bbox 1199 1682 1254 1729; x_wconf 83' lang='grc' dir='ltr'><em>εἷς</em></span> <span class='ocrx_word' id='word_1_207' title='bbox 1281 1681 1350 1730; x_wconf 78' lang='grc' dir='ltr'><em>ὀξὺ</em></span> <span class='ocrx_word' id='word_1_208' title='bbox 1379 1681 1508 1736; x_wconf 78' lang='grc' dir='ltr'><em>λήγειν</em></span> <span class='ocrx_word' id='word_1_209' title='bbox 1535 1681 1684 1723; x_wconf 75' lang='grc' dir='ltr'><em>εὐδιαί-</em></span> 
     </span>
     <span class='ocr_line' id='line_1_23' title="bbox 266 1747 1683 1806; baseline -0.003 -14"><span class='ocrx_word' id='word_1_210' title='bbox 266 1748 360 1806; x_wconf 86' lang='grc' dir='ltr'><em>ρετά</em></span> <span class='ocrx_word' id='word_1_211' title='bbox 397 1749 491 1790; x_wconf 80' lang='grc' dir='ltr'><em>εἶσι·</em></span> <span class='ocrx_word' id='word_1_212' title='bbox 537 1751 594 1804; x_wconf 76' lang='grc' dir='ltr'><em>τῷ</em></span> <span class='ocrx_word' id='word_1_213' title='bbox 623 1752 718 1803; x_wconf 78' lang='grc' dir='ltr'><em>γοῦν</em></span> <span class='ocrx_word' id='word_1_214' title='bbox 746 1754 871 1789; x_wconf 79' lang='grc' dir='ltr'><em>ποιεῖν</em></span> <span class='ocrx_word' id='word_1_215' title='bbox 908 1747 1077 1802; x_wconf 82' lang='grc' dir='ltr'><em>εὐχερῶς</em></span> <span class='ocrx_word' id='word_1_216' title='bbox 1113 1747 1186 1801; x_wconf 84' lang='grc' dir='ltr'><em>τὴν</em></span> <span class='ocrx_word' id='word_1_217' title='bbox 1225 1749 1415 1803; x_wconf 80' lang='grc' dir='ltr'><em>διαίρεσιν</em></span> <span class='ocrx_word' id='word_1_218' title='bbox 1425 1780 1437 1799; x_wconf 91' lang='grc'><em>,</em></span> <span class='ocrx_word' id='word_1_219' title='bbox 1486 1749 1683 1800; x_wconf 85' lang='grc' dir='ltr'><em>νομίζεται</em></span> 
     </span>
     <span class='ocr_line' id='line_1_24' title="bbox 265 1812 1682 1871; baseline -0.001 -13"><span class='ocrx_word' id='word_1_220' title='bbox 265 1817 407 1858; x_wconf 81' lang='grc' dir='ltr'><em>καίειν·</em></span> <span class='ocrx_word' id='word_1_221' title='bbox 449 1813 550 1856; x_wconf 72' lang='grc' dir='ltr'><em>ὅθεν</em></span> <span class='ocrx_word' id='word_1_222' title='bbox 578 1816 645 1856; x_wconf 85' lang='grc' dir='ltr'><em>καὶ</em></span> <span class='ocrx_word' id='word_1_223' title='bbox 671 1815 744 1868; x_wconf 80' lang='grc' dir='ltr'><em>τὴν</em></span> <span class='ocrx_word' id='word_1_224' title='bbox 773 1813 986 1870; x_wconf 79' lang='grc' dir='ltr'><em>ἀκαλήφην</em></span> <span class='ocrx_word' id='word_1_225' title='bbox 1002 1812 1058 1869; x_wconf 85' lang='lat'><em>†)</em></span> <span class='ocrx_word' id='word_1_226' title='bbox 1088 1813 1156 1854; x_wconf 73' lang='grc' dir='ltr'><em>διὰ</em></span> <span class='ocrx_word' id='word_1_227' title='bbox 1183 1813 1229 1855; x_wconf 80' lang='grc' dir='ltr'><em>τὸ</em></span> <span class='ocrx_word' id='word_1_228' title='bbox 1260 1817 1464 1856; x_wconf 74' lang='grc' dir='ltr'><em>ποιεῖσθαι</em></span> <span class='ocrx_word' id='word_1_229' title='bbox 1493 1816 1682 1871; x_wconf 76' lang='grc' dir='ltr'><em>διαίρεσίν</em></span> 
     </span>
    </p>
   </div>
   <div class='ocr_carea' id='block_1_6' title="bbox 351 1967 1682 2237">
    <p class='ocr_par' dir='ltr' id='par_1_6' title="bbox 351 1967 1682 2237">
     <span class='ocr_line' id='line_1_25' title="bbox 351 1967 1682 2016; baseline -0.001 -12"><span class='ocrx_word' id='word_1_230' title='bbox 351 1970 522 2016; x_wconf 84' lang='lat' dir='ltr'>pateticos</span> <span class='ocrx_word' id='word_1_231' title='bbox 546 1980 566 2003; x_wconf 83' lang='lat' dir='ltr'><strong>a</strong></span> <span class='ocrx_word' id='word_1_232' title='bbox 588 1967 811 2003; x_wconf 86' lang='lat' dir='ltr'>Fabricio</span> <span class='ocrx_word' id='word_1_233' title='bbox 847 1967 957 2011; x_wconf 71' lang='lat' dir='ltr'>(Bibe.</span> <span class='ocrx_word' id='word_1_234' title='bbox 979 1981 1029 2011; x_wconf 81' lang='lat' dir='ltr'><em>gr.</em></span> <span class='ocrx_word' id='word_1_235' title='bbox 1055 1969 1136 2003; x_wconf 92' lang='lat' dir='ltr'>Vol.</span> <span class='ocrx_word' id='word_1_236' title='bbox 1156 1970 1216 2002; x_wconf 87' lang='lat'>111.</span> <span class='ocrx_word' id='word_1_237' title='bbox 1244 1981 1278 2013; x_wconf 90' lang='lat' dir='ltr'><em>p.</em></span> <span class='ocrx_word' id='word_1_238' title='bbox 1300 1968 1364 2004; x_wconf 87' lang='lat'><em>491</em></span> <span class='ocrx_word' id='word_1_239' title='bbox 1398 1969 1456 2006; x_wconf 79' lang='lat' dir='ltr'><em>ed.</em></span> <span class='ocrx_word' id='word_1_240' title='bbox 1482 1971 1682 2011; x_wconf 78' lang='lat' dir='ltr'>Harles)</span> 
     </span>
     <span class='ocr_line' id='line_1_26' title="bbox 353 2023 1680 2070; baseline -0.002 -9"><span class='ocrx_word' id='word_1_241' title='bbox 353 2032 515 2070; x_wconf 82' lang='lat' dir='ltr'>receptus</span> <span class='ocrx_word' id='word_1_242' title='bbox 541 2030 605 2059; x_wconf 80' lang='lat' dir='ltr'>est,</span> <span class='ocrx_word' id='word_1_243' title='bbox 651 2025 753 2058; x_wconf 80' lang='lat' dir='ltr'>Unde</span> <span class='ocrx_word' id='word_1_244' title='bbox 781 2025 969 2057; x_wconf 83' lang='lat' dir='ltr'>concludas</span> <span class='ocrx_word' id='word_1_245' title='bbox 1005 2023 1113 2067; x_wconf 84' lang='lat' dir='ltr'>ipsius</span> <span class='ocrx_word' id='word_1_246' title='bbox 1148 2023 1397 2058; x_wconf 87' lang='lat' dir='ltr'><strong>Stratonis</strong></span> <span class='ocrx_word' id='word_1_247' title='bbox 1436 2025 1572 2070; x_wconf 86' lang='lat' dir='ltr'><strong>physici</strong></span> <span class='ocrx_word' id='word_1_248' title='bbox 1601 2037 1680 2059; x_wconf 86' lang='lat' dir='ltr'><em>eum</em></span> 
     </span>
     <span class='ocr_line' id='line_1_27' title="bbox 354 2079 1681 2125; baseline -0.002 -8"><span class='ocrx_word' id='word_1_249' title='bbox 354 2083 463 2117; x_wconf 81' lang='lat' dir='ltr'>fuisse</span> <span class='ocrx_word' id='word_1_250' title='bbox 488 2081 716 2125; x_wconf 84' lang='lat' dir='ltr'>discipulum,</span> <span class='ocrx_word' id='word_1_251' title='bbox 735 2097 737 2099; x_wconf 97' lang='lat'>·</span> <span class='ocrx_word' id='word_1_252' title='bbox 755 2090 823 2114; x_wconf 86' lang='lat' dir='ltr'><em>nec</em></span> <span class='ocrx_word' id='word_1_253' title='bbox 850 2079 977 2113; x_wconf 88' lang='lat' dir='ltr'>mirum</span> <span class='ocrx_word' id='word_1_254' title='bbox 1005 2079 1142 2122; x_wconf 79' lang='lat' dir='ltr'>videri,</span> <span class='ocrx_word' id='word_1_255' title='bbox 1183 2079 1213 2113; x_wconf 89' lang='lat' dir='ltr'><em>si</em></span> <span class='ocrx_word' id='word_1_256' title='bbox 1238 2081 1298 2113; x_wconf 84' lang='lat' dir='ltr'><em>vel</em></span> <span class='ocrx_word' id='word_1_257' title='bbox 1323 2079 1400 2123; x_wconf 86' lang='lat' dir='ltr'>ipse</span> <span class='ocrx_word' id='word_1_258' title='bbox 1423 2081 1569 2125; x_wconf 78' lang='lat' dir='ltr'>physica</span> <span class='ocrx_word' id='word_1_259' title='bbox 1593 2093 1681 2114; x_wconf 87' lang='lat' dir='ltr'>non-</span> 
     </span>
     <span class='ocr_line' id='line_1_28' title="bbox 351 2135 1680 2181; baseline -0.002 -9"><span class='ocrx_word' id='word_1_260' title='bbox 351 2141 448 2173; x_wconf 85' lang='lat' dir='ltr'>nulla</span> <span class='ocrx_word' id='word_1_261' title='bbox 474 2137 603 2181; x_wconf 82' lang='lat' dir='ltr'>scripta</span> <span class='ocrx_word' id='word_1_262' title='bbox 629 2135 885 2179; x_wconf 85' lang='lat' dir='ltr'>composuerit,</span> <span class='ocrx_word' id='word_1_263' title='bbox 925 2137 967 2168; x_wconf 80' lang='lat' dir='ltr'><em>ad</em></span> <span class='ocrx_word' id='word_1_264' title='bbox 995 2146 1086 2179; x_wconf 81' lang='lat' dir='ltr'>quae</span> <span class='ocrx_word' id='word_1_265' title='bbox 1116 2136 1152 2171; x_wconf 88' lang='lat' dir='ltr'><em>h.</em></span> <span class='ocrx_word' id='word_1_266' title='bbox 1178 2136 1202 2169; x_wconf 90' lang='lat'><em>1.</em></span> <span class='ocrx_word' id='word_1_267' title='bbox 1237 2141 1454 2179; x_wconf 82' lang='lat' dir='ltr'>provocetur</span> <span class='ocrx_word' id='word_1_268' title='bbox 1463 2136 1476 2179; x_wconf 71' lang='lat'><em>³,</em></span> <span class='ocrx_word' id='word_1_269' title='bbox 1521 2137 1680 2180; x_wconf 78' lang='lat' dir='ltr'>quamvis</span> 
     </span>
     <span class='ocr_line' id='line_1_29' title="bbox 354 2190 1433 2237; baseline -0.004 -9"><span class='ocrx_word' id='word_1_270' title='bbox 354 2194 458 2237; x_wconf 88' lang='lat' dir='ltr'>nihil,</span> <span class='ocrx_word' id='word_1_271' title='bbox 486 2199 526 2227; x_wconf 88' lang='lat' dir='ltr'><em>ut</em></span> <span class='ocrx_word' id='word_1_272' title='bbox 549 2192 623 2226; x_wconf 87' lang='lat' dir='ltr'>dixi</span> <span class='ocrx_word' id='word_1_273' title='bbox 645 2197 740 2226; x_wconf 86' lang='lat' dir='ltr'>certe</span> <span class='ocrx_word' id='word_1_274' title='bbox 763 2202 804 2225; x_wconf 89' lang='lat' dir='ltr'><em>ea</em></span> <span class='ocrx_word' id='word_1_275' title='bbox 827 2192 871 2225; x_wconf 91' lang='lat' dir='ltr'><em>de</em></span> <span class='ocrx_word' id='word_1_276' title='bbox 897 2202 936 2225; x_wconf 89' lang='lat' dir='ltr'><em>re</em></span> <span class='ocrx_word' id='word_1_277' title='bbox 961 2191 1100 2225; x_wconf 77' lang='lat' dir='ltr'>aliunde</span> <span class='ocrx_word' id='word_1_278' title='bbox 1123 2190 1208 2224; x_wconf 82' lang='lat' dir='ltr'>mihi</span> <span class='ocrx_word' id='word_1_279' title='bbox 1230 2191 1433 2225; x_wconf 83' lang='lat' dir='ltr'>innotuerit.</span> 
     </span>
    </p>
   </div>
   <div class='ocr_carea' id='block_1_7' title="bbox 309 2263 1678 2516">
    <p class='ocr_par' dir='ltr' id='par_1_7' title="bbox 311 2263 1479 2315">
     <span class='ocr_line' id='line_1_30' title="bbox 311 2263 1479 2315; baseline -0.004 -9"><span class='ocrx_word' id='word_1_280' title='bbox 311 2270 344 2314; x_wconf 86' lang='lat'><em>*)</em></span> <span class='ocrx_word' id='word_1_281' title='bbox 369 2273 426 2307; x_wconf 89' lang='lat' dir='ltr'><em>Sc.</em></span> <span class='ocrx_word' id='word_1_282' title='bbox 448 2268 586 2315; x_wconf 75' lang='grc' dir='ltr'><em>πράξει.</em></span> <span class='ocrx_word' id='word_1_283' title='bbox 631 2269 758 2314; x_wconf 87' lang='lat' dir='ltr'>Incipit</span> <span class='ocrx_word' id='word_1_284' title='bbox 784 2269 876 2303; x_wconf 90' lang='lat' dir='ltr'>enim</span> <span class='ocrx_word' id='word_1_285' title='bbox 899 2270 965 2303; x_wconf 87' lang='lat' dir='ltr'><em>hac</em></span> <span class='ocrx_word' id='word_1_286' title='bbox 994 2268 1216 2302; x_wconf 73' lang='lat' dir='ltr'>adnotatione</span> <span class='ocrx_word' id='word_1_287' title='bbox 1248 2265 1365 2313; x_wconf 76' lang='grc' dir='ltr'><em>Πρᾶξ,</em></span> <span class='ocrx_word' id='word_1_288' title='bbox 1393 2263 1441 2301; x_wconf 79' lang='grc' dir='ltr'><em>δ’.</em></span> <span class='ocrx_word' id='word_1_289' title='bbox 1478 2277 1479 2281; x_wconf 75' lang='grc'>’</span> 
     </span>
    </p>

    <p class='ocr_par' dir='ltr' id='par_1_8' title="bbox 311 2333 1205 2385">
     <span class='ocr_line' id='line_1_31' title="bbox 311 2333 1205 2385; baseline -0.004 -12"><span class='ocrx_word' id='word_1_290' title='bbox 311 2340 368 2383; x_wconf 73' lang='lat'><em>**)</em></span> <span class='ocrx_word' id='word_1_291' title='bbox 394 2339 488 2385; x_wconf 84' lang='lat' dir='ltr'>Quid</span> <span class='ocrx_word' id='word_1_292' title='bbox 510 2338 555 2372; x_wconf 89' lang='lat' dir='ltr'><em>sit</em></span> <span class='ocrx_word' id='word_1_293' title='bbox 577 2333 602 2380; x_wconf 81' lang='grc' dir='ltr'><em>ἦ</em></span> <span class='ocrx_word' id='word_1_294' title='bbox 621 2333 748 2381; x_wconf 54' lang='lat' dir='ltr'><em>&amp;loyce</em></span> <span class='ocrx_word' id='word_1_295' title='bbox 769 2336 905 2379; x_wconf 69' lang='grc' dir='ltr'><em>κίνησις</em></span> <span class='ocrx_word' id='word_1_296' title='bbox 929 2346 1001 2368; x_wconf 90' lang='lat' dir='ltr'><em>non</em></span> <span class='ocrx_word' id='word_1_297' title='bbox 1023 2336 1205 2379; x_wconf 84' lang='lat' dir='ltr'>adsequor.</span> 
     </span>
    </p>

    <p class='ocr_par' dir='ltr' id='par_1_9' title="bbox 310 2401 1536 2449">
     <span class='ocr_line' id='line_1_32' title="bbox 310 2401 1536 2449; baseline -0.005 -10"><span class='ocrx_word' id='word_1_298' title='bbox 310 2403 384 2449; x_wconf 80' lang='lat'><strong>***)</strong></span> <span class='ocrx_word' id='word_1_299' title='bbox 411 2402 507 2448; x_wconf 76' lang='grc' dir='ltr'><em>Οὗχ,</em></span> <span class='ocrx_word' id='word_1_300' title='bbox 533 2404 628 2448; x_wconf 81' lang='lat' dir='ltr'>quod</span> <span class='ocrx_word' id='word_1_301' title='bbox 650 2402 843 2437; x_wconf 80' lang='lat' dir='ltr'>sententiae</span> <span class='ocrx_word' id='word_1_302' title='bbox 870 2413 984 2436; x_wconf 80' lang='lat' dir='ltr'>nexus</span> <span class='ocrx_word' id='word_1_303' title='bbox 1008 2402 1196 2448; x_wconf 82' lang='lat' dir='ltr'>efflagitat,</span> <span class='ocrx_word' id='word_1_304' title='bbox 1230 2404 1274 2435; x_wconf 81' lang='lat' dir='ltr'><em>de</em></span> <span class='ocrx_word' id='word_1_305' title='bbox 1300 2412 1380 2435; x_wconf 85' lang='lat' dir='ltr'><em>meo</em></span> <span class='ocrx_word' id='word_1_306' title='bbox 1407 2401 1536 2434; x_wconf 83' lang='lat' dir='ltr'>addidi.</span> 
     </span>
    </p>

    <p class='ocr_par' dir='ltr' id='par_1_10' title="bbox 309 2467 1678 2516">
     <span class='ocr_line' id='line_1_33' title="bbox 309 2467 1678 2516; baseline -0.005 -12"><span class='ocrx_word' id='word_1_307' title='bbox 309 2471 350 2516; x_wconf 81' lang='lat'><em>†)</em></span> <span class='ocrx_word' id='word_1_308' title='bbox 377 2467 588 2515; x_wconf 78' lang='grc' dir='ltr'><em>Ἀκαλῆφην</em></span> <span class='ocrx_word' id='word_1_309' title='bbox 611 2472 789 2503; x_wconf 78' lang='lat' dir='ltr'>urticarum</span> <span class='ocrx_word' id='word_1_310' title='bbox 816 2480 926 2516; x_wconf 87' lang='lat' dir='ltr'>genus</span> <span class='ocrx_word' id='word_1_311' title='bbox 948 2469 1160 2515; x_wconf 80' lang='lat' dir='ltr'>significasse</span> <span class='ocrx_word' id='word_1_312' title='bbox 1181 2475 1315 2503; x_wconf 80' lang='lat' dir='ltr'>certum</span> <span class='ocrx_word' id='word_1_313' title='bbox 1336 2473 1403 2510; x_wconf 84' lang='lat' dir='ltr'>est,</span> <span class='ocrx_word' id='word_1_314' title='bbox 1421 2477 1491 2511; x_wconf 80' lang='lat' dir='ltr'><em>quo</em></span> <span class='ocrx_word' id='word_1_315' title='bbox 1504 2472 1678 2509; x_wconf 75' lang='lat' dir='ltr'>tamquam</span> 
     </span>
    </p>
   </div>
   <div class='ocr_carea' id='block_1_8' title="bbox 353 2522 1678 2791">
    <p class='ocr_par' dir='ltr' id='par_1_11' title="bbox 353 2522 1678 2791">
     <span class='ocr_line' id='line_1_34' title="bbox 357 2522 1678 2569; baseline -0.005 -8"><span class='ocrx_word' id='word_1_316' title='bbox 357 2529 454 2561; x_wconf 86' lang='lat' dir='ltr'>olere</span> <span class='ocrx_word' id='word_1_317' title='bbox 476 2527 710 2560; x_wconf 82' lang='lat' dir='ltr'>vescebantur</span> <span class='ocrx_word' id='word_1_318' title='bbox 736 2525 873 2559; x_wconf 85' lang='lat' dir='ltr'>Graeci.</span> <span class='ocrx_word' id='word_1_319' title='bbox 919 2527 1145 2569; x_wconf 82' lang='lat' dir='ltr'>Theophr.</span> <span class='ocrx_word' id='word_1_320' title='bbox 1183 2528 1308 2558; x_wconf 75' lang='lat' dir='ltr'>Hister.</span> <span class='ocrx_word' id='word_1_321' title='bbox 1335 2527 1436 2566; x_wconf 79' lang='lat' dir='ltr'><em>plant.</em></span> <span class='ocrx_word' id='word_1_322' title='bbox 1468 2522 1559 2562; x_wconf 89' lang='lat' dir='ltr'>VII,</span> <span class='ocrx_word' id='word_1_323' title='bbox 1591 2525 1633 2564; x_wconf 87' lang='lat'><em>7,</em></span> <span class='ocrx_word' id='word_1_324' title='bbox 1657 2525 1678 2554; x_wconf 84' lang='lat'>2</span> 
     </span>
     <span class='ocr_line' id='line_1_35' title="bbox 353 2577 1676 2626; baseline -0.006 -9"><span class='ocrx_word' id='word_1_325' title='bbox 353 2584 438 2626; x_wconf 81' lang='lat' dir='ltr'>ibiq,</span> <span class='ocrx_word' id='word_1_326' title='bbox 464 2582 658 2616; x_wconf 84' lang='lat' dir='ltr'>Schneider</span> <span class='ocrx_word' id='word_1_327' title='bbox 685 2583 787 2618; x_wconf 84' lang='lat' dir='ltr'>Tom.</span> <span class='ocrx_word' id='word_1_328' title='bbox 813 2583 876 2614; x_wconf 88' lang='lat'>111.</span> <span class='ocrx_word' id='word_1_329' title='bbox 905 2591 938 2624; x_wconf 87' lang='lat' dir='ltr'><em>p.</em></span> <span class='ocrx_word' id='word_1_330' title='bbox 963 2582 1041 2616; x_wconf 85' lang='lat'><strong>597.</strong></span> <span class='ocrx_word' id='word_1_331' title='bbox 1089 2581 1158 2614; x_wconf 85' lang='lat' dir='ltr'><em>Sed</em></span> <span class='ocrx_word' id='word_1_332' title='bbox 1178 2586 1262 2624; x_wconf 69' lang='lat' dir='ltr'>puto</span> <span class='ocrx_word' id='word_1_333' title='bbox 1285 2579 1327 2611; x_wconf 80' lang='lat' dir='ltr'><em>ab</em></span> <span class='ocrx_word' id='word_1_334' title='bbox 1352 2577 1676 2620; x_wconf 87' lang='lat' dir='ltr'>Olympiodoro</span> 
     </span>
     <span class='ocr_line' id='line_1_36' title="bbox 355 2634 1675 2680; baseline -0.004 -9"><span class='ocrx_word' id='word_1_335' title='bbox 355 2639 570 2672; x_wconf 63' lang='lat' dir='ltr'>intellectum</span> <span class='ocrx_word' id='word_1_336' title='bbox 595 2649 672 2670; x_wconf 87' lang='lat' dir='ltr'>esse</span> <span class='ocrx_word' id='word_1_337' title='bbox 697 2641 834 2670; x_wconf 71' lang='lat' dir='ltr'>urticam</span> <span class='ocrx_word' id='word_1_338' title='bbox 858 2639 1015 2669; x_wconf 84' lang='lat' dir='ltr'>marinam</span> <span class='ocrx_word' id='word_1_339' title='bbox 1034 2637 1077 2670; x_wconf 89' lang='lat' dir='ltr'><em>de</em></span> <span class='ocrx_word' id='word_1_340' title='bbox 1097 2648 1164 2680; x_wconf 88' lang='lat' dir='ltr'><em>qua</em></span> <span class='ocrx_word' id='word_1_341' title='bbox 1186 2634 1374 2669; x_wconf 84' lang='lat' dir='ltr'>Aristot.</span> <span class='ocrx_word' id='word_1_342' title='bbox 1400 2636 1525 2665; x_wconf 77' lang='lat' dir='ltr'>Hister.</span> <span class='ocrx_word' id='word_1_343' title='bbox 1544 2635 1675 2666; x_wconf 82' lang='lat' dir='ltr'>animal.</span> 
     </span>
     <span class='ocr_line' id='line_1_37' title="bbox 356 2688 1677 2739; baseline -0.005 -13"><span class='ocrx_word' id='word_1_344' title='bbox 356 2696 394 2736; x_wconf 84' lang='grc' dir='ltr'><em>Ι,</em></span> <span class='ocrx_word' id='word_1_345' title='bbox 422 2697 463 2736; x_wconf 87' lang='grc'><em>1,</em></span> <span class='ocrx_word' id='word_1_346' title='bbox 488 2695 509 2726; x_wconf 87' lang='grc'><strong>6</strong></span> <span class='ocrx_word' id='word_1_347' title='bbox 542 2699 575 2739; x_wconf 75' lang='lat' dir='ltr'><em>et</em></span> <span class='ocrx_word' id='word_1_348' title='bbox 602 2693 706 2734; x_wconf 79' lang='lat' dir='ltr'>alibi3</span> <span class='ocrx_word' id='word_1_349' title='bbox 741 2695 960 2726; x_wconf 80' lang='lat' dir='ltr'><em>Medusarum</em></span> <span class='ocrx_word' id='word_1_350' title='bbox 983 2702 1114 2737; x_wconf 81' lang='lat' dir='ltr'>genus,</span> <span class='ocrx_word' id='word_1_351' title='bbox 1144 2702 1184 2724; x_wconf 83' lang='lat' dir='ltr'><em>ea</em></span> <span class='ocrx_word' id='word_1_352' title='bbox 1209 2691 1372 2723; x_wconf 69' lang='lat' dir='ltr'>facultate</span> <span class='ocrx_word' id='word_1_353' title='bbox 1397 2688 1608 2731; x_wconf 75' lang='lat' dir='ltr'>praeditum,</span> <span class='ocrx_word' id='word_1_354' title='bbox 1641 2695 1677 2721; x_wconf 84' lang='lat' dir='ltr'><em>ut</em></span> 
     </span>
     <span class='ocr_line' id='line_1_38' title="bbox 355 2744 1675 2791; baseline -0.004 -10"><span class='ocrx_word' id='word_1_355' title='bbox 355 2760 477 2782; x_wconf 86' lang='lat' dir='ltr'>manus</span> <span class='ocrx_word' id='word_1_356' title='bbox 509 2748 764 2791; x_wconf 80' lang='lat' dir='ltr'>capescentium</span> <span class='ocrx_word' id='word_1_357' title='bbox 802 2748 990 2781; x_wconf 78' lang='lat' dir='ltr'>inflammet</span> <span class='ocrx_word' id='word_1_358' title='bbox 1026 2753 1060 2780; x_wconf 89' lang='lat' dir='ltr'><em>et</em></span> <span class='ocrx_word' id='word_1_359' title='bbox 1091 2751 1177 2779; x_wconf 80' lang='lat' dir='ltr'>urat.</span> <span class='ocrx_word' id='word_1_360' title='bbox 1266 2744 1370 2786; x_wconf 75' lang='lat' dir='ltr'>(cfr.</span> <span class='ocrx_word' id='word_1_361' title='bbox 1413 2744 1556 2777; x_wconf 90' lang='lat' dir='ltr'>omnino</span> <span class='ocrx_word' id='word_1_362' title='bbox 1595 2746 1675 2776; x_wconf 83' lang='lat' dir='ltr'><em>Th.</em></span> 
     </span>
    </p>
   </div>
   <div class='ocr_carea' id='block_1_9' title="bbox 357 2799 1676 2845">
    <p class='ocr_par' dir='ltr' id='par_1_12' title="bbox 357 2799 1676 2845">
     <span class='ocr_line' id='line_1_39' title="bbox 357 2799 1676 2845; baseline -0.005 -8"><span class='ocrx_word' id='word_1_363' title='bbox 357 2803 553 2837; x_wconf 83' lang='lat' dir='ltr'>Schmid.</span> <span class='ocrx_word' id='word_1_364' title='bbox 580 2805 623 2836; x_wconf 76' lang='lat' dir='ltr'><em>ad</em></span> <span class='ocrx_word' id='word_1_365' title='bbox 647 2805 753 2837; x_wconf 85' lang='lat' dir='ltr'>Hor.</span> <span class='ocrx_word' id='word_1_366' title='bbox 780 2807 882 2845; x_wconf 75' lang='lat' dir='ltr'>Epist.</span> <span class='ocrx_word' id='word_1_367' title='bbox 908 2805 934 2842; x_wconf 81' lang='lat' dir='ltr'><em>l,</em></span> <span class='ocrx_word' id='word_1_368' title='bbox 961 2805 1013 2844; x_wconf 81' lang='lat'><em>12,</em></span> <span class='ocrx_word' id='word_1_369' title='bbox 1026 2804 1059 2836; x_wconf 86' lang='lat'><em>8.</em></span> <span class='ocrx_word' id='word_1_370' title='bbox 1084 2803 1184 2834; x_wconf 86' lang='lat' dir='ltr'>Tom.</span> <span class='ocrx_word' id='word_1_371' title='bbox 1202 2802 1226 2833; x_wconf 83' lang='lat'><em>1.</em></span> <span class='ocrx_word' id='word_1_372' title='bbox 1252 2811 1285 2843; x_wconf 88' lang='lat' dir='ltr'><em>p.</em></span> <span class='ocrx_word' id='word_1_373' title='bbox 1303 2800 1393 2840; x_wconf 75' lang='lat'>262).</span> <span class='ocrx_word' id='word_1_374' title='bbox 1442 2801 1561 2845; x_wconf 75' lang='lat' dir='ltr'>Longe</span> <span class='ocrx_word' id='word_1_375' title='bbox 1586 2799 1676 2832; x_wconf 86' lang='lat' dir='ltr'>enim</span> 
     </span>
    </p>
   </div>
  </div>
 </body>
</html>
