1774 3198
421 378 642 420 LIBRUM
669 373 996 416 SFCUNDUM.
1052 373 1168 414 CAP.
1188 373 1264 412 111.
1323 394 1329 401 ⁷
1455 362 1549 406 537

116 508 150 535 c.
171 494 210 532 4.
242 507 284 545 Ρ.
307 494 391 532 440
400 521 415 540 ,
437 507 483 542 a,
534 492 792 542 eiusdemque
824 491 1092 540 fragmentum
1124 486 1232 539 apud
1270 485 1550 525 stobaeum

116 562 260 613 Eelog.
275 562 398 614 phys.
418 562 449 610 Ι,
472 560 540 599 42.
567 573 609 612 Ρ.
631 563 711 598 636
729 572 825 611 sqq-⁷
853 559 1056 596 Heeren
1081 556 1305 607 suspicatur
1325 553 1552 593 desumtum
1592 558 1595 560 ’

114 629 158 667 id
177 642 261 667 esse
279 642 302 667 a
324 629 551 667 Stobaeo
585 641 638 666 ex
655 627 771 666 libris
791 626 946 675 tribus,
975 637 1073 676 quos
1096 623 1323 674 Stagiritam
1358 621 1417 660 de
1446 621 1553 661 e'le-

115 698 302 735 mentis
343 696 621 748 conscripsisse
643 695 773 733 refert
809 694 1073 744 Diogenes
1110 689 1364 730 Laertius
1401 691 1461 740 V,
1482 692 1550 730 23.

114 778 158 816 p.
179 766 274 803 281.
335 764 494 815 Quibus
514 764 564 802 de
585 763 718 812 libris,
750 762 847 814 quid
868 762 925 809 sit,
939 759 1203 809 censendum,
1233 764 1344 810 patet
1369 772 1422 797 ex
1451 759 1554 798 Ga-

114 832 235 870 leno
273 831 324 869 de
356 832 540 870 element.
577 830 742 868 secund.
769 827 1028 880 Hippocrat.
1055 830 1099 877 Ι,
1132 831 1170 867 9.
1210 828 1326 865 Tom.
1347 827 1379 865 Ι.
1407 839 1449 878 p.
1470 825 1553 865 487

117 898 180 936 ed.
209 885 380 937 Kiihn'
405 897 501 950 (HI.
530 912 572 950 p.
594 898 664 937 24.
696 897 761 936 ed.
795 894 1116 947 Charterii):
1153 891 1419 948 Ἀριστοτέλει
1448 890 1488 933 δ’
1512 890 1554 933 ἕν

115 980 157 1005 τε
175 970 263 1012 τοῖς
280 965 370 1016 περὶ
402 963 577 1019 οὐρανοῦ
606 964 672 1005 καὶ
703 968 790 1011 τοΐς
817 963 907 1018 περὶ
934 960 1120 1017 γενέσεως
1148 961 1214 1002 καὶ
1232 963 1401 1016 φθορᾶς
1423 957 1444 1000 ὃ
1462 959 1555 1015 περὶ

114 1035 197 1073 τῶν
228 1032 436 1085 στοιχείων
462 1030 580 1086 λόγος
607 1031 874 1087 ἐξείργασται,
914 1028 1048 1085 ὥσπερ
1079 1029 1121 1070 ἓν
1148 1034 1234 1076 τοῖς
1262 1028 1353 1083 περὶ
1380 1030 1454 1081 τῆς
1483 1026 1554 1069 οὗ-

93 1099 208 1151 -σίας
237 1097 370 1153 λόγοις
398 1100 656 1156 Χρυσίππῳ·
702 1096 795 1139 ἀλλ’
833 1096 929 1138 οὐδὲ
962 1094 1120 1139 τούτων
1150 1095 1362 1150 οὐδέτερος
1390 1093 1555 1150 ἐπιγρά-

115 1182 181 1222 φει
210 1165 261 1207 τὰ
287 1168 430 1220 βιβλία
460 1168 550 1223 περὶ
579 1165 799 1218 στοιχείων.
860 1167 953 1217 Quo
988 1167 1079 1206 loco
1115 1166 1298 1205 nondum
1336 1177 1428 1202 usos
1469 1177 1554 1202 esse

113 1238 243 1276 miror
267 1238 380 1276 viros
403 1237 542 1275 doctos
561 1237 605 1274 in
623 1235 855 1287 quaestione
871 1233 948 1273 hac
972 1233 1243 1273 diiudicanda.
1302 1233 1405 1271 Cum
1429 1232 1554 1283 igitur

113 1304 429 1344 Aristoteles
459 1303 509 1342 de
525 1318 649 1342 sensu
667 1317 703 1342 c.
724 1302 763 1342 4.
792 1316 832 1354 p.
852 1302 948 1350 444,
965 1303 1016 1340 b:
1048 1298 1182 1355 ὥσπερ
1209 1297 1365 1354 εἴρηται
1395 1297 1437 1338 ἒν
1466 1302 1553 1344 τοῖς

112 1369 204 1423 περὶ
233 1369 441 1422 στοιχείων
471 1371 596 1418 dicat,
626 1384 706 1423 quo
726 1384 777 1408 ex
797 1371 887 1408 loco
914 1370 1166 1409 Heerenii
1203 1369 1368 1407 fluxisse
1387 1367 1554 1405 videtur

110 1439 338 1478 coniectura
363 1440 414 1478 de
432 1439 541 1478 illius
565 1438 778 1491 fragmenti
806 1437 1007 1489 probabili
1030 1437 1206 1489 origine,
1238 1450 1324 1475 non
1342 1449 1384 1473 se
1402 1434 1553 1472 librum

111 1507 162 1545 de
183 1508 392 1547 elementis
415 1508 686 1558 composuisse
713 1506 863 1554 innuit,
894 1505 965 1543 sed
981 1505 1031 1543 ad
1049 1504 1120 1543 illa
1143 1505 1326 1556 rQicit,
1354 1516 1456 1554 quae
1479 1515 1554 1540 ex-

109 1581 319 1626 ponuntur
339 1576 388 1613 de
402 1581 596 1626 generat.
617 1581 658 1611 et
681 1580 866 1626 corrupt.
887 1574 940 1622 II,
961 1576 1099 1612 2—3.
1157 1572 1313 1610 Eodem
1334 1570 1459 1610 mode
1477 1570 1554 1608 do-

112 1643 195 1680 cuit
222 1643 362 1680 Petit
397 1642 619 1680 Observat.
639 1640 879 1679 Miscellan.
902 1641 977 1688 IV,
1001 1644 1024 1679 9
1045 1640 1192 1679 librum
1210 1637 1301 1693 περὶ
1319 1639 1402 1678 τῶν
1421 1649 1553 1677 ποσα-

107 1710 194 1759 χῶς
223 1706 469 1761 λεγομένων,
499 1709 617 1747 toties
634 1708 677 1746 in
698 1707 895 1758 Metaplz.
915 1708 965 1747 ab
987 1709 1075 1760 ipso
1101 1708 1260 1747 Arist.
1284 1713 1325 1746 et
1352 1720 1374 1745 a
1402 1706 1553 1758 Diog.

111 1778 162 1825 V,
188 1781 254 1815 23.
294 1791 334 1828 p.
354 1778 442 1816 ·281
486 1776 713 1825 laudatum,
760 1777 918 1815 nullum
957 1790 1041 1815 esse
1077 1776 1220 1825 alium,
1258 1776 1336 1814 nisi
1368 1776 1554 1826 quintum

110 1844 516 1894 Metaphysieorum.
545 1844 626 1882 Sed
649 1844 675 1882 d
753 1844 940 1895 ategoriis
961 1845 1104 1884 melius
1122 1846 1415 1896 interpretatur
1438 1844 1554 1882 Rit-

109 1916 189 1948 ter
221 1910 366 1950 Geseh.
388 1911 461 1950 der
479 1912 638 1950 Philos-
742 1915 835 1953 .ΠΙ.
865 1926 907 1964 Ρ.
923 1917 990 1952 25.
1018 1913 1098 1952 not.
1113 1917 1151 1952 2.
1206 1912 1404 1960 Librum,
1431 1923 1552 1962 quem

108 1977 245 2016 laudat
272 1978 490 2029 Diogen.
520 1978 692 2019 Laiirt.
721 1981 777 2029 V,
798 1983 875 2019 22:
905 1979 996 2034 περὶ
1024 1982 1097 2020 τοῦ
1127 1977 1294 2030 πάσχειν
1323 1975 1349 2030 ἢ
1378 1979 1453 2017 τοῦ
1482 1991 1553 2017 πε-

109 2042 307 2084 πονθέναι
338 2046 473 2086 docuit
499 2048 705 2086 Ionsius
736 2047 1042 2100 inscriptionem
1078 2055 1237 2087 nactum
1271 2060 1356 2085 esse
1382 2060 1434 2084 ex
1460 2047 1552 2085 loco

111 2112 161 2150 de
183 2121 376 2164 generat.
407 2115 581 2154 animal.
606 2116 677 2163 IV,
701 2118 736 2153 3.
769 2129 808 2167 p.
831 2119 928 2165 768,
946 2117 995 2154 b:
1036 2113 1190 2168 εἴρηται
1221 2112 1266 2153 δὲ
1295 2112 1388 2165 περὶ
1419 2109 1553 2152 αὐτῶν

110 2177 154 2218 ἐν
181 2184 268 2226 τοῖς
295 2179 383 2232 περὶ
411 2183 485 2220 τοῦ
515 2177 682 2232 πάσχειν
712 2181 1010 2235 διωρισμένως,
1041 2182 1083 2221 ἐν
1112 2182 1245 2228 ποίοις
1270 2176 1440 2232 ὑπάρχει
1470 2182 1552 2219 τῶν

110 2243 241 2287 ὄντων
266 2245 313 2287 τὸ
343 2251 469 2286 ποιεῖν
499 2244 523 2298 ἢ
552 2245 599 2287 τὸ
631 2246 822 2299 πάσχειν,
866 2251 937 2288 ubi
966 2257 1101 2288 tamen
1126 2250 1289 2300 respicit
1315 2254 1472 2286 tantum
1501 2248 1553 2286 ad

111 2315 375 2366 degenerat.
401 2324 441 2352 et
468 2323 653 2365 corrupt.
684 2319 703 2356 I
713 2346 726 2364 ,
760 2321 797 2354 6.
857 2318 999 2368 Neque
1027 2318 1267 2368 singularem
1296 2314 1387 2367 περὶ
1417 2313 1554 2369 φιλίας

111 2382 314 2433 scripsisse
341 2382 504 2421 videtur
533 2383 885 2435 Aristoteles,
917 2385 1026 2436 quod
1056 2386 1147 2423 vult
1176 2385 1441 2435 Diogenes
1471 2385 1501 2422 l.
1524 2383 1551 2421 l.

111 2463 202 2488 cum
221 2463 308 2487 rem
329 2450 419 2488 fuse
440 2449 578 2488 Ethie.
602 2451 772 2490 Nicom.
791 2438 903 2490 libris
922 2459 1066 2493 octavo
1085 2458 1126 2490 et
1147 2464 1258 2490 nono
1289 2451 1380 2501 (cfr.
1396 2452 1551 2501 Magn.

111 2517 268 2555 MoraL
286 2519 337 2562 Π,
362 2520 409 2554 11
436 2530 563 2567 usque
581 2518 632 2555 ad
649 2518 719 2557 fin.
743 2520 913 2558 Eadem.
932 2522 1030 2568 VII,
1055 2522 1204 2558 1—15.
1234 2519 1410 2556 Rhetor.
1434 2520 1485 2564 II,
1508 2517 1550 2570 4)

109 2584 356 2622 tractaverit.
429 2585 562 2622 Etiam
593 2586 742 2624 librum
781 2586 872 2638 περὶ
907 2582 1171 2640 εὑρημάτων,
1215 2586 1551 2639 quemadmodum

110 2652 234 2702 vulgo
262 2651 396 2689 dicere
419 2652 574 2698 solent,
605 2666 687 2691 non
719 2656 957 2706 conscripsit
985 2654 1262 2706 philosophuS.
1321 2656 1387 2693 Ex
1416 2654 1553 2693 verbis

111 2719 220 2756 enim
253 2719 541 2758 Clementis
570 2721 931 2761 Alexandrini
963 2723 1165 2761 Str-emat.
1186 2725 1219 2762 Ι.
1250 2736 1290 2774 Ρ.
1317 2724 1421 2772 225,
1452 2735 1552 2774 quae

112 2787 154 2822 in
173 2799 283 2824 suam
303 2801 391 2825 rem
412 2789 636 2835 convertit,
665 2789 737 2827 etsi
755 2789 962 2840 insigniter
985 2790 1170 2829 mutilata
1189 2796 1229 2828 et
1249 2796 1426 2828 truncata
1456 2791 1489 2828 E
1502 2803 1553 2829 u.-

113 2853 282 2891 sebius
310 2855 570 2905 Praeparat.
598 2858 803 2908 Evangel.
826 2859 884 2908 X,
908 2862 944 2898 6.
978 2872 1020 2910 Ρ.
1044 2857 1141 2908 476,
1163 2859 1215 2898 C:
1246 2843 1455 2909 Σκὰμμων
1476 2855 1553 2908 μὲν
