1820 3158
167 382 571 426 —·-p-.351,b.13e1=k.—
626 384 1054 425 Llss,1,CAp,X1v‚
1121 382 1493 427 -p.337‚c.Cas.-
1542 380 1600 423 55

163 494 365 550 γινόμενα,
398 496 464 537 καὶ
483 494 682 551 πρότερον
711 494 820 537 ὅλων
850 499 932 538 τῶν
962 495 1097 538 ε’θνῶν
1127 495 1318 540 ἀπώλειαι
1337 498 1513 554 γίνονται
1535 499 1601 539 καὶ

164 565 326 619 φθοραὶ
364 564 458 620 πρὶν
484 567 820 617 μνημονευθῆναι
848 563 924 618 τὴν
953 563 1109 606 τούτων
1137 565 1369 619 μεταβολὴν
1402 565 1446 615 ἐξ
1474 565 1603 621 ἀρχῆς

164 633 221 680 εἷς
246 633 375 680 τέλος.
431 638 471 673 8.
499 631 704 686 Μέγισται
732 631 808 685 μὲν
837 626 910 674 οὗν
939 634 1100 687 φθοραὶ
1128 634 1307 687 γίνονται
1330 635 1396 678 καὶ
1416 632 1602 687 τάχισται

163 700 206 740 ἓν
233 705 320 748 τοῖς
348 699 558 752 πολέμοις,
601 698 720 741 ἄλλαι
750 699 796 741 δὲ
825 699 985 753 νόσοις,
1029 700 1071 741 αἱ
1101 700 1144 741 ‹5’
1167 699 1381 757 ἀφορίαις,
1410 702 1479 749 καὶ
1502 700 1603 743 ταύ-

163 783 253 816 ταις
282 767 324 809 αἱ
351 767 427 821 μὲν
453 765 647 822 μεγάλαι,
699 767 741 808 αἱ
773 768 818 810 δὲ
847 767 952 810 κατὰ
989 767 1159 824 μικρόν,
1207 767 1311 812 ὥστε
1350 767 1603 813 λανθάνουσι

161 840 244 877 τῶν
272 851 314 890 γε
344 833 542 877 τοιούτων
571 835 707 876 ἐθνῶν
735 836 801 877 καὶ
834 835 876 877 αἱ
904 834 1222 889 μεταναστάσεις
1250 836 1318 879 διὰ
1338 835 1384 879 τὸ
1407 835 1502 885 τοὺς
1527 836 1602 890 μὲν

162 904 306 945 λείπειν
346 903 421 951 τὰς
447 901 614 957 χώρας,
657 901 754 951 τοὺς
779 903 819 944 ‹5'
841 901 1053 958 ὑπομένειν
1081 904 1199 958 μέχρι
1229 904 1381 947 τούτου
1408 905 1601 960 μέχριπερ

161 970 211 1013 ἂν
248 971 391 1025 μηκέτι
430 969 600 1024 δύνηται
640 970 801 1026 τρέφειν
827 969 856 1025 ἡ
881 970 999 1026 χώρα
1027 973 1191 1024 πλῆθος
1218 972 1360 1027 μηδέν.
1428 978 1466 1015 9.
1500 971 1600 1014 Ἀπὸ

160 1043 235 1092 τῆς
271 1038 438 1094 πρώτης
475 1032 550 1080 οὖν
583 1035 848 1091 ὕπολείψεως
876 1039 934 1087 εἰς
967 1038 1042 1092 τὴν
1072 1038 1247 1094 ἐσχάτην
1275 1038 1383 1089 εἰκὸς
1417 1041 1601 1094 γίνεσθαι

157 1105 332 1161 χρόνους
358 1103 566 1161 μακροί-ς,
598 1103 700 1146 ὥστε
730 1105 896 1159 μηθένα
913 1106 1197 1160 μνημονεύειν,
1231 1106 1335 1150 ἀλλὰ
1363 1106 1599 1161 σωζομένων

159 1174 215 1215 ἔτι
244 1177 325 1215 τῶν
352 1171 636 1226 ὑπομενόντων
666 1172 932 1228 ἐπιλελῆσθαι
961 1174 1028 1216 διὰ
1049 1174 1204 1231 χρόνου
1225 1179 1401 1230 πλῆθος.
1433 1174 1505 1218 τὸν
1525 1174 1599 1216 αὐ-

159 1241 230 1284 τὸν
262 1241 306 1283 δὲ
334 1240 488 1296 τρόπον
514 1239 596 1296 χρὴ
626 1242 799 1294 νομίζειν
835 1243 902 1284 καὶ
931 1241 1029 1292 τοὺς
1056 1243 1343 1298 κατοικισμοὺς
1381 1242 1599 1285 λανθάνειν

159 1302 253 1351 πότε
284 1312 446 1364 πρῶτον
476 1308 656 1364 ἐγένοντο
687 1315 773 1358 τοῖς
812 1308 972 1351 ἔθνεσιν
1012 1308 1198 1361 ἑκάστοις
1227 1314 1283 1362 εἷς
1312 1312 1364 1355 τὰ
1391 1309 1598 1365 μεταβάλ-

1634 641 1658 673 ὃ

157 1380 281 1418 λοντα
303 1378 370 1418 καὶ
388 1375 576 1431 γινόμενα
595 1377 697 1432 ξηρὰ
718 1377 761 1426 ἐξ
781 1374 945 1419 ἑλωδῶν
965 1379 1030 1419 καὶ
1052 1378 1247 1435 ἐνύδρων.
1310 1388 1376 1422 10.
1407 1380 1490 1422 Καὶ
1511 1378 1588 1433 γὰρ
1603 1385 1652 1419 10

156 1445 341 1486 ἐνταῦθα
370 1443 474 1486 κατὰ
502 1444 649 1499 μικρὸν
679 1445 721 1486 ἐν
742 1448 880 1502 πολλῷ
900 1446 1050 1500 γίνεται
1068 1445 1207 1503 χρόνῳ
1224 1445 1249 1501 ἡ
1272 1443 1463 1498 ἐπίδοσις,
1495 1445 1598 1488 ὥστε

154 1512 212 1566 μὴ
241 1511 506 1566 μνημονεύειν
535 1514 639 1561 τίνες
667 1517 831 1567 πρῶτον
859 1514 925 1554 καὶ
948 1512 1044 1555 πότε
1075 1517 1140 1556 καὶ
1161 1518 1248 1563 πῶς
1265 1513 1442 1567 ἐχόντων
1462 1509 1598 1568 ἦλθον

157 1585 236 1621 τῶν
264 1580 415 1631 τόπων,
447 1577 532 1622 οἷον
557 1579 786 1633 συμβέβηκε
818 1581 884 1621 καὶ
914 1582 1003 1636 περὶ
1034 1581 1107 1634 τὴν
1126 1581 1351 1636 Αἴγυπτον.
1414 1589 1479 1623 11.
1504 1581 1646 1622 Καὶ11

157 1718 259 1755 serie
284 1716 503 1762 efficiatur,
546 1717 632 1753 ficri
665 1715 743 1753 hoc
771 1729 846 1753 nos
873 1717 989 1765 latet,
1026 1730 1071 1755 ac
1105 1717 1215 1772 prius
1256 1719 1434 1770 integrae
1460 1725 1597 1770 gentos

157 1784 384 1836 perduntur
408 1790 526 1835 atque
547 1784 761 1831 intereunt,
785 1797 904 1835 quam
922 1790 968 1822 ut
982 1783 1126 1823 horum
1150 1801 1171 1824 a
1185 1786 1385 1838 principio
1405 1787 1456 1824 ad
1472 1786 1595 1825 finem

156 1853 325 1891 mutatio
347 1852 542 1890 memoria
561 1852 639 1890 ulla
659 1850 948 1902 comprehendi
972 1852 1106 1903 possit.
1165 1856 1199 1890 8.
1231 1855 1292 1892 Ac
1315 1854 1479 1892 maximi
1504 1855 1596 1905 qui-

156 1921 248 1958 dem
270 1926 310 1958 et
321 1919 523 1959 celerrimi
542 1918 730 1957 interitus
749 1919 792 1957 in
808 1919 924 1958 bellis
942 1919 1058 1969 fiunt,
1075 1919 1144 1958 alii
1160 1920 1200 1959 in
1218 1920 1370 1960 morbis
1389 1923 1595 1961 victuum—

155 2003 233 2039 quc
254 1988 422 2039 penuria
443 1986 545 2026 etin
574 1986 636 2024 his
662 1986 729 2024 alii
764 1987 920 2038 magni,
958 1988 1025 2026 alii
1055 1988 1262 2039 paulatim.
1324 1990 1525 2039 Quocirca
1554 1997 1595 2028 et

155 2056 272 2094 liuius
305 2055 416 2094 modi
446 2055 622 2106 gentium
660 2054 917 2105 migrationes
947 2055 1206 2106 ignorantur,
1226 2059 1458 2109 'propterea
1487 2059 1594 2109 quod

153 2123 222 2161 alii
242 2124 450 2175 regionem
469 2122 675 2171 deserant,
702 2122 770 2161 alii
789 2136 965 2174 eousque
994 2130 1275 2174 permaneant,
1304 2125 1412 2176 quod
1439 2125 1592 2164 nullam

155 2191 326 2243 annplius
347 2190 642 2230 multitudinem
666 2190 773 2228 alere
791 2191 902 2242 regio
923 2191 1066 2229 valcat.
1129 2195 1166 2230 9.
1196 2193 1309 2230 Inter
1325 2193 1496 2244 primam
1519 2193 1594 2244 igi-

156 2265 224 2297 tur
243 2265 283 2296 et
298 2258 478 2297 ultimam
497 2258 773 2308 migrationem
795 2258 959 2310 longum
976 2261 1168 2310 temporis
1185 2260 1354 2311 spatium
1373 2259 1593 2298 intercedat

157 2325 376 2364 verisimile
406 2331 486 2363 est:
526 2339 606 2377 quo
637 2325 800 2377 quidem
830 2325 899 2374 fit,
930 2333 975 2364 ut
995 2340 1114 2364 nemo
1148 2327 1398 2366 meminerit:
1426 2328 1535 2378 -quin
1556 2328 1587 2365 si

156 2393 198 2441 ii,
228 2392 295 2444 qui
318 2398 610 2441 remanserunt,
643 2393 874 2444 superstites
893 2394 1045 2443 vivant,
1073 2394 1238 2432 illorum
1265 2395 1458 2432 memoria
1488 2401 1593 2432 tem-

155 2461 269 2512 -poris
297 2459 546 2511 longitudine
579 2460 709 2498 deleta
737 2460 801 2498 sit.
861 2460 1017 2500 Eodem
1045 2461 1167 2499 modo
1194 2461 1499 2502 existimandum
1533 2470 1591 2500 est

157 2534 316 2579 tempus
337 2528 483 2577 latere,
512 2540 590 2579 quo
611 2527 823 2565 inhabitari
851 2529 1028 2579 primum
1059 2541 1104 2564 ca
1125 2529 1211 2566 loca
1234 2527 1461 2580 coeperint,
1491 2542 1592 2580 quae

154 2602 309 2633 mutata
346 2596 532 2642 fuerunt,
579 2601 618 2632 et
655 2609 706 2632 cx
744 2596 899 2645 aquosis
929 2601 969 2633 et
997 2594 1236 2645 palustribus
1274 2596 1384 2635 arida
1419 2596 1587 2636 reddita.

162 2668 226 2702 10.
258 2664 329 2702 llla
354 2664 459 2702 enim
486 2663 677 2715 paulatim
707 2663 835 2700 multo
864 2663 905 2699 in
928 2669 1111 2713 tempore
1129 2663 1389 2715 ampliantur,
1417 2671 1462 2703 ut
1481 2665 1590 2703 nulla

157 2732 211 2769 sit
242 2732 457 2776 memoria,
481 2731 658 2782 quinam
689 2730 811 2782 primi
841 2735 881 2767 ct
910 2743 990 2781 quo
1018 2737 1201 2782 tempore
1229 2737 1269 2770 et
1293 2745 1370 2783 qua
1401 2732 1587 2771 locorum

153 2798 390 2837 conditione
409 2812 454 2837 ea
473 2798 711 2847 intrassent,
753 2797 1090 2849 quemadmodum
1114 2805 1154 2837 et
1172 2799 1213 2837 in
1230 2800 1418 2852 Aegypto
1438 2801 1586 2838 evenit.

154 2869 226 2904 ι11.
253 2865 329 2919 Hic
349 2867 454 2905 enim
474 2865 586 2905 locus
613 2866 755 2917 siccior
775 2880 935 2918 semper
955 2866 1065 2916 lieri,
1095 2873 1252 2918 totaque
1270 2868 1380 2920 regio
1405 2868 1486 2906 Nili
1510 2867 1591 2905 ssu-
