1774 3198
0 3050 23 3198 mem-2

448 361 668 404 LIBRUM
697 359 941 401 PRIMUM.
1002 361 1118 401 GAP.
1134 361 1232 402 ΧΠ.
1463 352 1558 398 435

114 478 397 531 reperiuntur,
427 475 680 516 adcribamus
709 475 835 515 verba
864 488 917 514 ex
945 475 1108 513 Hister.
1130 475 1309 516 animal.
1331 476 1385 526 V,
1407 478 1473 526 17,
1497 480 1561 516 12.

112 560 157 598 p.
177 549 257 584 223
283 545 345 583 ed.
365 543 674 583 Schneider:
715 540 781 583 καὶ
808 539 886 596 γὰρ
917 540 959 581 ἓν
988 545 1075 589 τοῖς
1105 541 1296 583 δοκοῦσιν
1326 539 1562 596 ἀσηπτοτά-

113 627 201 659 τοις
229 607 328 652 εἶναι
359 610 550 665 ἐγγίνεται
580 610 681 667 ζῷα·
724 605 810 650 οἷον
840 607 881 650 ἓν
907 606 1014 662 χιόνι
1043 612 1095 665 τῇ
1124 612 1299 668 παλαιᾷ·
1338 610 1487 665 γίνεται
1517 600 1563 653 δὲ

39 724 42 727 ρ
114 676 140 733 ἡ
171 677 326 720 παλαιὰ
357 676 639 733 ἔρυθροτέρα·
686 675 748 718 διὸ
778 677 844 719 καὶ
875 676 913 718 οἱ
944 674 1147 731 σκώληκες
1174 681 1354 719 τοιοῦτοι
1390 678 1456 719 καὶ
1486 679 1562 720 δα-

115 752 216 795 σεῖς·
249 745 286 787 οἱ
317 746 362 787 δὲ
391 746 434 787 ἐκ
458 750 533 800 τῆς
561 746 603 787 ἓν
625 746 776 804 Μηδίᾳ
802 743 940 799 χιόνος
967 743 1135 800 μεγάλοι
1164 746 1231 787 καὶ
1249 747 1394 797 λευκοί,
1426 747 1564 788 δυσκί-

115 830 230 868 νητοι
261 814 306 855 δὲ
334 812 494 864 πάντες.
553 817 772 856 Uberrime
799 816 850 854 de
868 816 991 854 rubra
1011 817 1130 866 nive,
1163 815 1291 869 deque
1315 822 1503 855 veterum
1525 823 1565 856 et

113 885 385 923 recentiorum
411 885 486 923 hac
510 885 554 923 in
576 899 623 924 re
646 884 902 937 opinionibus
924 883 987 935 egi
1009 884 1226 923 Meteorol.
1247 892 1327 923 vet.
1349 885 1498 922 Graec.
1525 893 1564 923 et

113 949 299 991 Roman.
319 955 351 1002 I,
366 957 406 991 3.
430 967 468 1005 p.
491 957 540 992 31
565 966 626 1005 sq.
657 959 697 991 et
713 953 758 991 in
776 952 881 991 libro
901 951 1119 991 vernacule
1146 952 1392 1004 conscripto:
1430 952 1564 991 Ueber

116 1022 197 1059 den
224 1022 448 1073 Ursprung
471 1022 544 1059 der
561 1017 854 1072 Feuerkugeln
876 1020 961 1058 und
977 1017 1229 1058 Nordliclzte
1259 1018 1414 1071 (Berlin
1438 1019 1564 1072 1832)

116 1102 157 1141 p.
181 1092 376 1127 13—16.
437 1089 567 1128 Omisi
588 1101 907 1127 commemorare
927 1088 1165 1126 sententiam
1186 1087 1467 1138 Eustathii,
1497 1092 1565 1140 qui

114 1157 159 1194 in
182 1156 373 1195 Armenia
397 1155 588 1194 rubentes
606 1156 722 1194 nives
745 1155 918 1207 conspici
938 1155 1010 1203 ait,
1040 1153 1150 1206 quod
1169 1155 1256 1192 loca
1273 1155 1343 1194 illa
1365 1156 1444 1194 sint
1469 1157 1564 1206 μιλ-

115 1219 248 1275 τώδη,
276 1223 355 1262 hoc
375 1229 438 1262 est
454 1224 579 1261 minio
597 1229 783 1272 scateant,
812 1223 922 1261 unde
941 1222 1240 1262 exhalationum
1259 1223 1303 1261 vi
1319 1223 1393 1262 nix
1411 1223 1565 1263 inficia-

115 1298 194 1341 tur,
224 1297 414 1330 monente
434 1291 804 1330 vicomercato
835 1291 885 1330 ad
904 1291 1180 1343 Meteorolog.
1201 1305 1240 1343 p.
1261 1294 1328 1339 71,
1347 1305 1383 1331 a.
1417 1311 1469 1320 -—
1499 1293 1565 1331 De

115 1359 372 1399 Aristotelica
391 1358 597 1410 grandinis
616 1359 776 1398 theoria
798 1355 883 1398 κατ’
907 1355 1232 1411 ἀντιπερίστασιν
1257 1359 1332 1403 cfr.
1356 1372 1457 1410 quae
1478 1360 1567 1398 Er-

113 1440 224 1465 man
254 1427 443 1466 disseruit
469 1427 513 1466 in
533 1426 872 1479 Abhandlungen
899 1427 972 1465 der
1007 1427 1173 1465 Berlin.
1202 1426 1400 1466 Academ.
1440 1429 1563 1468 1825.

116 1495 177 1534 Cl.
192 1494 311 1547 phys.
342 1509 383 1547 p.
399 1498 477 1533 128
488 1508 573 1546 sqq.
604 1502 644 1534 et
665 1509 766 1547 quae
786 1495 1017 1547 scripsimus
1038 1495 1114 1546 ipsi
1133 1495 1175 1532 in
1195 1494 1416 1533 Meteorol.
1439 1503 1564 1534 veter.

117 1562 265 1601 Graec.
297 1570 338 1600 et
361 1559 535 1600 Roman.
578 1565 661 1610 VI,
693 1564 762 1602 30.
791 1576 832 1614 p.
858 1562 1116 1601 148—152.
1147 1582 1200 1590 -
1243 1562 1458 1601 Caeterum
1486 1576 1566 1614 quo

116 1630 286 1668 meliora
315 1631 500 1681 profecto
527 1636 622 1668 sunt
651 1644 698 1668 ea
725 1636 766 1667 et
787 1631 964 1678 saniora,
995 1643 1097 1681 quae
1116 1629 1167 1668 de
1184 1629 1390 1681 grandinis
1412 1630 1567 1682 origine

118 1702 159 1735 et
179 1696 336 1735 theoria
361 1697 438 1735 hoc
461 1697 591 1748 capite
624 1696 814 1736 disseruit
846 1697 1183 1746 Aristoteles,
1225 1711 1273 1736 eo
1302 1698 1502 1751 ineptiora
1528 1701 1569 1734 et

116 1765 204 1812 vix,
223 1778 325 1815 quae
343 1771 714 1804 commemorentur
732 1765 849 1817 digna
867 1771 962 1804 sunt
981 1779 1002 1803 a
1020 1765 1257 1817 posterioris
1277 1766 1368 1805 aevi
1386 1765 1568 1805 homini-

116 1832 191 1870 bus
209 1833 447 1884 conscripta.
506 1833 662 1871 Auctor
682 1832 785 1871 libri
806 1833 855 1872 de
872 1833 1023 1871 mundo
1054 1847 1085 1871 c.
1106 1833 1155 1880 4,
1186 1840 1395 1886 postquam
1422 1835 1475 1873 de
1493 1847 1568 1873 ne-

117 1900 247 1948 bulae,
278 1900 449 1952 pluviae,
479 1900 666 1951 nivisque
686 1907 828 1939 natura
849 1902 941 1953 egit,
969 1901 1043 1939 ait:
1072 1898 1231 1951 χάλαζα
1257 1899 1302 1940 ds*
1330 1899 1478 1954 γίνεται
1507 1917 1566 1942 νι-

117 1968 243 2021 φετοῦ
281 1965 587 2021 συστραφέντος
624 1966 690 2007 καὶ
722 1970 876 2022 βρῖθος
911 1967 954 2008 ἐκ
983 1966 1212 2020 πιλήματος
1241 1968 1299 2016 εἷς
1327 1965 1567 2024 καταφορὰν

116 2033 341 2089 ταχυτέραν
357 2033 582 2086 λαβόντος·
612 2032 725 2089 παρὰ
747 2033 792 2075 de*
820 2033 872 2076 τὰ
900 2034 1056 2090 μεγέθη
1087 2038 1169 2077 τῶν
1199 2034 1567 2092 ἀπορρηγνυμένων

118 2101 404 2157 θραυσμάτων
434 2102 476 2144 οἵ
500 2119 542 2144 τε
574 2100 685 2157 ὄγκοι
721 2102 904 2155 μείζους,
961 2103 1005 2143 αἵ
1039 2119 1081 2144 τε
1119 2104 1353 2159 καταφοραὶ
1390 2104 1568 2158 γίνονται

118 2170 359 2225 βιαιοτέραι.
417 2172 667 2224 Ruhkopf
690 2172 742 2210 ad
773 2174 941 2211 Senec.
974 2174 1142 2223 Quaest.
1158 2180 1247 2210 nat.
1267 2175 1342 2222 IV,
1365 2176 1403 2211 3.
1433 2187 1473 2225 p.
1485 2174 1566 2213 248

120 2252 213 2294 cum
240 2238 344 2277 dicat
353 2268 367 2285 ,
397 2241 429 2278 P
441 2238 555 2278 osid
567 2254 590 2277 0
603 2241 689 2279 niu
701 2254 740 2278 m
770 2240 912 2278 eadem
942 2241 1030 2278 fere
1052 2239 1264 2278 tradidisse
1293 2240 1343 2278 de
1362 2241 1568 2292 grandine,

121 2320 240 2358 quam
264 2307 546 2356 Aristotelem,
576 2307 695 2346 huius
712 2307 840 2346 verba
859 2321 940 2345 non
959 2307 1083 2359 magis
1098 2307 1312 2356 intellexit,
1342 2322 1460 2360 quam
1480 2309 1569 2348 for-

121 2381 223 2412 tasse
244 2374 329 2426 ipse
347 2375 667 2414 Posidonius.
726 2377 791 2414 Ex
810 2375 860 2413 iis
882 2375 1001 2422 enim,
1032 2388 1134 2426 quae
1162 2377 1358 2416 Seneca
1387 2376 1481 2416 dicit
1498 2377 1524 2415 l·
1540 2377 1569 2416 l.

121 2443 257 2493 Ergo,
296 2443 336 2479 si
364 2442 470 2480 mihi
501 2457 659 2493 parum
689 2443 848 2489 credis,
882 2440 1129 2480 Posidonius
1157 2441 1239 2479 tihi
1267 2445 1570 2483 auctoritatem

114 2510 350 2559 promittit,
387 2518 478 2548 tam
510 2512 556 2548 in
581 2511 679 2557 illo,
719 2512 833 2562 quod
846 2511 1096 2561 praeteriit,
1128 2524 1254 2561 quam
1276 2511 1322 2548 in
1349 2510 1428 2549 hoc
1461 2512 1574 2564 quod

121 2585 358 2616 sec-uturum
384 2586 457 2617 est.
519 2579 778 2617 Grandinem
795 2580 903 2615 enim.
919 2577 1026 2626 fieri
1044 2592 1092 2615 ex
1114 2578 1223 2616 nube
1242 2591 1413 2629 aquosa,
1443 2581 1571 2618 etiam

123 2644 168 2682 in
188 2644 398 2684 humorem
420 2660 544 2684 versa
557 2675 568 2695 ,
597 2647 659 2683 sic
687 2645 946 2699 affirmabit,
985 2654 1200 2696 tamquam
1232 2646 1477 2699 interfuerit
1513 2670 1570 2677 -—

126 2712 257 2752 elucet
275 2715 307 2752 P
318 2727 342 2752 o
352 2714 432 2753 sid
444 2727 468 2751 o
479 2715 569 2752 niu
578 2728 618 2752 m
627 2743 638 2762 ,
668 2713 738 2765 qui
756 2713 850 2752 alias
875 2714 1001 2752 soleat
1020 2709 1326 2766 ἀριστοτελίζειν
1357 2712 1498 2763 (Stra
1510 2715 1535 2754 b
1545 2728 1569 2753 ο

125 2781 173 2819 ΙῘ.
195 2793 236 2831 p.
255 2783 407 2824 163‚A.
431 2782 522 2820 Alm
538 2779 577 2834 ),
603 2781 681 2819 hoc
697 2787 808 2820 certe
827 2782 918 2820 loco
936 2782 1279 2821 Aristotelem
1308 2788 1376 2822 aut
1391 2796 1472 2822 non
1496 2797 1568 2822 ex-

126 2847 329 2898 pressisse,
360 2855 430 2887 aut
449 2863 532 2888 non
549 2846 809 2888 intellexisse.
840 2850 950 2889 Male
968 2850 1020 2889 Pl
1031 2850 1044 2888 i
1055 2850 1169 2889 nius
1186 2851 1302 2934 Hssst.
1323 2857 1408 2889 nat.
1426 2853 1480 2898 H,
1495 2854 1540 2889 61
1555 2865 1566 2889 ε

348 2917 366 2931 ·
1156 2909 1209 2946 28
