1774 3184
0 0 39 47 f]

216 383 291 423 ET
317 383 534 423 oLYMP.
565 382 626 421 IN
649 381 831 422 ARIsT.
857 381 1188 421 METEOROL.
1217 352 1326 423 mi.
1347 379 1382 422 ⁴1.
1453 371 1545 418 163

100 493 311 550 χρώμενος
336 497 388 550 τῇ
417 497 499 536 τῶν
527 495 690 535 πολλῶν
717 492 808 547 περὶ
835 507 1019 545 τουνομα
1048 492 1268 550 συνηθεία·
1297 490 1360 535 ὅτι
1378 492 1453 546 μὲν
1474 486 1546 534 οὖν

105 578 181 604 ουκ
209 562 294 603 ἐστι
323 559 467 614 πύρεια
493 559 547 601 τὰ
573 558 744 615 οὗράνια
773 553 968 614 σώματα,
1009 560 1162 616 σημείῳ
1194 558 1267 602 νῦν
1301 563 1452 616 χρῆται
1486 564 1545 602 τῶ

104 627 162 683 μὴ
192 630 417 685 φαίνεσθαι
446 627 688 687 διάττοντας
715 626 800 668 ἐκεῖ
815 626 1060 682 γινομένους.
1100 627 1232 669 καίτοι
1259 627 1406 683 φασίν,
1433 626 1546 684 εἷ’περ

105 691 155 751 ἦν
186 697 230 739 ἔκ
258 695 412 753 πυρός,
460 695 589 737 ἐκεῖνα
625 697 784 749 μᾶλλον
822 694 944 751 ἐχρῆν
987 695 1073 736 ε’κεῖ
1101 691 1155 737 τὰ
1190 692 1310 749 πάθη
1348 694 1545 750 γίνεσθαι,

106 768 237 807 ταῦτα
264 768 339 819 τῆς
366 762 568 818 ὀξυτάτης
604 762 739 805 αὐτῶν
776 762 968 817 κινήσεως
1009 762 1208 818 ἐκπυροῦν
1246 761 1386 817 ἱκανῆς
1424 760 1548 817 οὔσης

106 831 158 874 τὰ
194 832 528 888 παραπίπτοντα,
571 830 679 886 εἶ’περ
716 829 909 885 τοιαύτης
946 828 1108 886 φύσεως
1141 823 1192 884 ἦν
1227 828 1278 871 τὰ
1317 827 1546 883 κινούμενα.

105 899 210 955 πρὸς
244 903 374 941 ταῦτα
411 899 456 941 δὲ
484 899 609 954 λέγειν
639 898 838 950 δυνατόν,
881 897 944 940 ὅτι
972 896 1116 954 στερεά
1143 897 1228 939 ἔστι
1255 896 1390 939 πάντα
1419 896 1548 939 ἐκεῖνα

104 964 158 1008 τὰ
187 967 360 1022 σώματα
387 971 462 1023 γῆς
486 961 720 1021 μετέχοντα,
752 965 857 1008 κατὰ
874 964 1083 1008 Πλάτωνα
1101 967 1176 1007 τοῦ
1198 962 1548 1020 στερεμνιωτάτου

105 1039 188 1078 τῶν
227 1035 448 1088 στοιχείων.
515 1033 577 1075 διὸ
615 1034 682 1075 καὶ
721 1034 811 1091 ἲδίῳ
848 1031 983 1075 πάντα
1021 1030 1310 1088 περιγράφεται
1356 1029 1546 1085 σχήματι,

107 1102 223 1144 καθὰ
252 1104 319 1144 καὶ
349 1101 429 1157 πρὸ
459 1099 609 1144 τούτου
638 1100 846 1143 δέδεικται.
890 1101 926 1142 εἴ
950 1099 1029 1155 γὰρ
1058 1100 1125 1141 καὶ
1153 1098 1359 1150 πλεονάζει
1387 1095 1435 1140 τό
1464 1103 1546 1155 πῦρ

106 1170 149 1211 ἓν
181 1169 343 1223 αὐτοῖς,
389 1166 444 1218 ὥς
483 1163 598 1211 δοκεῖ’
628 1166 848 1219 Πλάτωνι,
891 1166 997 1209 ἀλλὰ
1024 1167 1323 1221 συμπεπίληται
1352 1163 1450 1208 ὅλον
1479 1165 1547 1208 διὰ

103 1236 179 1292 τήν
205 1236 412 1289 σύνθεσιν,
457 1233 518 1286 ὥςλ
540 1236 606 1278 καὶ
634 1234 688 1278 τὰ
714 1235 815 1288 παρ’
840 1232 939 1290 ἡμῖν
968 1235 1013 1277 ἐκ
1040 1238 1124 1277 τῶν
1151 1234 1360 1288 στοιχείων
1391 1234 1548 1289 συγκεί-

102 1314 244 1358 μενα·’
272 1304 391 1347 οὐδὲν
418 1302 495 1360 γὰρ
524 1303 659 1346 αὐτῶν
688 1302 816 1360 ῥυτὴν
844 1302 922 1358 ἔχει
949 1302 1027 1358 τὴν
1056 1301 1254 1346 σύστασιν
1282 1300 1359 1344 κᾶν
1387 1301 1547 1359 θερμό-

101 1386 206 1413 τατα
232 1366 281 1429 ᾖ,
312 1369 368 1421 ὡς
393 1371 441 1415 τὸ
467 1372 686 1428 καστόριον
714 1373 781 1413 καὶ
808 1371 856 1414 τὸ
878 1370 1114 1428 εὖφόρβιον,
1144 1370 1290 1427 πέπερί
1313 1387 1358 1412 τε
1387 1371 1455 1412 καὶ
1484 1370 1548 1412 σί-

101 1456 197 1494 νηπι
225 1440 291 1482 καὶ
320 1439 361 1481 εἶ’
381 1456 420 1482 τι
449 1443 658 1483 τοιοῦτον·
704 1438 843 1496 διόπερ
875 1438 994 1481 οὐδὲν
1024 1437 1160 1481 αὐτῶν
1192 1437 1544 1493 ἀποσπινθηρίζει,

101 1505 177 1548 κᾶν
207 1509 297 1549 λίαν
327 1506 432 1549 αὐτὰ
460 1506 636 1562 κινήσειέ
659 1521 745 1556 τις·
773 1506 821 1549 τὸ
845 1507 891 1548 δὲ
917 1504 1160 1560 ὖπέκκαυμα
1187 1506 1259 1547 καὶ
1286 1503 1308 1547 ὃ
1326 1503 1431 1558 μετὰ
1450 1507 1547 1546 τοῦ-

102 1591 174 1616 τον
203 1574 282 1631 ἀὴρ
314 1576 380 1617 καὶ
408 1574 456 1616 τὸ
485 1573 598 1631 ὕδωρ
622 1573 671 1616 οὖ
691 1575 989 1628 συμπεπίληται
1008 1574 1096 1628 μέν,
1128 1571 1356 1628 εὐδιαιρετὰ
1377 1572 1424 1613 δέ
1439 1571 1546 1613 ἐστιν

102 1641 183 1684 ἀπὸ
211 1647 286 1696 τῆς
313 1641 517 1696 τυχούσης
547 1641 680 1690 αἰτίας
710 1640 1034 1694 σκεδαννύμενα,
1081 1639 1183 1682 ὅθεν
1211 1640 1315 1681 ἴδιον
1342 1638 1419 1693 μὲν
1448 1637 1547 1694 ὅρον

105 1707 199 1750 ὀῦδὲ
237 1712 375 1763 σχῆμα
413 1707 571 1750 τούτων
600 1708 718 1750 οὐδὲν
748 1707 840 1762 ἕχει.
881 1712 941 1765 τῷ
971 1706 1194 1763 περιέχοντι
1222 1707 1268 1749 δὲ
1296 1707 1548 1761 συσχηματί-

105 1777 261 1827 ζονται,
304 1777 371 1817 καὶ
400 1775 453 1817 τὰ
479 1774 606 1830 μόρια
636 1775 681 1818 δὲ
708 1774 867 1829 τούτων
894 1775 937 1817 ἐν
965 1778 1025 1834 τῷ
1055 1773 1139 1832 ὅλῳ
1173 1774 1273 1824 τοὺς
1309 1772 1463 1823 τόπους
1498 1772 1547 1815 ἀ-

102 1845 231 1898 μείβει
258 1847 332 1898 τῆς
358 1842 561 1897 τυχούσης
599 1842 733 1886 αὐτῶν
769 1843 981 1898 γινομένης
1014 1840 1219 1897 κινήσεως.
1271 1840 1373 1885 ὅθεν
1401 1842 1446 1884 ἐκ
1472 1845 1548 1896 τῆς

105 1911 445 1967 παραπιπτούσης
473 1911 606 1960 αἰτίας
632 1904 821 1966 ὑπομένει
849 1911 902 1953 τὰ
932 1910 1123 1967 εἰρημένα
1160 1908 1279 1964 πάθη
1317 1908 1546 1965 ψυχόμενα,

104 1978 422 2035 θερμαινόμενα,
452 1978 697 2034 πηγνύμενα,
726 1979 830 2036 μέρη
856 1978 946 2022 τινὰ
976 1978 1132 2020 ἑαυτῶν
1162 1977 1452 2031 ἀποβάλλοντα
1479 1978 1547 2020 καὶ

103 2050 186 2088 τῶν
213 2046 514 2102 γειτνιαζόντων
540 2046 669 2106 μόρια
697 2047 1084 2104 προσλαμβάνοντα.
1115 2045 1189 2088 οὐκ
1218 2046 1435 2102 ἀναγκαῖον
1465 2044 1547 2102 ἄρα

105 2113 210 2169 πρὸς
235 2115 283 2157 τὸ
312 2114 369 2170 μὴ
399 2113 499 2156 εἶναι
527 2113 673 2171 πύρεια
696 2115 749 2157 τὰ
769 2114 861 2157 κατ’
887 2113 1064 2172 οὐρανὸν
1092 2113 1139 2156 τὸ
1170 2115 1432 2170 προκείμενον
1460 2113 1548 2154 ἔπι-

103 2182 293 2236 χείρημα.
325 2181 505 2225 σύνθετα
531 2183 610 2239 γάρ
642 2183 727 2225 ἔστι
755 2183 822 2225 καὶ
852 2183 928 2238 οὐχ
958 2180 1082 2224 ἁπλᾶ.
1129 2180 1193 2224 ὅτι
1223 2182 1268 2223 δὲ
1295 2179 1353 2236 μὴ
1384 2180 1549 2236 ἀστέρες

107 2249 206 2289 εἰσὶν
242 2248 279 2289 οἶ
317 2249 592 2305 διατρέχοντες
634 2251 759 2305 δῆλον
806 2251 881 2304 μὲν
917 2254 976 2308 τῷ
1015 2250 1081 2291 καὶ
1120 2248 1291 2304 σμικρὸν
1336 2248 1549 2302 ἐπιστῆσαι

107 2321 195 2363 τοῖς
220 2315 441 2370 γινομένοις
469 2317 694 2374 δυναμένῳ.
733 2316 808 2359 οὐκ
837 2316 1043 2374 ἄχρηστον
1073 2317 1115 2359 δ’
1149 2315 1264 2370 ὅμως
1299 2316 1365 2357 καὶ
1392 2314 1548 2371 βραχέα

107 2378 219 2436 ἡμᾶς
246 2383 380 2424 εἰπεῖν.
421 2385 685 2438 πρῶτονμὲν
711 2384 788 2440 γὰρ
820 2385 1106 2441 ἀνεγράφησαν
1148 2390 1236 2432 τοῖς
1278 2381 1549 2438 ἀστρονόμοις

110 2448 148 2491 οἳ
178 2449 481 2506 ἕπιφανέστεροι
508 2454 589 2493 τῶν
618 2451 797 2508 ἀστέρων
825 2453 965 2509 μέχρις
995 2453 1038 2494 ἐκ
1066 2455 1140 2494 τοῦ
1170 2451 1371 2506 μεγέθους
1387 2450 1438 2505 '‘).
1481 2450 1547 2491 καὶ

111 2516 150 2559 οἶ
175 2515 291 2558 αὐτοὶ
321 2515 381 2559 ἀεὶ
411 2512 568 2567 ἕντοῖς
605 2518 744 2569 αὐτοῖς
779 2518 1028 2576 εῧρίσκονται
1067 2518 1232 2571 τόποις,
1285 2515 1467 2571 ἀριθμόν
1503 2532 1547 2558 τε

109 2583 181 2627 τὸν
221 2584 347 2627 αὐτὸν
384 2586 450 2627 καὶ
488 2583 601 2635 τάξιν
637 2586 912 2643 φυλάττοντες
938 2586 1115 2641 μέγεθός
1142 2603 1184 2628 τε
1214 2586 1279 2627 καὶ
1304 2589 1452 2642 χρῶμα
1480 2585 1546 2627 καὶ

156 2754 193 2798 *)
228 2754 334 2790 Adde
368 2762 449 2799 post
482 2757 686 2801 μεγέθουςε
724 2754 765 2792 ς’.
833 2756 948 2791 Huius
982 2757 1075 2791 enim
1107 2756 1376 2804 magnitudinis,
1412 2754 1442 2789 si
1474 2765 1545 2789 non

202 2822 337 2855 omnes,
356 2814 482 2846 multas
507 2818 623 2847 tamen
648 2814 766 2847 stellas
789 2819 974 2849 notaverat
999 2815 1302 2849 Ptolemaeus.
1335 2813 1438 2847 Unde
1455 2813 1546 2846 bene

203 2868 382 2913 Philop.
419 2871 544 2915 μέχρις
577 2868 623 2903 ἔκ
659 2867 723 2904 τοῦ
745 2872 936 2916 μεγέθους.
1228 2918 1245 2935 κ

1161 2921 1208 2956 11
