1820 3158
94 378 498 427 —„-p.345,a.13ekk.-
561 378 707 419 LmJ,
736 377 986 419 CARVIII.
1052 373 1421 420 -p.331,1³·.Cas.-
1466 366 1528 409 29

206 495 323 536 VIII.
352 490 494 541 ‘'Oitmc
520 490 652 533 δὲκαὶ
676 489 745 531 διὰ
769 488 848 532 τίν’
874 489 1008 531 αἰτίαν
1035 489 1182 544 γίνεται
1211 488 1277 530 καὶ
1306 488 1349 529 τί
1375 487 1461 528 ἔστι
1481 485 1530 527 τὸ
1563 490 1583 525 1

93 562 211 617 γάλα,
242 561 419 617 λέγωμεν
434 559 535 616 ἤδη·
566 558 878 616 προδιὲλθωμεν
898 557 944 599 δὲ
966 558 1032 598 καὶ
1061 557 1151 612 περὶ
1175 554 1325 598 τούτου
1343 554 1396 597 τὰ
1418 553 1531 610 παρὰ

95 634 178 672 τῶν
215 628 350 671 ἄλλων
385 628 575 685 εἰρημένα
612 631 789 683 πρῶτον.
858 633 898 667 2.
943 628 1039 667 Τῶν
1066 625 1143 678 μὲν
1171 619 1244 667 οὗν
1272 622 1532 677 καλουμένων
1562 628 1588 663 2

94 697 395 753 Πυθαγορείων
424 696 529 752 φασί
555 710 659 743 τινες
688 692 786 736 ὁδὸν
819 691 917 736 εἶναι
952 692 1106 749 ταύτην
1136 693 1175 735 οἶ
1203 693 1280 746 μὲν
1306 695 1389 734 τῶν
1418 691 1535 732 ἔκπε-

96 764 252 808 σόντων
280 763 389 813 τινὸς
417 763 579 820 ἄστρων
609 762 713 804 κατὰ
739 761 815 816 τὴν
844 762 1060 817 λεγομένην
1089 761 1153 803 ἐπὶ
1186 761 1428 808 Φαέθοντος
1456 775 1535 815 φο-

95 834 185 889 ράν,
216 833 255 875 οἶ
285 833 330 874 δὲ
357 831 431 874 τὸν
459 830 574 886 ἥλιον
602 834 750 872 τοῦτον
772 829 846 871 τὸν
867 828 1014 872 κύκλον
1038 829 1244 886 φέρεσθαί
1263 827 1365 870 ποτέ
1386 839 1534 883 φασιν·

94 898 181 943 οἷον
210 896 283 943 οὖν
313 902 608 954 ὃιακεκαῦσθαι
637 898 709 940 τὸν
737 897 865 940 τόπον
905 902 1051 940 τοῦτον
1084 896 1111 952 ἤ
1139 914 1179 940 τι
1208 900 1394 939 τοιοῦτον
1435 893 1534 936 ἄλλο

92 971 339 1013 πεπονθέναι
368 966 530 1019 πάθος,
569 964 648 1008 ὕπὸ
677 971 750 1020 τῆς
778 970 913 1022 φορᾶς
942 965 1084 1008 αὐτοῦ.
1144 973 1182 1008 3.
1208 964 1384 1006 Ἄτοπον
1415 963 1461 1004 δὲ
1486 961 1532 1004 τὸ
1566 973 1590 1007 3

91 1037 149 1092 μὴ
183 1044 363 1079 συννοεῖν
391 1035 455 1078 ὅτι
484 1035 592 1091 εἴπερ
622 1032 738 1076 τοῦτ’
771 1028 822 1088 ἦν
849 1033 896 1075 τὸ
926 1033 1079 1083 αἴτιον,
1127 1033 1205 1075 ἔδει
1235 1033 1302 1074 καὶ
1340 1031 1414 1073 τὸν
1452 1034 1534 1072 τῶν

95 1106 250 1162 ζῳδίων
279 1105 426 1147 κύκλον
456 1101 587 1152 οὕτως
615 1101 716 1155 ἔχειν
747 1102 814 1143 καὶ
840 1104 1023 1155 μᾶλλον·
1053 1099 1215 1143 ἅπαντα
1242 1099 1320 1156 γὰρ
1351 1100 1394 1142 ἐν
1425 1098 1535 1156 αὐτῷ

95 1173 260 1230 φέρεται
287 1172 341 1214 τὰ
369 1169 612 1225 πλανώμενα
641 1171 708 1211 καὶ
737 1169 814 1224 οὐχ
843 1166 864 1212 ὅ
895 1169 1011 1224 ἣλιος
1038 1168 1179 1224 μόνος.
1221 1170 1347 1223 δῆλος
1375 1167 1415 1210 δ’
1441 1164 1536 1222 ἧμῖν

61 1288 65 1291 ,
93 1239 202 1290 ἅπας
226 1238 247 1282 ὁ
269 1239 436 1288 κύκλος·
464 1238 524 1280 ἀεὶ
542 1237 618 1294 γὰρ
651 1237 777 1280 αὐτοῦ
806 1237 986 1295 φανερὸν
1007 1235 1245 1293 ἡμικύκλιον
1272 1240 1347 1291 τῆς
1374 1233 1534 1284 νυκτός.

94 1307 199 1350 ἀλλὰ
223 1307 438 1357 ’πεπονθὸς
466 1306 586 1349 οὐδὲν
616 1307 802 1362 φαίνεται
833 1310 1042 1359 τοιοῦτον,
1081 1305 1186 1360 πλὴν
1216 1304 1258 1348 εἶ’
1278 1321 1316 1347 τι
1345 1302 1537 1347 συνάπτει

90 1374 238 1431 μόριον
276 1375 403 1418 αὐτοῦ
443 1374 548 1432 πρὸς
585 1373 658 1417 τὸν
697 1378 772 1416 τοῦ
813 1373 1015 1430 γάλακτος
1051 1372 1213 1422 κύκλον.
1305 1376 1344 1414 4.
1400 1371 1451 1414 Οἳ
1491 1371 1536 1413 δὲ
1566 1379 1592 1417 4

91 1442 480 1499 περῒἈναξαγόραν
510 1444 577 1485 καὶ
600 1442 867 1499 Δημόκριτον
896 1447 986 1500 φῶς
1014 1439 1114 1484 εἶναι
1142 1440 1190 1484 τὸ
1220 1441 1325 1497 γάλα
1355 1441 1538 1496 λέγουσιν

93 1511 258 1568 ἄστρων
281 1516 425 1555 τινῶν·
463 1511 536 1554 τὸν
563 1510 642 1567 γὰρ
669 1509 784 1565 ἣλιον
814 1510 893 1554 ὕπὸ
925 1511 999 1566 τὴν
1028 1516 1103 1567 γῆν
1132 1510 1358 1567 φερόμενον
1389 1508 1465 1561 οὐχ
1495 1504 1540 1549 ὅ-

95 1584 171 1636 ρᾶν
199 1579 284 1622 ἔνια
312 1585 395 1623 τῶν
425 1578 602 1636 ἄστρων.
634 1577 714 1621 ὅσα
730 1580 806 1634 μὲν
827 1575 901 1622 οὖν
919 1583 1157 1638 περιορᾶται
1178 1576 1251 1620 ὕπ’
1279 1576 1420 1628 αὐτοῦ,
1444 1573 1541 1616 τού-

209 1719 311 1757 cir.
334 1717 450 1756 VIII.
518 1716 737 1766 Quomodo
765 1723 806 1755 et
833 1731 930 1768 quas
961 1716 1012 1755 ob
1041 1729 1175 1754 causas
1202 1714 1273 1753 fiat
1299 1721 1337 1754 et
1364 1712 1461 1766 quid
1491 1711 1542 1750 sit

93 1784 211 1823 lactei
239 1785 379 1823 circuli
407 1784 716 1837 phaenomenon
746 1785 882 1823 dicere
900 1784 1202 1836 aggrediamur,
1230 1791 1444 1835 postquam
1460 1779 1539 1818 hoc

95 1852 216 1891 etiam
232 1853 324 1891 loco
342 1853 439 1904 quid
461 1853 527 1892 alii
544 1859 636 1891 ante
655 1867 727 1892 nos
750 1853 987 1901 disseruere,
1000 1852 1285 1891 recensuimus.
1321 1862 1361 1890 2.
1381 1851 1536 1889 Eorum

94 1920 163 1972 qui
183 1919 449 1972 Pythagoraei
470 1927 690 1971 vocantur,
717 1921 784 1960 alii
809 1921 1005 1960 circulum
1031 1920 1206 1958 lacteum
1226 1920 1305 1958 iter
1332 1932 1417 1956 esse
1440 1930 1539 1955 con-

94 1987 266 2026 tendunt
293 1987 435 2027 sideris
463 1984 669 2028 cuiusdam
698 1989 750 2027 de
775 1989 888 2027 coelo
917 2003 965 2028 eo
990 1995 1199 2041 tempore,
1230 2001 1310 2039 quo
1327 1984 1538 2034 Phaethon

93 2054 281 2094 detrusus
322 2055 499 2106 dicatur,
550 2056 725 2109 delapsi,
770 2057 836 2096 alii
865 2057 992 2096 solem
1023 2056 1102 2096 hoc
1139 2057 1292 2095 circulo
1326 2055 1423 2093 olim
1454 2066 1539 2092 esse

94 2122 372 2162 circumlatum
401 2124 559 2174 dicunt,
589 2124 698 2164 unde
727 2124 838 2176 quasi
865 2125 1096 2164 combustus
1130 2124 1182 2163 sit
1218 2125 1288 2163 ille
1317 2124 1432 2162 locus
1470 2126 1540 2160 aut

95 2190 213 2230 simili
235 2191 357 2230 modo
377 2192 540 2231 affectus
559 2192 674 2232 istius
694 2191 837 2231 sideris
857 2193 1127 2234 revolutione.
1186 2196 1224 2232 3.
1253 2192 1381 2243 Atqui
1410 2189 1541 2241 inepti

95 2263 211 2308 sunt,
242 2258 310 2310 qui
334 2272 418 2298 non
443 2260 687 2312 intelligant,
717 2260 877 2312 quando
896 2274 997 2301 vera
1016 2261 1116 2300 haec
1135 2267 1240 2300 esset
1267 2256 1540 2312 phaenomeni

97 2337 232 2373 causa,
261 2338 422 2364 necesse
441 2341 548 2374 esse,
577 2328 764 2366 zodiacus
794 2329 915 2367 etiam
942 2330 1032 2381 pari
1060 2318 1184 2368 modo
1210 2334 1252 2367 et
1269 2327 1394 2378 magis
1421 2326 1538 2363 etiam

97 2405 183 2429 sese
211 2392 265 2430 ita
294 2390 459 2443 habeat5
508 2396 642 2434 omnia
675 2396 782 2435 enim
812 2397 855 2435 in
883 2411 931 2435 eo
972 2403 1186 2436 versantur
1217 2395 1392 2434 errantia
1421 2398 1539 2439 astra,

97 2473 228 2511 neque
263 2460 373 2498 solus
402 2462 472 2500 sol.
526 2463 712 2514 Apparet
738 2470 871 2503 autem
900 2471 1008 2503 totus
1037 2465 1154 2503 nobis
1171 2463 1367 2502 circulus:
1397 2461 1540 2512 quavis

97 2526 206 2565 enim
236 2534 355 2566 nocte
383 2528 591 2568 dimidiam
617 2531 701 2569 eius
723 2538 880 2583 partem
910 2533 1143 2585 conspicere
1171 2532 1276 2570 licet.
1335 2529 1417 2567 Sed
1438 2528 1541 2567 nihil

99 2594 183 2632 eius
204 2594 316 2633 modi
336 2609 476 2647 passus
498 2611 583 2635 esse
602 2597 786 2646 videtur,
814 2600 891 2637 nisi
920 2599 990 2637 ubi
1017 2599 1212 2651 quaedam
1239 2599 1324 2636 eius
1342 2597 1540 2649 particula

97 2661 267 2700 lacteum
299 2663 495 2703 circulum
519 2665 706 2716 attigerit.
766 2666 807 2704 4.
837 2668 1099 2718 Anaxagoras
1124 2674 1164 2706 et
1191 2666 1449 2706 Democritus
1477 2665 1535 2702 la-

98 2734 201 2766 ctem
221 2729 400 2769 siderum
424 2733 679 2784 quorundam
703 2734 832 2772 lucem
862 2749 948 2773 esse
977 2735 1101 2774 aiunt.
1160 2736 1297 2773 Solem
1329 2733 1436 2771 enim
1465 2732 1539 2771 sub

97 2801 207 2835 terra
225 2798 461 2838 volventem
482 2802 678 2840 nonnulla
698 2808 803 2840 astra
819 2816 903 2841 non
922 2802 1137 2854 adspicere.
1178 2803 1395 2853 Quotquot
1413 2801 1540 2852 igitur

98 2863 147 2902 ab
168 2864 256 2916 ipso
286 2875 527 2918 cernantur,
567 2883 710 2909 eorum
737 2870 876 2909 lumen
906 2884 989 2909 non
1019 2870 1284 2909 animadverti
1324 2868 1538 2922 (impediri
