1774 3198
390 361 621 418 ⁴LIBRUM
650 357 890 400 PRIMUM.
948 356 1066 397 CAP.
1084 356 1200 397 XIII·
1432 344 1540 401 463,

92 480 254 517 Honor.
289 491 328 517 v.
350 479 425 516 161
440 507 452 527 ,
480 476 548 516 ubi
570 474 824 516 scribendum
851 472 1053 512 Tartesia
1073 470 1212 523 tigris.
1241 491 1295 498 --
1351 470 1416 509 De
1434 468 1529 508 Istri

93 546 248 597 origine
274 546 506 584 conferatur
529 543 835 583 Herodotus
861 543 932 590 IV,
954 539 1031 578 49:
1060 535 1136 594 ῥέει
1162 533 1240 592 γὰρ
1269 534 1320 590 δὴ
1351 534 1419 576 διὰ
1448 534 1529 576 πά-

94 626 170 665 σης
197 614 272 665 τῆς
300 609 502 666 Εὐρώπης
530 607 551 652 ὅ
576 607 732 665 Ἰστρὸς
761 606 995 664 ἀρξάμενος
1015 606 1058 648 ἐκ
1078 607 1268 654 Κελτῶν,
1301 603 1347 646 οἳ
1368 603 1530 657 ἔσχατοι

93 678 197 733 πρὸς
223 676 339 733 ἡλίου
359 677 544 732 ὃῦσμεων
566 675 669 732 μετοὶ
686 675 881 731 Κύνητας
896 673 1077 717 οῗκέουσι
1096 674 1239 716 τῶνέν
1257 676 1308 730 τῇ
1328 669 1528 727 Εὐρώπῃ·

95 746 198 801 ῥέων
238 747 283 788 δὲ
322 746 390 788 διὰ
424 745 559 801 πάσης
589 749 663 800 τῆς
690 743 892 801 Εὐρώπης
919 743 961 792 ἐς
987 742 1040 785 τὰ
1067 739 1217 797 πλάγια
1245 745 1318 796 τῆς
1347 741 1533 788 Σκυθίας

94 814 296 867 ἐσβάλλει.
355 817 476 857 Adde
495 820 546 866 H,
569 820 644 856 33:
674 812 836 869 Ἴστρος
864 842 874 854 .
890 844 900 855 .
967 843 977 853 .
1001 810 1205 865 ποταμός,
1236 808 1462 866 ἀρξάμενος
1490 808 1534 850 ἔκ

93 883 262 924 Κελτῶν
289 883 355 924 καὶ
375 882 574 939 Πυρήνης
589 881 763 933 ’πόλιος,
794 880 871 937 ῥέει
898 879 1026 935 μέσην
1055 880 1200 932 σχίζων
1225 875 1299 933 τήν
1317 876 1536 932 Εὐρώπην.

95 949 134 991 οἳ
182 950 227 991 δὲ
255 952 409 992 Κελτοί
444 952 519 992 εῗσι
557 949 635 1000 ἔξω
663 947 928 1006 ςΗρακληΐων
967 946 1158 1002 στήλεων.
1209 944 1452 1002 ὁμουρέουσι
1491 944 1537 986 δὲ

94 1018 350 1071 Κυνησίοισι,
380 1018 425 1060 οἳ
447 1018 607 1071 ἔσχατοι
637 1018 741 1074 πρὸς
770 1016 956 1070 δυσμέων
988 1015 1163 1057 οἰκέουσι
1188 1018 1270 1057 τῶν
1291 1015 1332 1056 έν
1355 1011 1537 1070 Εὐρώπῃ

95 1086 409 1139 κατοικημένων.
439 1089 604 1144 τελευτᾷ
634 1086 678 1127 δὲ
708 1083 908 1140 δ’Ίστρος
939 1084 981 1133 ἒς
1007 1083 1229 1126 θάλασσαν
1256 1081 1332 1137 τὴν
1355 1085 1428 1124 τοῦ
1452 1080 1537 1123 Εὐ-

95 1153 226 1202 ξείνου
243 1153 406 1206 πόντου,
435 1158 486 1210 τῇ
514 1153 690 1209 Ἰστρίην
719 1152 758 1195 οἶ
785 1152 1004 1206 Μιλησίων
1034 1151 1208 1193 οἰκέουσι
1227 1149 1402 1192 ἄποικοι.
1446 1152 1539 1191 Ar-

94 1224 222 1264 rian.
252 1224 414 1276 Exped.
434 1221 558 1263 Alex.
578 1226 610 1271 Ι,
633 1228 672 1273 3,
696 1227 743 1262 1:
777 1220 842 1261 ἐπὶ
865 1218 937 1261 τὸν
955 1218 1142 1272 ποταμὸν
1161 1217 1234 1260 τὸν
1252 1216 1430 1275 Ἴστρον,
1460 1234 1538 1260 πο-

96 1292 238 1343 ταμῶν
265 1293 347 1331 τῶν
373 1288 478 1331 κατὰ
506 1288 581 1344 τὴν
608 1286 812 1345 Εὐρώπην
839 1287 1029 1344 μέγιστον
1054 1286 1153 1329 ὄντα
1170 1288 1237 1329 καὶ
1254 1287 1445 1341 πλείστην
1464 1290 1538 1342 γῆν

96 1355 362 1411 ἐπερχόμενον
393 1357 460 1399 καὶ
487 1356 589 1412 ἔθνη
613 1355 886 1411 μαχιμώτατα
916 1355 1182 1411 ἀπείρχοντα·
1221 1354 1273 1396 τὰ
1301 1354 1377 1408 μὲν
1406 1353 1539 1396 πολλὰ

94 1417 295 1477 Κελτιᾷιά,
328 1424 429 1467 ὅθεν
457 1442 499 1481 γε
526 1426 592 1468 καὶ
622 1424 664 1467 αἱ
692 1425 816 1480 πηγαὶ
847 1423 957 1482 αὐτῷ
986 1423 1233 1477 ἀνίσχουσιν.
1293 1424 1417 1476 Quod
1449 1425 1540 1464 Se-

94 1508 223 1534 neca
249 1496 306 1534 ait
339 1492 538 1550 (Quaest.
567 1503 655 1535 nat.
685 1497 771 1546 VI,
798 1498 836 1545 7,
865 1493 930 1547 1):
976 1494 1205 1532 Danubius
1234 1513 1290 1523 ·-
1319 1495 1541 1544 Europam

95 1562 332 1615 Asiamque
353 1563 635 1611 disterminat,
662 1577 832 1616 prorsus
847 1564 1034 1615 ineptum
1054 1568 1133 1600 est:
1162 1558 1408 1600 Aristoteles
1430 1560 1540 1612 quod

97 1630 194 1670 dicit
224 1629 281 1670 δι’
305 1627 402 1683 ὅλης
432 1627 542 1684 (ῥεῖ’)
571 1633 645 1683 τῆς
669 1627 893 1684 Εὐρώπης,
933 1629 1207 1670 Herodoto
1237 1629 1384 1668 dicitur
1411 1626 1541 1681 μέσην

99 1696 219 1748 σχίζει
247 1695 322 1750 τὴν
350 1695 565 1751 Εὐρώπην.
601 1699 675 1737 cfr.
702 1699 1056 1750 Koenigmann
1086 1698 1113 1737 l.
1135 1698 1164 1737 l.
1195 1711 1237 1750 p.
1262 1699 1357 1737 115.
1378 1703 1464 1736 not.
1483 1719 1540 1725 —-

98 1766 249 1804 Istrum
271 1766 315 1804 in
325 1766 540 1818 Hercyniis
561 1767 686 1818 sylvis
704 1766 858 1805 oboriri
872 1766 1004 1806 voluit
1017 1772 1156 1805 auctor
1172 1765 1266 1804 libri
1287 1766 1337 1804 cle
1358 1765 1540 1805 mirabil.

100 1834 343 1872 auscultatu
361 1847 394 1873 c.
409 1835 501 1872 105.
521 1847 564 1885 p.
576 1835 670 1882 839,
684 1834 723 1883 b,
752 1834 823 1873 ubi
842 1834 1016 1873 fabulam
1034 1839 1184 1880 narrat,
1213 1833 1448 1872 Danubium
1466 1847 1542 1872 ex-

100 1902 262 1940 onerari
289 1915 371 1940 non
400 1901 532 1939 solum
558 1901 602 1939 in
620 1901 794 1940 Pontum
807 1932 817 1949 ‚
848 1902 920 1941 sed
939 1902 1059 1941 etiam
1084 1902 1129 1941 in
1147 1915 1259 1940 mare
1276 1901 1541 1949 Adriaticum,

100 1954 219 2020 iluam
249 1974 383 2007 tamen
410 1969 491 2007 iam
525 1969 788 2022 exprobravit
822 1971 859 2009 T
871 1969 899 2008 h
910 1983 965 2008 eo
977 1984 1005 2022 p
1018 1983 1041 2008 ο
1053 1984 1092 2008 m
1103 1983 1130 2022 p
1143 1983 1168 2007 o
1215 1970 1367 2009 Strab
1379 1984 1403 2008 o
1441 1971 1539 2010 VII.

98 2050 140 2088 p.
163 2036 260 2076 488.
291 2037 366 2075 cfr.
378 2037 412 2076 I.
433 2051 476 2089 p.
490 2039 557 2077 98.
612 2037 800 2076 Eandem
819 2044 974 2076 secutus
994 2044 1054 2077 est
1079 2038 1406 2078 Aristoteles
1426 2039 1542 2078 Hist.

101 2104 273 2142 animal.
292 2105 407 2155 VIII,
436 2108 500 2144 13.
529 2118 569 2155 p.
587 2105 717 2155 598‚b
747 2103 875 2158 (cuius
894 2105 1019 2145 verba
1040 2106 1205 2158 repetiit
1233 2105 1461 2145 Eustath.
1489 2106 1555 2158 ad„

99 2172 312 2223 Dionys.
342 2173 548 2224 Perieg.
578 2187 618 2212 v.
641 2176 736 2213 298.
766 2187 805 2225 p.
828 2171 922 2213 144.
979 2170 1106 2212 Adde
1133 2174 1264 2212 Plin.
1302 2174 1419 2211 Hist.
1446 2179 1540 2211 nat.

100 2240 169 2287 ΠΙ,
192 2241 258 2276 18.
285 2240 364 2288 ΙΧ,
385 2241 472 2291 15),
501 2240 571 2278 ubi
594 2241 667 2279 cfr.
689 2253 790 2291 quae
813 2241 971 2282 monuit
1000 2241 1026 2278 S
1040 2239 1298 2279 ehneider
1326 2241 1445 2281 Tom.
1465 2241 1541 2279 ΙΙΙ.

101 2321 142 2357 p.
167 2308 248 2345 629
261 2335 272 2355 ‚
303 2305 412 2344 unde
439 2307 589 2345 mirum
607 2306 687 2345 h.l.
706 2307 860 2346 nullam
880 2307 968 2346 fieri
990 2307 1238 2346 mentionem
1258 2308 1367 2346 illius
1388 2308 1469 2358 rei,
1499 2308 1545 2347 in

102 2386 180 2425 qua
204 2373 445 2424 exponenda
475 2380 680 2412 auctorem
711 2375 880 2414 fortasse
907 2380 1065 2414 secutus
1095 2381 1154 2413 est
1178 2375 1343 2415 Aristq
1363 2377 1543 2428 Scyla-

102 2455 205 2479 cem
234 2441 580 2492 Caryandensem,
609 2442 676 2494 qui
697 2439 868 2495 (Geogr.
889 2445 1039 2482 minor.
1064 2442 1127 2481 ed.
1149 2441 1364 2482 Hudson
1392 2444 1489 2483 Vol.
1509 2444 1543 2483 I.

101 2523 144 2560 p.
164 2507 208 2561 7)
246 2496 342 2547 ait:'
356 2505 461 2559 μετὰ
495 2507 540 2548 δὲ
562 2504 748 2557 Ἑνετούς
783 2509 882 2550 εἶσιν
920 2507 1043 2557 ἔθνος
1068 2506 1223 2565 ’Ἰστροι
1260 2509 1327 2549 καὶ
1359 2507 1544 2563 ποταμὸς

92 2571 275 2629 Ἴστρος·
312 2567 446 2624 Οὗτος
472 2571 699 2633 ὅποτιμιὸς
725 2576 792 2617 καὶ
821 2576 878 2624 εἷς
906 2574 978 2618 τὸν
1004 2575 1168 2618 Πόντον
1197 2575 1381 2630 ἐκβάλλει
1410 2577 1544 2619 ἐνδια-

105 2639 256 2689 σκεύως
296 2642 360 2694 [ἐν
384 2642 522 2684 Δέλτα
556 2646 698 2697 σκευῆς
727 2640 782 2692 ὥς
811 2645 1022 2697 Gronov.]
1057 2645 1114 2693 εἷς
1141 2643 1366 2699 Αἴγυπτον.
1426 2648 1545 2687 Eius-

107 2710 198 2749 dem
215 2712 390 2763 Scylacis
409 2713 645 2752 auctoritate
665 2727 758 2752 usus
780 2719 840 2752 est
862 2714 898 2753 A
910 2714 955 2752 ri
967 2715 1187 2754 stoteles
1214 2704 1342 2754 Poli‘t.
1361 2716 1454 2766 VII,
1476 2718 1543 2763 13,

105 2779 287 2829 quamvis
306 2781 442 2831 verba,
460 2781 511 2820 ad
526 2795 628 2834 quae
645 2781 701 2820 ibi
716 2781 879 2834 respicit
896 2782 940 2821 in
961 2783 1135 2835 Scylacis
1155 2782 1315 2835 periplo
1333 2796 1442 2821 nunc
1461 2796 1544 2822 non

107 2846 229 2897 magis
250 2848 521 2900 reperiantur,
555 2863 672 2902 quam
692 2850 787 2898 ista,
818 2848 869 2887 ad
895 2864 995 2902 quae
1016 2855 1214 2903 provocat
1240 2851 1379 2890 Hero
1392 2850 1451 2890 do
1464 2857 1544 2890 tus
