1760 3138
237 338 332 381 324
453 339 900 384 COMMENTARIUS
930 340 990 379 IN
1014 340 1416 379 METEOROLOG.

238 454 405 509 φέγγους
432 451 457 505 ἢ
487 450 552 491 διὰ
580 447 653 501 τὴν
680 452 759 489 τῶν
787 446 946 502 ἄστρων
975 434 1107 501 φορᾶν
1145 447 1293 498 (Tom.
1318 449 1366 486 11.
1395 462 1436 499 p.
1460 447 1575 500 347),
1605 455 1644 486 et

238 523 291 560 ita
319 523 405 572 plus
433 519 566 556 semel.

351 590 389 623 3.
427 586 506 622 Pro
535 578 892 633 θεωρήσωμεν
921 582 971 620 Α.
1002 579 1086 632 (qui
1106 585 1192 630 post
1215 575 1426 628 δυνάμεθα
1456 579 1566 617 addit
1593 578 1646 618 εἲ-

241 649 374 700 πεῖν),
410 651 455 688 Ρ.
487 648 597 699 Sylb.
627 650 711 687 Cas.
740 651 831 698 Bag.
870 646 965 698 (qui
989 646 1129 685 vertit:
1161 644 1474 697 speculabimur)
1503 646 1649 683 habent

241 712 512 767 θεωρήσομεν.
569 715 730 752 Mallem
762 713 904 751 deinde
944 710 1260 762 δυναίμεθα.
1300 713 1420 751 Ροὶἰι.
1450 713 1491 760 Ι,
1522 715 1569 760 2,
1600 715 1647 749 2;

244 780 411 831 ἔδωμεν,
451 776 523 818 κᾶν
551 777 592 818 εἷ’
611 794 649 818 τι
678 778 778 833 πρὸς
802 777 847 818 τὸ
877 776 1017 818 εἶδέναι
1047 777 1133 830 περὶ
1162 774 1293 816 αὐτῶν
1322 776 1545 827 δυναίμεθα
1575 778 1650 815 λα-

242 850 327 898 βεῖν
355 844 511 896 βέλτιον
538 847 618 885 τῶν
646 848 715 885 νῦν
743 842 1147 896 ὑπολαμβανομένων.
1167 866 1222 872 -
1251 841 1377 882 κατὰ
1408 842 1498 882 τὸν
1525 839 1651 896 ὕφη-

244 929 300 967 γη
313 929 341 963 μ
355 911 403 951 ἐν
416 927 435 951 ο
448 927 469 951 ν
499 926 521 950 τ
533 926 555 962 ρ
567 909 626 950 όπ
638 927 690 950 ον
720 919 778 949 est
796 926 851 958 eo,
883 926 992 963 quem
1013 912 1252 949 instituimus
1269 911 1394 948 modo.
1423 911 1493 948 cfr.
1517 910 1649 947 Ethic.

246 983 402 1019 Nicom.
432 980 493 1026 ΙΙ,
524 981 562 1016 7.
600 992 640 1028 p.
675 982 804 1027 1108,
834 992 875 1015 a:
911 979 980 1016 νῦν
1009 975 1051 1015 δὲ
1079 975 1166 1029 περὶ
1195 977 1273 1015 τῶν
1302 976 1449 1014 λοιπῶν
1480 972 1652 1026 λέγωμεν

247 1042 349 1085 κατὰ
379 1042 449 1084 τὸν
478 1039 731 1095 ὗφηγημένον
756 1041 918 1095 τρόπον,
950 1044 1018 1081 ubi
1040 1043 1132 1081 vide
1163 1043 1274 1080 Zell
1300 1043 1417 1080 Tom.
1436 1043 1489 1079 II.
1521 1055 1562 1091 p.
1586 1042 1651 1078 75.

248 1114 369 1151 Polit.
401 1112 441 1159 Ι,
472 1114 508 1147 1.
549 1123 586 1159 p.
608 1112 736 1154 1252,
755 1123 797 1146 a:
835 1108 956 1159 δῆλον
984 1105 1024 1146 δ’
1047 1105 1156 1146 ἔσται
1184 1105 1229 1146 τὸ
1259 1104 1466 1159 λεγόμενον
1497 1105 1655 1145 ἐπισκο-

248 1179 389 1216 ποῦσιν
416 1171 515 1214 κατὰ
540 1172 612 1225 τὴν
630 1170 885 1227 ὑφηγημένην
904 1172 1096 1224 μέθοδον,
1127 1187 1241 1224 quam
1260 1174 1315 1211 ibi
1337 1173 1655 1212 Aristoteles

250 1243 418 1294 explicat
443 1241 596 1279 verbis:
635 1237 766 1293 ὥσπερ
794 1238 869 1292 γὰρ
899 1238 940 1278 ἓν
968 1243 1053 1284 τοῖς
1080 1236 1215 1284 ἄλλοις
1240 1236 1286 1276 τὸ
1316 1236 1510 1277 σύνθετον
1540 1234 1656 1288 μέχρι

249 1310 330 1347 τῶν
367 1304 592 1345 ἀσυνδέτων
630 1303 777 1358 ἀνάγκη
818 1306 982 1359 διαιρεῖν
1036 1303 1186 1356 (ταῦτα
1214 1301 1289 1356 γὰρ
1318 1301 1506 1354 ἐλάχιστα
1532 1300 1657 1353 μόρια

251 1374 322 1412 τοῦ
351 1368 535 1422 παντός),
575 1367 680 1410 οὕτω
713 1397 995 1411 .........
1052 1371 1148 1410 Vidi
1166 1370 1221 1408 ibi
1240 1377 1322 1409 not.
1344 1370 1529 1408 Schnei
1543 1369 1657 1407 deri

253 1441 371 1477 Tom.
391 1439 444 1478 II.
476 1451 517 1488 p.
541 1438 565 1475 6
593 1437 785 1475 laudantis
813 1439 860 1475 de
878 1444 1051 1486 generat.
1073 1437 1236 1474 animal.
1264 1438 1339 1485 ΙΙΙ,
1367 1440 1403 1475 9.
1431 1449 1468 1486 p.
1488 1439 1593 1482 758,
1612 1449 1656 1473 a:

254 1500 407 1542 λεκτέον
433 1500 533 1540 κατὰ
552 1499 624 1552 τὴν
645 1498 900 1555 ὑφηγημένην
917 1500 1110 1553 μέθοδον.
1142 1502 1533 1552 Theophrastus
1550 1503 1676 1552 Hist„

251 1571 381 1618 plant.
406 1570 440 1617 Ι,
463 1572 503 1617 2,
526 1573 563 1607 3.
584 1581 622 1618 p.
640 1573 663 1607 9
693 1569 812 1606 simili
839 1569 1028 1606 sententia
1055 1568 1172 1606 habet
1198 1565 1382 1618 καθάπερ
1401 1563 1656 1620 ὗφηγήσεται.

256 1635 373 1675 Adde
402 1635 649 1684 Gottling.
669 1635 719 1672 ad
737 1635 949 1673 Aristot.
979 1635 1135 1672 Politie.
1155 1647 1192 1685 p.
1209 1633 1407 1674 278.304.
1435 1639 1474 1670 et
1493 1635 1657 1670 Meteor.

256 1704 327 1750 ΙΙΙ,
356 1705 391 1747 1,
425 1704 469 1738 1;
507 1696 578 1738 τὸν
605 1695 859 1752 ὑφηγημένον
887 1696 963 1751 ἤδη
993 1696 1155 1752 τρόπον.
1185 1722 1238 1727 -
1267 1697 1486 1738 ἀποδοῦναι
1515 1699 1661 1737 omittit

256 1769 304 1805 E.
329 1788 383 1796 —-
410 1766 707 1804 Alexander
728 1767 875 1804 nullam
893 1766 1132 1804 mentionem
1150 1766 1244 1804 facit
1267 1766 1458 1803 librorum
1480 1765 1529 1802 de
1547 1766 1661 1816 plan-

258 1833 328 1878 tis,
358 1832 426 1881 qui
444 1831 491 1867 ab
511 1831 734 1869 Aristotelis
755 1845 873 1869 manu
897 1832 1085 1882 profecti,
1114 1844 1181 1868 sua
1200 1830 1326 1868 adhuc
1348 1837 1473 1883 aetate
1490 1831 1662 1886 exstitis-

258 1903 355 1944 sent,
385 1903 424 1933 et
441 1897 483 1933 in
501 1898 787 1934 commentariis
805 1897 854 1934 ad
873 1897 1017 1934 librum
1036 1897 1085 1934 de
1106 1910 1222 1934 sensu
1240 1902 1278 1933 et
1298 1897 1439 1940 sensili,
1470 1908 1544 1944 qua
1565 1895 1661 1932 Ari-

259 1962 407 2000 stotelis
425 1961 571 1999 librum
591 1962 641 1999 de
659 1963 802 2012 plantis
828 1962 1017 2006 meminit,
1047 1961 1177 1998 nullos
1196 1961 1291 1998 tales
1311 1961 1432 1998 libros
1452 1966 1576 1997 aetate
1594 1973 1660 1997 sua

261 2029 451 2076 exstitisse
468 2033 604 2078 aperte
622 2027 767 2074 scribit,
800 2026 868 2064 sed
888 2027 1006 2064 solius
1025 2026 1302 2077 Theophrasti.
1342 2025 1462 2063 Unde
1483 2031 1588 2076 patet
1610 2026 1661 2063 li-

260 2095 371 2142 bros,
401 2094 466 2144 qui
493 2106 597 2131 nunc
619 2091 836 2130 Aristotelis
859 2093 1018 2130 nomine
1039 2093 1392 2136 circumferuntur,
1432 2091 1481 2127 de
1505 2091 1662 2141 plantis,

262 2160 309 2196 ab
333 2159 541 2196 Aristotele
566 2171 647 2196 non
668 2172 749 2196 esse
768 2158 986 2209 profectos,
1014 2171 1088 2208 qua
1108 2159 1157 2197 de
1176 2172 1221 2196 re
1243 2165 1281 2196 et
1299 2157 1403 2195 infra
1426 2157 1593 2193 monebo
1623 2162 1663 2194 et

263 2238 381 2275 supra
399 2225 441 2262 in
458 2224 748 2274 Prolegomenis
768 2225 954 2262 nonnulla
976 2223 1152 2262 disserui.
1189 2237 1212 2261 κ
1224 2219 1321 2261 αθό
1334 2223 1422 2260 λου
1450 2229 1594 2273 spectat
1613 2221 1663 2259 ad

263 2291 385 2329 libros
404 2289 588 2327 historiae
607 2290 841 2338 animalium,
870 2290 919 2327 de
936 2290 1184 2340 generatione
1202 2289 1440 2332 animalium,
1470 2287 1520 2325 de
1539 2288 1663 2338 parti-

266 2357 337 2394 bus
355 2355 597 2393 animalium:
625 2369 693 2405 χω
705 2369 726 2408 ρ
738 2354 784 2404 lg
801 2361 928 2392 autem
947 2355 995 2392 ad
1013 2356 1102 2392 illos
1121 2355 1256 2400 libros,
1274 2355 1315 2392 in
1335 2354 1473 2405 quibus
1490 2353 1662 2404 plurima

267 2428 425 2469 tractat,
454 2434 551 2472 quae
571 2421 644 2458 soli
663 2420 812 2459 homini
830 2421 1030 2467 accidunt,
1062 2420 1391 2471 quemadmodum
1408 2419 1449 2456 in
1467 2419 1535 2464 iis,
1564 2431 1662 2467 quae

270 2499 428 2536 parva
456 2487 716 2523 naturalia
743 2487 877 2524 vocari
901 2487 1040 2524 solent.
1073 2482 1255 2536 σχεδόν
1285 2483 1660 2534 Olympiodoro

270 2558 443 2601 spectare
478 2551 634 2589 videtur
667 2551 716 2588 ad
743 2552 863 2589 libros
903 2551 961 2588 de
995 2552 1172 2589 anima.
1241 2550 1295 2587 At
1322 2549 1533 2586 modestius
1563 2548 1662 2586 illud

273 2614 411 2666 σχεδόν
430 2630 544 2667 saepe
564 2616 672 2654 addit
693 2617 1030 2664 Aristoteles,
1058 2622 1102 2654 ut
1129 2615 1288 2652 Rhetor.
1311 2615 1342 2661 Ι,
1363 2618 1402 2652 2.
1425 2625 1464 2663 p.
1479 2614 1596 2658 1356,
1618 2627 1659 2651 a:

273 2680 359 2732 περὶ
378 2679 451 2731 μὲν
469 2674 539 2719 οὖν
555 2682 626 2730 τῆς
644 2678 847 2730 δυνάμεως
869 2679 999 2720 αὐτῶν
1017 2679 1080 2719 καὶ
1100 2681 1184 2725 πῶς
1205 2677 1335 2728 ἔχουσι
1362 2674 1462 2729 πρὸς
1489 2674 1661 2728 ἄλληλας

274 2743 421 2796 εἴρηται
441 2742 576 2794 σχεδὸν
592 2743 744 2790 ἱκανῶς.
764 2748 834 2785 cfr.
846 2748 954 2784 zell
978 2746 1028 2783 ad
1044 2752 1076 2783 A
1087 2745 1190 2782 rist.
1205 2744 1336 2782 Ethie.
1351 2745 1441 2781 Nic,
1458 2744 1506 2781 ΙΙ.
1522 2756 1559 2793 p.
1572 2744 1606 2779 4.
