1774 3198
481 945 1170 1005 ADDITAMENTA.

158 1176 163 1180 ⁴
225 1183 522 1237 Coniungumus
553 1182 739 1223 secundis
775 1181 889 1221 hisce
928 1183 1034 1222 curis
1071 1196 1173 1234 quae
1209 1189 1250 1222 et
1288 1185 1548 1226 instrumenti

108 1254 235 1293 critici
263 1254 432 1306 penuria
466 1259 552 1291 tum
583 1265 676 1290 cum
704 1252 837 1302 ipsum
874 1264 976 1302 opus
1008 1250 1226 1291 absolvisse
1264 1253 1447 1293 arbitrati
1484 1269 1548 1293 es-

107 1335 260 1369 semus,
299 1319 494 1372 praebere
529 1332 613 1357 non
652 1325 902 1370 poteramus,
949 1325 1036 1357 tum
1067 1333 1133 1368 ea,
1178 1334 1278 1372 quae
1310 1323 1549 1374 corrigenda

107 1404 192 1429 esse
228 1388 407 1428 vidimus
444 1393 565 1436 tunc,
616 1400 709 1425 cum
747 1386 926 1438 singulae
962 1388 1146 1439 plagulae
1187 1389 1348 1440 prelum
1388 1380 1547 1431 iamiam

105 1458 371 1510 reliquerunt.
429 1456 569 1494 Primo
595 1455 719 1506 igitur
738 1455 828 1493 loco
860 1455 1041 1505 sequitur
1069 1456 1229 1511 collatio
1256 1456 1440 1496 editionis
1469 1461 1550 1498 Ba-

106 1525 285 1564 sileensis
310 1523 455 1562 tertiae
491 1537 583 1561 cum
613 1523 791 1561 editione
826 1523 1027 1572 Bekkeri,
1075 1525 1185 1564 cuius
1214 1524 1401 1563 editionis
1431 1539 1548 1565 usum

108 1606 162 1632 ex
189 1592 312 1643 copiis
338 1589 611 1630 Bibliothecae
639 1591 839 1642 Georgiae
867 1592 1072 1643 Augustae
1111 1592 1398 1631 humanissime
1434 1595 1550 1633 nobis

108 1660 303 1699 concessit
329 1672 509 1697 summus
536 1658 598 1696 illi
626 1658 852 1709 praefectus
876 1665 1010 1697 custos
1039 1659 1101 1698 Ill.
1128 1660 1305 1700 Reuss.
1363 1662 1549 1702 Titulum

109 1727 296 1766 editionis
327 1725 607 1777 adscripsimus
637 1725 680 1763 in
704 1726 973 1776 praefatione,
1002 1727 1073 1765 ubi
1095 1728 1210 1766 etiam
1237 1729 1288 1768 de
1312 1727 1550 1770 auctoritate

109 1795 217 1845 eius,
257 1807 357 1846 quae
386 1794 444 1834 fas
478 1799 588 1842 erat,
626 1793 868 1833 monuimus.
937 1796 1254 1848 Meteorologica
1288 1799 1551 1850 reperiuntur

109 1863 206 1902 inde
233 1876 256 1901 a.
274 1875 372 1914 pag.
397 1861 480 1901 247
508 1875 633 1913 usque
662 1861 712 1900 ad
740 1875 831 1914 pag.
853 1865 950 1901 276.
1328 1857 1330 1859 ’

266 1972 360 2007 Edit.
383 1971 554 2007 Bekkeri.
1002 1973 1098 2009 Edit.
1124 1975 1207 2009 Bas.
1231 1976 1432 2024 Iseugrinii.

566 2039 773 2082 Liber
820 2041 1092 2095 primus.

452 2121 745 2174 Inscriptio
793 2121 987 2173 capitis
1034 2123 1207 2173 primi.

102 2189 177 2237 ξ’.Ων
204 2194 295 2252 πέρι
324 2195 427 2253 (Bas.
453 2198 566 2252 περὶ)
594 2195 794 2252 πρότερον
824 2196 979 2251 εἴρηται
1008 2199 1074 2239 καὶ
1103 2191 1160 2240 ὧν
1188 2198 1279 2256 πέρι
1309 2202 1420 2251 (iter.
1441 2202 1550 2259 περὶ)

615 2265 758 2320 ἐφεξῆς
786 2263 1045 2318 λεχθήσεται.

109 2340 144 2377 2ss
159 2340 292 2378 λοιπὸν
308 2340 430 2378 δ’ἐστὶ
453 2343 563 2387 μέρος
588 2340 654 2387 τῆς
676 2341 796 2389 μεθᾶ-
864 2341 997 2378 λοιπόν
1021 2339 1059 2378 δ’
1084 2344 1139 2379 ἔτι
1167 2343 1307 2391 ταύτης
1333 2344 1400 2392 τῆς
1423 2346 1551 2392 μεθό-

200 2396 261 2433 δου
283 2399 432 2444 ταύτης.
910 2397 985 2436 ὅου.

156 2451 195 2489 οἱ
209 2454 403 2500 πρότερον.
862 2454 900 2492 οἱ
913 2455 1103 2503 πρότεροι.

153 2510 214 2556 τῆς
236 2510 302 2546 τοῦ
323 2509 470 2557 πρώτου
495 2513 684 2556 στοιχείου.
861 2512 928 2548 σοῦ’
951 2510 1094 2558 πρώτου
1118 2518 1306 2559 στοιχείου.
1530 2561 1536 2567 .

861 2572 947 2605 Post
988 2569 1132 2615 ἄστρων
1170 2574 1298 2608 maiori
1332 2573 1550 2623 interpungit

909 2627 1150 2664 distinctione.

153 2677 220 2716 ὅσα
243 2694 283 2716 τε
307 2682 466 2726 θείημεν
490 2679 547 2716 ἄν.
860 2679 931 2718 ὅσα
953 2685 1152 2730 τεθείημεν
1174 2684 1232 2726 ἕν,

108 2739 142 2773 3.
155 2736 412 2782 θεωρήσωμεν.
861 2739 1111 2784 θεωρήσομεν,

154 2794 194 2829 εἴ
211 2808 248 2830 τι
273 2790 479 2838 δυναίμεθα.
861 2797 900 2830 εἴ
930 2810 967 2830 τι
1001 2794 1194 2842 δυνάμεθα
1230 2797 1368 2845 εἰπεῖν,
1413 2801 1546 2836 omisso

906 2853 1035 2888 deinde
1055 2851 1272 2891 α’ποδοῦναι.
1317 2874 1320 2878 -
