1774 3198
330 350 422 393 562
546 356 991 396 COMMENTARIUS
1020 356 1079 395 IN
1104 324 1505 398 METEOROLbG.

437 473 476 507 9.
507 463 580 512 τάς
600 471 690 504 ante
706 462 930 519 χειμερινάς
947 467 1135 505 omittunt
1150 468 1199 505 E.
1218 467 1267 505 H.
1287 468 1339 506 N.
1369 467 1486 506 Alex.
1505 468 1576 508 fol.
1590 472 1679 515 101,
1691 469 1729 506 b.

327 537 375 573 A.
405 546 615 585 perperam
644 533 717 571 cfr.
737 532 830 582 §.72
858 529 960 582 μετὰ
983 529 1055 578 τὰς
1071 529 1236 585 θερινὰς
1254 530 1427 584 τροπάς,
1458 547 1537 584 quo
1561 541 1733 585 spectant

327 601 448 639 verba
474 599 589 637 huius
620 598 864 650 paragraphi.
899 622 948 628 —
997 590 1106 637 οὗτοι
1134 597 1198 638 καὶ
1227 595 1301 650 γάρ
1338 605 1484 638 mutato
1514 601 1652 638 ordine
1680 603 1730 640 A.

326 666 432 706 Cam.
465 665 581 704 Alex.
614 687 662 693 —-
691 665 825 703 Verba
851 663 1034 704 πνέουσιν
1064 690 1208 704 .....
1240 661 1429 716 ἄρχονται
1455 667 1584 717 prima
1614 679 1732 704 manu

326 732 457 770 omisit
484 732 532 770 E.
580 729 644 769 καὶ
673 726 863 783 ἄρχονται
903 746 976 783 pro
1005 728 1082 784 γὰρ
1113 727 1300 783 ἄρχονται
1329 731 1448 771 Alex.
1491 755 1541 762 --
1586 733 1733 783 πολλῆς

326 798 448 838 δεῖται
475 812 550 849 pro
578 796 757 843 πλείονος
778 796 899 836 δεῖται
917 801 964 837 F.
990 821 1040 827 --
1069 798 1222 848 μᾶλλον
1250 810 1325 848 pro
1353 793 1471 837 πάλιν
1501 798 1661 837 exhibet
1677 798 1732 851 N.

329 888 376 894 —
407 865 610 904 Articulus
639 870 728 902 ante
758 865 938 916 θεριναῖς
965 864 1073 903 deest
1099 864 1205 916 apud
1234 865 1279 902 E.
1317 885 1372 893 —
1411 860 1631 903 πνεύσωσιν
1659 877 1733 916 pro

311 929 495 979 ,πνέωσιν
523 932 569 969 F.
589 931 642 968 H.
662 931 714 968 N.
745 928 827 982 (qui
850 932 966 969 etiam
996 930 1176 970 ordinem
1200 931 1418 970 verborum
1433 931 1598 969 invertit
1616 926 1734 969 πνεύ-

326 1011 424 1037 σωσι
442 1000 529 1042 ταῖς
546 996 739 1049 θεριναῖς)
770 999 876 1036 Cam.
897 1010 955 1049 γρ.
979 997 1064 1035 Cas.
1079 1018 1135 1025 -—
1164 994 1201 1035 οἳ
1222 994 1374 1047 ἐτησίαι
1401 997 1585 1035 omittunt
1605 995 1660 1035 N.
1693 1003 1733 1035 et

324 1065 453 1115 prima
472 1076 591 1100 manu
612 1065 660 1100 F.
680 1064 731 1100 H.
763 1062 936 1114 αἷτησιάι
967 1063 1127 1101 exhibet
1141 1067 1213 1110 A.,
1242 1062 1350 1113 quod
1375 1063 1561 1102 mendum
1588 1064 1732 1115 repetit

324 1131 394 1168 Er.
416 1152 470 1159 -—
500 1125 628 1166 ἐθέλει
655 1142 730 1179 pro
752 1127 861 1168 θέλει
890 1130 1036 1168 habent
1053 1130 1170 1168 Alex.
1193 1130 1299 1167 Cam.
1325 1130 1368 1168 Ρ.
1389 1130 1428 1167 S.
1448 1130 1602 1168 cas.-
1623 1133 1730 1168 πνεΐν

324 1191 466 1245 ἄνεμος
492 1189 556 1232 ἀεί
580 1200 727 1232 mutato
757 1195 973 1233 verborum
1003 1195 1142 1233 ordine
1165 1196 1216 1232 H.
1239 1194 1292 1232 N.

435 1263 499 1299 10.
539 1256 634 1298 ἀπὸ
662 1261 752 1311 τῆς
782 1261 1000 1313 θερινῆς
1035 1261 1247 1313 τροπῆς,
1282 1273 1372 1298 cum
1403 1265 1533 1298 aerem
1562 1274 1642 1298 non
1667 1274 1730 1298 se-

323 1340 413 1366 cum
429 1325 550 1372 vehat
566 1327 660 1376 polo
679 1326 850 1365 austrino
867 1327 1064 1372 vicinum,
1092 1325 1162 1364 sed
1188 1326 1256 1376 qui
1280 1326 1482 1364 incumbat
1506 1326 1730 1376 regionibus

323 1393 424 1431 circa
441 1391 637 1442 tropicum
656 1393 801 1431 cancri.
820 1414 876 1422 -
901 1393 973 1443 τῆς
993 1391 1163 1442 δυνατῆς
1178 1387 1315 1443 χώρας
1333 1391 1529 1430 οἰκεῖσθαι
1560 1392 1726 1442 Olymp.

323 1460 390 1498 fol.
413 1458 479 1504 41,
500 1457 537 1496 b.
555 1479 611 1487 -——
650 1457 823 1496 Nomina
853 1459 1041 1496 arctici
1068 1458 1152 1509 poli
1180 1463 1220 1495 et
1245 1458 1545 1507 antarctici,
1589 1459 1728 1508 quibus

324 1526 448 1564 utitur
465 1531 603 1562 auctor
621 1524 712 1562 libri
737 1524 786 1561 de
803 1524 951 1562 mundo
977 1522 1023 1577 (c.
1044 1528 1084 1562 2.
1114 1536 1154 1575 p.
1175 1526 1268 1568 392,
1287 1536 1329 1560 a:
1357 1525 1437 1562 τῶν
1466 1521 1508 1562 δὲ
1536 1520 1728 1575 ἀκινήτων

323 1587 457 1630 πόλων
482 1586 635 1629 τούτων
658 1584 769 1640 ὃμὲν
789 1585 849 1628 ἀεὶ
877 1586 1051 1643 φανερός
1079 1586 1185 1628 ἔστιν
1212 1585 1311 1642 ὑπὲρ
1339 1586 1518 1642 κορυφὴν
1547 1585 1600 1628 ὢν
1627 1586 1730 1628 κατὰ

323 1653 367 1696 τὸ
394 1652 552 1707 βόρειον
581 1653 722 1707 κλίμα,
764 1652 1013 1708 ἀρκτικός
1041 1651 1282 1707 καλούμενος
1299 1670 1308 1678 ·
1346 1650 1366 1694 ὃ
1396 1653 1439 1694 δὲ
1465 1650 1541 1694 ὑπὸ
1570 1657 1642 1707 γῆς
1670 1652 1729 1694 ἀεὶ

323 1720 637 1775 κατακέκρυπται
678 1718 780 1761 κατὰ
819 1718 865 1760 τὸ
895 1718 1046 1769 νότιον,
1095 1717 1285 1774 ἇνταρκ
1297 1718 1403 1760 τικὸ
1418 1735 1438 1767 ς
1471 1717 1728 1773 καλούμενος)

321 1771 498 1828 nond'um
514 1795 607 1827 nota
627 1794 739 1826 erant
757 1788 1048 1842 Aristoteli.
1077 1786 1118 1826 Is
1134 1789 1278 1839 ubique
1296 1787 1428 1827 verbis
1448 1782 1468 1825 ὃ
1489 1784 1572 1826 ἅνω
1590 1785 1725 1837 πόλος,

322 1850 343 1893 ὃ
360 1851 468 1894 κάτω
487 1861 527 1894 et
544 1854 736 1892 similibus
757 1843 850 1892 usus
870 1860 939 1892 est.
969 1856 1017 1892 In
1033 1854 1136 1892 libro
1156 1853 1204 1891 de
1223 1855 1334 1892 eaelo
1353 1857 1404 1904 H,
1418 1858 1456 1892 2.
1476 1868 1512 1905 p.
1525 1854 1657 1900 284,b
1671 1867 1726 1904 sq,

321 1922 380 1959 rei
400 1921 585 1971 cuiusque
604 1921 706 1958 latus
722 1920 907 1958 dextrum
928 1920 1006 1958 dici
1023 1919 1064 1957 id
1084 1920 1210 1969 docet,
1229 1921 1296 1958 abs
1316 1933 1392 1970 quo
1409 1925 1537 1957 motus
1555 1919 1726 1970 incipiat,

319 1988 362 2025 in
382 1986 461 2024 loci
478 1986 692 2024 mutatione
713 1985 872 2037 positus.
929 1987 1064 2036 Itaque
1083 1998 1171 2023 cum
1190 1986 1286 2023 caeli
1304 1986 1501 2023 revolutio
1529 1984 1724 2035 proficisci

318 2053 411 2090 inde
445 2052 710 2100 existimetur,
756 2052 825 2089 ubi
860 2052 1062 2090 stellarum
1100 2057 1261 2089 exortus
1300 2051 1488 2101 contingit
1507 2065 1515 2089 ι
1572 2051 1725 2101 plagam

321 2119 501 2157 dextram
529 2119 665 2168 utique
685 2117 807 2165 hanc,
837 2116 1198 2156 contrariam'vero
1227 2117 1424 2155 sinistram
1453 2130 1534 2154 esse
1560 2116 1724 2154 monuit.

321 2183 421 2232 (cfr.
440 2184 511 2222 hac
529 2185 571 2221 in
585 2197 630 2221 re
660 2184 933 2222 stobaeum
953 2183 1266 2234 Eclog.plzys.I-
1286 2197 1326 2234 p.
1341 2186 1431 2222 358.
1458 2184 1551 2220 Plu
1566 2188 1609 2219 ta
1624 2181 1722 2220 rch.

321 2251 471 2287 Placit.
486 2249 638 2299 philos.
666 2250 731 2299 II,
756 2253 819 2288 10.
847 2263 886 2301 p.
909 2254 959 2289 52
989 2256 1027 2288 et
1055 2263 1153 2301 quae
1183 2254 1452 2299 exposuerunt
1484 2248 1722 2287 Sturzius

319 2315 368 2354 ad
397 2314 759 2365 Empedoclem
794 2329 835 2367 p.
863 2319 943 2355 336
972 2329 1055 2367 sqq.
1119 2316 1336 2354 Balfour
1376 2315 1426 2353 ad
1464 2313 1719 2353 Cleom-ed.

318 2383 491 2418 Meteor.
522 2382 564 2430 Ι,
593 2384 629 2420 1.
656 2393 696 2432 p.
714 2384 796 2420 280
816 2395 872 2433 sq.
915 2381 975 2420 ed.
1004 2382 1158 2428 Bake,
1198 2380 1411 2419 Ernesti
1448 2381 1498 2420 ad
1526 2381 1722 2419 Homer.

318 2446 443 2484 Iliad.
461 2441 520 2496 μ’,
539 2449 619 2486 239
631 2475 642 2495 ,
672 2447 740 2486 ubi
759 2447 855 2486 haec
876 2447 994 2487 verba
1013 2448 1220 2497 leguntur:

541 2508 606 2550 εἴτ’
632 2509 695 2550 ἐπὶ
725 2509 821 2561 δέξι’
854 2510 954 2560 ἴωσι,
988 2510 1090 2566 πρὸς
1117 2508 1176 2564 ἠῶ
1203 2508 1234 2551 τ’
1257 2508 1389 2563 ἠέλιόν
1408 2526 1449 2552 τε

541 2574 606 2617 εἴτ’
630 2575 686 2616 ἐπ’
708 2575 898 2631 ἀριστερὰ
917 2577 1020 2631 τοίγε
1047 2577 1138 2618 ποτὶ
1168 2574 1290 2633 ζόφον
1317 2576 1515 2631 ἠεροέντα,

318 2642 546 2691 praesertim
584 2656 683 2682 vero
722 2645 942 2685 Lobeck.
975 2645 1257 2696 Aglaopham.
1289 2647 1404 2682 Tom.
1423 2644 1474 2682 ΙΙ.
1503 2656 1544 2694 Ρ.
1567 2645 1643 2683 915
1665 2657 1717 2695 sq.

319 2706 432 2744 docte
460 2707 531 2745 hac
553 2708 602 2746 de
619 2722 665 2747 re
692 2708 974 2761 disserentem).
1031 2710 1187 2760 Quodsi
1215 2723 1308 2761 ergo
1334 2710 1480 2747 caelum
1506 2722 1528 2746 a
1546 2709 1720 2748 dexteris

318 2771 367 2807 ad
388 2771 528 2809 dextra
543 2779 772 2823 torquetur,
800 2777 1047 2826 superiorem
1067 2776 1149 2813 eius
1166 2782 1316 2825 partem
1338 2775 1543 2813 constituat
1563 2787 1720 2814 necesse
