1774 3198
419 337 642 378 LIBRUM
672 337 910 379 PRIMUM.
972 338 1087 378 cAP.
1111 338 1228 378 XIII.
1462 330 1560 375 453

112 449 276 489 tentiam
315 450 456 491 habuit
484 452 678 490 Seneca
709 453 883 504 Quaest.
904 460 995 491 nat.
1020 454 1092 500 ΙΙΙ,
1117 455 1164 491 7:
1198 450 1314 503 Quid
1333 452 1449 503 quod
1464 451 1559 502 flu-

112 519 230 556 mina
254 519 469 570 quaedam
487 526 710 570 erumpunt
729 521 850 558 saxis
873 527 915 558 et
935 518 1176 559 montibus?
1230 519 1317 558 His
1335 520 1441 571 quid
1457 532 1559 559 con-

100 585 250 636 ferent
262 586 457 636 pluviae,
487 599 598 639 quae
608 601 690 638 per
708 587 844 625 nudas
865 601 990 638 rupes
1012 587 1278 639 defit-untur,
1305 601 1381 626 nee
1403 586 1562 626 habent

112 660 286 703 terram,
315 657 384 693 cui
405 654 655 693 insideant?
673 675 731 686 —-
759 649 848 694 ἶσον
870 655 922 695 Α.
942 656 1053 695 Cam.
1074 657 1113 694 S.
1132 661 1179 694 ut
1196 656 1284 694 fere
1304 669 1479 707 semper.
1504 678 1555 684 —

111 719 207 760 Post
236 718 356 774 ὄγκον
384 722 540 762 addunt
567 719 636 762 διὰ
661 719 897 775 πυκνότητα
921 721 978 764 Α.
1003 725 1115 764 cam.
1138 725 1180 763 P.
1200 725 1242 762 S.
1265 723 1356 762 Cas.
1390 745 1440 752 ——-
1482 723 1557 763 τοῦ

110 786 302 841 σώματος
327 791 438 830 Cam.

223 857 289 897 14.
329 854 470 912 διόπερ
500 854 690 912 καθάπερ
718 859 947 912 recepimus
975 873 1027 899 ex
1056 860 1104 899 E.
1129 858 1181 898 A.
1210 858 1253 897 P.
1281 858 1325 897 S.
1358 857 1558 911 probante

109 925 442 965 Schneidero
474 927 502 965 l.
527 927 557 965 1.
594 928 684 976 XI,
716 930 755 966 6.
796 941 839 980 p.
876 930 970 967 181.
1009 927 1138 968 Bekk.
1169 940 1262 966 cum
1292 927 1459 979 reliquis
1493 922 1556 967 διὸ

108 990 299 1048 καθάπερ
330 994 439 1046 quod
457 994 566 1034 infra
580 996 757 1034 recurrit
774 996 830 1043 ΙΙ,
853 998 891 1046 8,
911 997 1048 1036 35.--
1077 995 1258 1034 πλεῖστοι
1278 1008 1356 1047 pro
1374 991 1556 1047 μέγιστοι

105 1075 170 1114 pr.
189 1075 314 1100 manu
331 1064 376 1101 F.
399 1084 456 1091 —
485 1059 613 1116 ὀρέων
641 1064 690 1102 Ε.
711 1064 764 1102 Α.
797 1069 843 1101 ut
868 1074 992 1116 supra
1019 1063 1056 1112 §.
1080 1065 1147 1102 11.
1179 1083 1230 1091 -
1262 1058 1487 1113 θεωμένοις
1506 1056 1556 1114 ἧ-

104 1133 176 1180 μῖν
206 1130 509 1182 Olympiod.
540 1130 637 1169 Aldi
667 1130 738 1169 sol.
761 1129 884 1178 24,a.
913 1131 1005 1182 γῆς
1030 1125 1318 1183 περιόδους
1346 1129 1420 1168 cfr.
1446 1129 1555 1168 infra

106 1199 167 1247 II,
200 1200 245 1237 5:
285 1194 348 1237 διὸ
381 1196 448 1236 καὶ
476 1197 642 1250 γελοίως
667 1193 874 1250 γράφουσι
911 1198 984 1236 νῦν
1013 1194 1089 1244 τὰς
1116 1192 1334 1250 περιόδους
1361 1197 1435 1249 τῆς
1465 1197 1553 1250 γῆς.

106 1264 281 1306 Ιῧιειον.
298 1267 329 1314 Ι,
350 1265 389 1304 4.
419 1279 459 1318 Ρ.
483 1269 605 1316 1360,
622 1279 659 1305 a.
719 1267 927 1319 Imprimis
953 1265 1019 1304 adi
1046 1266 1255 1318 epistolam
1285 1264 1554 1304 Eustathii

104 1333 399 1372 commentariis
430 1333 482 1372 ad
510 1334 728 1386 Dionys.
764 1335 1025 1387 Perieget.
1061 1334 1324 1386 praemissum
1354 1347 1394 1386 p.
1416 1336 1472 1372 77
1490 1346 1552 1385 sq.

103 1400 168 1439 ed.
200 1400 538 1454 Bernhardy:
569 1399 702 1442 ἰστέον
723 1399 816 1456 γὰρ,
848 1398 912 1442 ὅτι
942 1399 1132 1454 περίοδος
1156 1402 1231 1454 γῆς
1261 1399 1327 1440 καὶ
1356 1396 1552 1454 περιήγη-

104 1480 167 1515 σις
202 1465 354 1508 ταύτὸν
393 1470 534 1508 νοοῦσι
572 1468 640 1509 καὶ
679 1469 737 1518 εἷς
769 1469 868 1522 μίαν
897 1467 1054 1509 ἔννοιαν
1083 1466 1294 1523 ἔρχονται·
1340 1465 1404 1507 διὸ
1433 1466 1501 1507 καὶ
1529 1462 1552 1507 ὃ

99 1532 296 1587 Ἀμασεὺς
330 1534 568 1592 γεωγράφος
606 1534 735 1589 συχνὰ
770 1536 861 1591 περὶ
899 1535 976 1584 τὰς
1003 1533 1196 1583 τοιαύτας
1225 1533 1349 1583 λέξεις
1377 1533 1550 1586 εἱλεῖται,

85 1600 152 1642 -οὖ
182 1601 311 1654 μόνον
343 1607 602 1659 γεωγραφίαν
636 1602 712 1657 τὴν
741 1601 890 1644 ἑαυτοῦ
918 1601 1144 1656 ἐπιστήμην
1172 1601 1295 1652 ἀξιῶν
1322 1605 1550 1654 καλεῖσθαι,

105 1667 197 1709 ἀλλ’
234 1668 330 1711 οὗδὲ
360 1669 594 1725 περιήγησιν
624 1672 692 1712 καὶ
720 1671 912 1726 περίοδον
941 1671 1132 1726 λέγεσθαι
1162 1669 1357 1720 ἀπαξιῶν.
1395 1670 1462 1712 καὶ
1483 1668 1551 1712 oii-

103 1753 163 1779 τω
191 1737 268 1790 μέν
296 1738 488 1793 περίοδος
515 1741 588 1793 γῆς
616 1739 683 1780 καὶ
714 1737 950 1794 περιήῃσις
970 1740 1027 1788 εἷς
1046 1737 1117 1780 ἕνα
1136 1736 1240 1780 κατὰ
1262 1738 1551 1791 πολυωνυμιάν

105 1803 347 1860 συνάγονται
371 1808 483 1858 νοῦν,
514 1806 587 1846 καί
611 1807 711 1849 εἰσιν
739 1806 924 1860 ὀνόματα
951 1805 1098 1862 γενικά,
1129 1805 1274 1859 ἔχοντα
1300 1803 1369 1862 ὕφ’
1402 1803 1552 1848 ἑαυτοῦ

103 1871 178 1926 τήν
206 1889 251 1914 τε
277 1873 535 1929 γεωγραφίαν
571 1875 638 1916 καὶ
654 1897 657 1899 -
675 1872 750 1928 τὴν
782 1875 1098 1931 χωρογραφίαν,
1145 1872 1236 1929 ἤτοι
1266 1873 1549 1929 τοπογραφίαν

103 1948 144 1981 et
161 1955 200 1994 q.
220 1954 266 1982 s:
308 1943 523 1983 Caeterum
550 1950 731 1996 spectare
757 1945 923 1985 videtur
942 1944 980 1982 h.
998 1945 1026 1983 l.
1061 1944 1384 1984 Aristoteles
1412 1938 1551 1997 περιό-

103 2009 202 2057 δους
217 2011 290 2063 γῆς
308 2008 359 2050 ab
382 2011 599 2050 Eudoxo
629 2010 718 2066 (cfr.
749 2013 934 2054 Ideler
963 2013 1012 2050 de
1031 2013 1209 2050 Eudoxo
1237 2011 1390 2050 Cnidio
1417 2026 1456 2064 p.
1476 2011 1549 2063 12)

105 2085 147 2117 et
174 2080 386 2130 Scylace
415 2081 673 2132 conscriptas,
702 2086 895 2120 monente
918 2079 1236 2119 Schneidero
1261 2079 1312 2118 ad
1329 2080 1548 2118 Aristot.

105 2147 270 2185 Histor.
293 2149 473 2185 animal.
492 2149 621 2199 praef.
654 2162 694 2200 p.
711 2150 807 2188 XL.
841 2148 975 2188 Etiam
1006 2147 1349 2186 Democritus
1377 2140 1469 2198 γῆξ
1479 2159 1551 2185 πε-

107 2211 246 2266 ρίοδον
275 2215 566 2266 conscripserat
596 2222 698 2254 teste
728 2214 1079 2266 Agathemere
1106 2216 1147 2261 I,
1175 2217 1209 2251 1.
1241 2226 1282 2265 p.
1303 2217 1342 2252 2.
1383 2211 1548 2253 Huds.

106 2278 197 2332 ἑξῆς
224 2278 489 2333 Δημόκριτος
517 2280 583 2320 καὶ
611 2278 793 2328 Εὔδοξος
823 2280 889 2320 καὶ
916 2278 1032 2320 ἄλλοι
1060 2278 1166 2326 τινὲς
1200 2281 1274 2331 τῆς
1310 2281 1382 2332 γῆς
1413 2275 1551 2333 περιό-

106 2347 204 2395 ὁους
230 2347 297 2387 καὶ
322 2347 540 2401 περίπλους
558 2343 951 2402 ἐπραγματεύσαντο.
988 2349 1108 2388 Adde
1124 2350 1271 2388 Marx
1291 2347 1342 2386 ad
1358 2347 1468 2399 Eph
1480 2361 1548 2387 or.

104 2431 147 2469 p.
174 2420 269 2459 189.
293 2438 352 2444 —
380 2413 592 2469 ἀνέγραψα
611 2417 664 2455 Ν.
686 2413 973 2470 ἀνεγράψαμεν
994 2418 1043 2456 F.
1061 2440 1113 2446 —-
1154 2412 1250 2455 ὅσον
1269 2429 1345 2467 pro
1367 2411 1477 2454 ὅσων
1497 2416 1549 2454 Ν.

223 2486 287 2524 15.
307 2483 576 2523 Difficultates
593 2491 732 2523 movet
750 2485 1016 2537 gravissima,
1034 2485 1102 2537 qui
1119 2484 1299 2536 sequitur
1318 2496 1433 2521 mons
1449 2483 1551 2521 Par-

106 2565 258 2591 nassus.
314 2553 492 2590 Vicom
505 2559 716 2591 ercatus
738 2566 777 2604 p.
798 2556 865 2602 82,
876 2566 911 2601 a,
941 2558 1151 2604 postquam
1172 2551 1363 2590 nonnulla
1383 2550 1434 2589 de
1450 2549 1550 2590 Par-

108 2633 223 2658 nasso
261 2620 456 2659 Graeciae
482 2627 620 2659 monte
638 2620 782 2670 attulit,
808 2621 864 2660 ita
883 2620 1037 2673 pergit:
1069 2618 1154 2658 Sed
1169 2618 1249 2657 hoe
1272 2618 1335 2656 ad
1346 2629 1550 2668 praesens

109 2686 222 2724 nihil
247 2689 414 2726 attinet.
472 2689 589 2726 Illud
613 2702 712 2728 vero
738 2686 859 2727 nobis
884 2696 958 2726 sat
985 2694 1066 2736 est,
1105 2688 1152 2724 in
1173 2684 1287 2724 Asia
1308 2686 1550 2724 Parnasum

110 2767 195 2792 non
216 2768 323 2793 esse:
354 2762 400 2793 ut
419 2756 710 2808 intelligamus
733 2770 825 2795 eum
847 2763 1041 2802 montem,
1069 2755 1188 2792 cuius
1207 2766 1319 2791 nunc
1337 2751 1550 2790 Aristote-

111 2821 168 2858 les
187 2823 391 2870 meminit,
425 2826 669 2863 Parnasum
687 2838 772 2863 non
792 2837 896 2872 esse,
927 2837 1010 2862 non
1036 2818 1380 2873 Paropamisum,
1410 2821 1482 2870 qui
1507 2820 1551 2857 in
