1820 3158
93 362 504 409 -p.346,a.13ekk.—
569 365 720 405 LIBJ.
748 362 999 404 cAP.V111.
1051 359 1420 406 —p.332,D.Cas.—
1467 352 1529 396 33

90 476 252 526 τούτοις
278 476 335 519 ἔτι
365 475 468 519 καθ’
490 474 537 519 ὃν
566 475 692 518 τόπον
721 474 956 518 πυκνότατα
985 473 1052 514 καὶ
1079 476 1247 515 πλεῖστα
1276 474 1343 515 καὶ
1359 472 1529 527 μέγιστα

90 544 355 600 τυγχάνουσιν
382 543 481 587 ὄντα
509 549 590 587 τῶν
620 543 799 600 ἄστρων.
867 544 935 584 14.
970 540 1020 584 Ὅ
1046 542 1123 596 μὲν
1152 536 1225 584 οὖν
1253 546 1336 584 τῶν
1365 541 1520 599 ζῳδίων
1534 540 1585 580 14

90 612 158 653 διὰ
186 612 262 667 τὴν
288 616 362 654 τοῦ
390 610 507 667 ἡλίου
536 612 671 669 φορὰν
702 612 768 654 καὶ
800 610 875 664 τὴν
914 614 996 652 τῶν
1026 609 1243 664 πλανήτων
1272 607 1423 651 διαλύει
1456 607 1531 663 τὴν

88 679 281 734 τοιαύτην
310 680 516 731 σύστασιν,
548 678 688 734 διόπερ
717 679 755 721 οἳ
776 678 919 720 πολλοὶ
938 681 1020 719 τῶν
1039 681 1228 732 κομητῶν
1257 676 1372 726 ἐκτὸς
1397 677 1531 732 γίνον-

88 763 154 788 ται
191 751 274 789 τῶν
303 751 518 804 τροπικῶν.
573 747 630 789 ἔτι
663 746 705 788 ‹5’
738 746 830 789 οὔτε
867 746 958 800 περὶ
996 745 1113 800 ’ἥλιον
1153 744 1245 787 οὔτε
1282 745 1373 801 περὶ
1412 741 1532 797 σελή-

86 831 160 868 νην
190 817 335 870 γίνεται
366 814 496 870 κόμη·
550 818 709 856 θᾶττον
736 814 813 870 γὰρ
845 813 1120 868 διακρίνουσιν
1145 811 1171 867 ἢ
1203 811 1306 854 ὥστε
1337 815 1531 865 συστῆναι

85 881 277 936 τοιαύτην
312 881 531 938 σύγκρισιν.
600 887 666 924 15.
714 875 847 932 Οὗτος
885 881 927 923 δ’
963 878 983 922 ὃ
1015 879 1162 929 κύκλος
1200 879 1243 921 ἓν
1272 871 1306 936 ᾧ
1337 878 1384 920 τὸ
1413 877 1520 933 γάλα
1535 879 1584 916 15

85 951 270 1005 φαίνεται
298 957 386 998 τοῖς
415 947 588 1004 ὁρῶσιν,
637 949 659 992 ὅ
690 967 733 992 τε
761 950 950 1004 μέγιστος
978 947 1034 990 ὢν
1062 947 1247 1003 τυγχάνει
1278 947 1342 988 καὶ
1373 951 1424 1002 τῇ
1453 946 1530 987 θέ-

86 1031 145 1058 σει
183 1019 363 1070 κείμενος
403 1017 534 1066 οὕτως
572 1016 675 1059 ὥστε
711 1017 816 1058 πολὺ
854 1015 954 1064 τοὺς
990 1014 1210 1070 τροπικοὺς
1245 1011 1527 1068 ὑπερβάλλειν.

87 1091 155 1126 16.
185 1085 306 1140 Πρὸς
333 1086 378 1127 δὲ
395 1084 558 1133 τούτοις
587 1083 750 1141 ἄστρων
781 1082 952 1132 ὃτόπος
980 1082 1140 1138 πλήρης
1168 1083 1253 1123 ἐστὶ
1282 1085 1364 1123 τῶν
1387 1084 1583 1134 repe-16

84 1153 232 1208 γίστων
260 1142 326 1194 καὶ
359 1151 684 1207 λαμπροτάτων,
724 1153 791 1194 καὶ
822 1151 879 1193 ἔτι
906 1155 989 1193 τῶν
1019 1149 1239 1205 σποράδων
1267 1149 1529 1201 καλουμένων

83 1222 221 1275 (τοῦτο
252 1218 294 1260 δ’
317 1219 402 1261 ἐστὶ
431 1221 497 1261 καὶ
525 1226 612 1269 τοῖς
640 1218 821 1274 ὄμμασιν
847 1220 946 1260 ἰδεῖν
968 1216 1180 1275 φανερόν),
1213 1215 1316 1259 ὥστε
1339 1216 1407 1258 διὰ
1426 1220 1528 1258 ταῦ-

82 1304 134 1330 τα
165 1291 340 1340 συνεχῶς
367 1288 433 1329 καὶ
459 1286 518 1329 ἀεὶ
547 1286 703 1342 ταύτην
731 1291 868 1329 πᾶσαν
898 1286 1173 1343 ἀθροίζεσθαι
1202 1284 1276 1339 τὴν
1305 1284 1524 1341 σύγκρισιν.

86 1362 150 1398 17.
190 1357 367 1409 Σημεΐον
399 1355 463 1397 δέ·
503 1356 571 1396 καὶ
600 1354 679 1410 γὰρ
719 1354 847 1396 αὐτοῦ
885 1359 960 1397 τοῦ
992 1353 1142 1396 κύκλου
1171 1357 1309 1395 πλεῖον
1337 1352 1384 1395 τὸ
1418 1357 1508 1409 (μῦς
1531 1355 1582 1391 17

83 1424 191 1465 ἔστιν
221 1424 263 1465 ἐν
292 1422 456 1479 θατέρῳ
486 1419 711 1480 ἥμικυκλίῳ
738 1426 798 1480 τῷ
827 1421 872 1464 τὸ
907 1424 1099 1476 ὃίπλωμα
1127 1421 1281 1475 ἔχοντι·
1321 1421 1363 1462 ἓν
1392 1420 1526 1477 τούτῳ

81 1492 159 1548 γὰρ
196 1493 320 1534 πλείω
359 1492 425 1533 καὶ
455 1489 682 1546 πυκνότερά
715 1490 823 1532 ἔστιν
863 1489 995 1546 ἄστρα
1026 1488 1051 1544 ἢ
1082 1490 1125 1531 ἐν
1152 1488 1345 1546 θατέρῳ,
1395 1486 1450 1538 ὡς
1478 1488 1527 1529 οὗ

84 1559 139 1600 δι’
177 1558 317 1616 ἑτέραν
352 1557 432 1600 τιν’
465 1559 599 1600 αἰτίαν
633 1558 845 1614 γινομένου
883 1562 957 1599 τοῦ
988 1558 1159 1613 φέγγους
1187 1555 1212 1610 ἢ
1244 1556 1312 1598 διὰ
1341 1555 1415 1610 τὴν
1446 1560 1527 1598 τῶν

83 1627 245 1683 ἄστρων
282 1625 442 1684 φοράν·
490 1627 526 1667 εἴ
552 1625 629 1681 γὰρ
660 1625 700 1667 ἔν
729 1642 771 1667 τε
801 1629 859 1682 τῷ
897 1624 1030 1682 κύκλῳ
1067 1623 1202 1680 τούτῳ
1240 1625 1388 1678 γίνεται
1419 1623 1461 1663 ἐν
1491 1616 1524 1679 ᾧ

81 1778 180 1816 prae
202 1763 368 1802 caeteris
390 1762 593 1812 conserta,
623 1762 800 1814 plurima
821 1768 862 1802 et
891 1763 1062 1801 maxima
1093 1761 1226 1801 sidera
1250 1761 1526 1814 reperiuntur.

86 1833 152 1871 14.
191 1832 390 1870 Zodiacus
416 1830 542 1881 igitur
571 1837 743 1882 propter
771 1831 865 1868 solis
897 1832 1225 1882 planetarumque
1254 1836 1407 1867 motum
1439 1832 1524 1866 eius

52 1934 55 1936 .
81 1899 191 1938 modi
221 1898 484 1937 secretionem
511 1897 721 1945 dissolvit,
750 1912 866 1950 quam
888 1899 940 1936 ob
962 1912 1121 1937 causam
1138 1903 1384 1936 cometarum
1406 1898 1524 1935 etiam

80 1967 247 2020 plurimi
278 1972 395 2004 extra
421 1966 598 2017 tropicos
628 1972 844 2017 apparent:
882 1980 1013 2018 neque
1043 1966 1149 2004 enim
1180 1972 1390 2017 praeterea
1421 1966 1526 2003 circa

80 2036 207 2073 solem
239 2047 370 2085 neque
403 2033 506 2071 circa
536 2034 673 2071 lunam
704 2047 818 2072 coma
847 2033 1181 2086 deprehenditur.
1249 2034 1374 2072 Citius
1415 2034 1522 2071 enim

81 2101 330 2150 dissolvunt,
368 2114 485 2152 quam
516 2107 562 2139 ut
591 2101 808 2139 consistere
843 2107 961 2153 queat
991 2101 1175 2140 secretio.
1246 2103 1312 2139 15.
1343 2101 1525 2139 Circulus

81 2169 172 2218 hic,
200 2169 244 2207 in
262 2181 342 2220 quo
370 2169 430 2206 lac
457 2168 686 2207 videntibus
709 2176 898 2221 apparet,
929 2175 970 2208 et
989 2169 1186 2207 maximus
1215 2182 1300 2206 esse
1330 2169 1525 2219 contingit

83 2242 124 2275 et
146 2236 225 2274 situ
245 2248 317 2273 suo
335 2235 390 2273 ita
407 2236 571 2285 locatus,
593 2242 638 2274 ut
656 2237 835 2287 tropicos
853 2237 971 2288 longe
993 2236 1171 2274 excedat.
1220 2240 1284 2274 16.
1311 2236 1526 2283 Praeterea

83 2303 206 2341 stellis
224 2302 339 2340 locus
355 2303 532 2353 repletus
552 2308 611 2340 est
631 2310 670 2341 et
689 2304 873 2342 maximis
894 2311 934 2343 et
952 2304 1205 2342 lucidissimis
1220 2303 1386 2354 aliisque
1405 2316 1524 2353 quam

83 2368 297 2422 plurimis,
326 2381 426 2419 quae
452 2375 564 2406 certo
589 2371 754 2409 nomine
783 2378 921 2410 carent
952 2370 1128 2423 (sparsae
1150 2367 1382 2423 vocantur),
1417 2370 1524 2420 quod

83 2437 209 2476 oculis
232 2436 353 2474 etiam
372 2434 516 2474 videre
534 2437 648 2486 licet,
676 2437 732 2475 ita
750 2444 797 2477 ut
815 2429 1007 2477 continuo
1029 2451 1269 2489 semperque
1290 2437 1420 2474 omnis
1441 2437 1522 2474 ‹lis-

82 2504 208 2544 cretio
241 2508 359 2555 queat
393 2504 636 2543 coacervari.
707 2508 769 2543 17.
808 2505 931 2544 Cuius
961 2506 1021 2543 rei
1060 2505 1253 2543 indicium
1284 2510 1364 2551 est,
1409 2506 1518 2555 qnod

82 2572 303 2610 maximum
336 2571 445 2609 orbis
474 2571 586 2610 lactei
615 2571 732 2610 iubar
753 2572 796 2609 in
817 2573 942 2610 altera
968 2573 1036 2610 illa
1063 2573 1160 2610 caeli
1180 2578 1295 2624 parte
1318 2579 1518 2619 cernatur,

83 2653 159 2691 qua
187 2639 398 2677 bifurcatio
428 2639 542 2676 lactis
571 2638 950 2691 comprehenditur,
989 2640 1034 2677 in
1059 2652 1135 2690 qua
1173 2641 1289 2678 etiam
1330 2640 1446 2691 plura
1480 2648 1520 2679 et

82 2706 269 2744 densiora
305 2714 410 2745 astra
445 2707 660 2755 exsistunt,
695 2719 814 2757 quam
836 2707 877 2744 in
897 2707 1041 2755 altera,
1076 2706 1132 2745 ita
1155 2715 1199 2746 ut
1223 2708 1375 2746 nnllam
1402 2709 1518 2746 aliam

83 2773 274 2825 splendor
293 2774 487 2824 originem
509 2773 662 2823 habeat,
690 2774 766 2811 nisi
787 2780 985 2812 astrorum
1007 2780 1175 2814 motum.
1236 2774 1392 2825 Quodsi
1412 2778 1518 2814 enirn

82 2841 125 2879 in
152 2841 222 2879 illo
251 2841 337 2893 ipso
366 2840 516 2880 circulo
538 2841 604 2892 fit,
636 2842 678 2879 in
699 2854 779 2893 quo
797 2842 970 2893 plurima
998 2848 1103 2881 astra
1129 2845 1391 2895 reperiuntur
1416 2849 1456 2881 et
1479 2845 1518 2881 in

1118 2915 1141 2949 3
