1820 3158
424 796 539 841 ΜΕ
558 794 892 841 ΤΕΩΡΟΛ
910 791 1242 840 ΟΓΙΚΩΝ
1306 797 1364 840 A.

173 1050 262 1082 —p.
277 1039 358 1081 338,
372 1049 404 1072 a.
436 1039 633 1073 Bekker—
1085 1037 1323 1081 -p.325,E.
1342 1048 1395 1081 sq.
1421 1034 1622 1070 Casanb.-—·

282 1104 318 1147 I.
376 1105 482 1160 Περὶ
519 1105 596 1159 μὲν
633 1099 705 1146 οὖν
740 1108 823 1147 τῶν
862 1103 1038 1159 πρώτων
1072 1105 1214 1147 αἰτίων
1249 1108 1323 1159 τῆς
1361 1102 1525 1161 φύσεως
1553 1104 1622 1144 καὶ

172 1173 263 1229 περὶ
291 1171 426 1227 πάσης
455 1171 649 1227 κινήσεως
676 1175 873 1229 φυσικῆς,
904 1171 962 1214 ἔτι
993 1172 1040 1214 δὲ
1068 1173 1159 1228 περὶ
1188 1177 1271 1215 τῶν
1297 1171 1401 1215 κατὰ
1431 1172 1506 1227 τὴν
1536 1170 1620 1213 ἄνω

151 1239 306 1298 ,φορὰν
336 1240 717 1295 διακεκοσμημένων
747 1239 912 1297 ἄστρων
952 1242 1018 1283 καὶ
1057 1242 1149 1297 περὶ
1187 1245 1269 1283 τῶν
1303 1241 1510 1295 στοιχείων
1537 1243 1620 1282 τῶν

169 1312 424 1363 σωματικῶν,
454 1309 566 1352 πόσα
593 1326 637 1352 τε
666 1311 732 1352 καὶ
754 1313 865 1360 ποῖά,
895 1309 964 1350 καὶ
995 1312 1070 1364 τῆς
1100 1311 1157 1359 εἷς
1186 1309 1346 1365 ἄλληλα
1372 1312 1617 1364 μεταβολῆς,

167 1378 235 1419 καὶ
265 1378 355 1434 περὶ
383 1377 574 1433 γενέσεως
607 1379 674 1420 καὶ
712 1380 884 1434 φθορᾶς
920 1381 998 1431 τῆς
1034 1382 1173 1432 κοινῆς
1212 1377 1368 1434 εἴρηται
1406 1377 1617 1434 πρότερον.

169 1452 210 1488 2.
250 1445 420 1488 Λοιπὸν
458 1445 501 1487 δ’
533 1445 782 1509 ἔστὶῃέρος
821 1448 898 1499 τῆς
933 1444 1127 1498 μεθόδου
1170 1446 1324 1501 ταύτης
1356 1446 1414 1489 ἔτι
1454 1450 1619 1500 θεωρη-

166 1513 281 1566 τέον,
318 1513 342 1557 ὃ
373 1512 521 1563 πάντες
558 1514 597 1557 οἳ
630 1512 835 1571 ’πρότερον
870 1515 1193 1570 μετεωρολογίαν
1234 1514 1430 1558 ἐκάλουν·
1486 1517 1617 1555 ταῦτα

170 1579 210 1623 δ’
245 1581 355 1624 ἐστὶν
385 1580 464 1623 ὅσα
495 1583 709 1635 συμβαίνει
746 1581 850 1623 κατὰ
890 1580 1014 1637 φύσιν
1044 1581 1145 1635 με’ν,
1207 1581 1481 1636 ἀτακτοτέραν
1518 1579 1618 1633 μέν·

169 1664 233 1691 τοι
256 1653 332 1703 τῆς
357 1653 434 1691 τοῦ
463 1649 632 1705 πρώτου
663 1650 864 1702 στοιχείου
894 1652 976 1690 τῶν
1013 1647 1242 1701 σωμάτων,
1298 1649 1390 1704 περὶ
1425 1646 1498 1689 τὸν
1536 1663 1616 1702 γει-

168 1720 362 1758 τνιῶντα“
380 1714 562 1769 μάλιστα
599 1717 728 1759 τόπον
766 1720 818 1773 τῇ
852 1719 966 1774 φορᾷ
992 1719 1075 1758 τῶν
1106 1714 1293 1771 ἄστρων,
1338 1712 1425 1758 οἷον
1454 1716 1550 1771 περί
1573 1730 1615 1756 τε

167 1781 370 1839 γάλακτος
396 1785 463 1826 καὶ
492 1788 685 1839 κομητῶν
723 1785 791 1826 καὶ
819 1788 902 1826 τῶν
932 1784 1244 1840 ἒκπυρουμένων
1273 1784 1340 1825 καὶ
1369 1781 1614 1837 κινουμένων

167 1850 422 1907 φασμάτων,
470 1851 550 1895 ὅσα
577 1869 621 1894 τε
650 1853 820 1907 θείημεν
850 1850 900 1894 ἂν
930 1850 1050 1908 ἀέρος
1088 1849 1189 1893 εἶναι
1233 1850 1349 1893 κοινὰ
1387 1851 1506 1905 πάθη
1547 1851 1613 1895 καὶ

165 1918 339 1973 ὕδατος,
383 1918 440 1962 ἔτι
478 1919 524 1962 δὲ
551 1924 627 1976 γῆς
653 1918 736 1963 ὅσα
765 1920 851 1975 εἴδη
883 1921 950 1962 καὶ
977 1919 1082 1976 με’ρη
1114 1920 1181 1961 καὶ
1210 1918 1330 1973 πάθη
1359 1923 1443 1962 τῶν
1462 1922 1613 1975 μερῶν,

278 2058 381 2097 CAP.
411 2059 443 2098 Ι.
506 2061 572 2099 De
601 2059 745 2112 primis
779 2060 904 2112 igitur
934 2064 1102 2098 naturae
1133 2058 1279 2105 causis,
1331 2055 1462 2107 deque
1502 2056 1611 2094 omni

165 2125 339 2164 naturali
360 2132 488 2176 motu,
509 2134 722 2179 praeterea
741 2127 792 2166 de
812 2127 1012 2167 sideribus
1029 2127 1073 2165 in
1091 2127 1277 2179 supernis
1298 2124 1478 2178 sphaeris
1498 2138 1614 2163 com-

165 2193 288 2230 mode
315 2193 518 2233 adornatis
549 2195 681 2247 deque
711 2195 922 2235 elementis
941 2195 1167 2247 corporeis,
1192 2199 1292 2246 quot
1311 2200 1351 2233 et
1374 2193 1508 2245 qualia
1535 2194 1615 2232 sint

169 2265 210 2297 et
229 2259 280 2297 de
301 2267 442 2299 mutuo
469 2276 612 2302 eorum
642 2264 814 2302 transitu
847 2264 1015 2303 alterius
1043 2263 1086 2300 in
1112 2262 1310 2306 alterum,
1341 2260 1392 2299 de
1411 2260 1614 2299 communi

169 2327 426 2379 generatione
454 2335 495 2368 et
519 2330 710 2380 interitu,
751 2337 869 2370 antea
904 2332 1152 2384 disputatum
1186 2335 1258 2367 est.
1317 2332 1357 2367 2.
1386 2329 1527 2366 Restat
1547 2327 1613 2365 in-

169 2395 386 2434 stitutionis
406 2394 524 2434 huius
555 2398 845 2437 consideranda
872 2399 946 2438 illa
973 2411 1091 2450 para,
1137 2410 1258 2448 quam
1285 2393 1444 2447 priores
1474 2407 1613 2433 omnes
1675 2396 1680 2399 ”

170 2462 504 2514 meteorologiam
529 2477 752 2515 vocavere,
792 2480 895 2519 quae
921 2465 1208 2517 complectitur
1234 2462 1392 2511 omnia,
1419 2475 1520 2514 quae
1546 2475 1612 2500 se-

170 2530 346 2570 cundum
370 2537 557 2571 naturam
583 2533 768 2584 quidem,
796 2535 928 2573 minus
949 2541 1086 2573 tamen
1112 2532 1187 2571 sibi
1215 2535 1462 2570 constantem
1486 2529 1610 2578 illam,
1630 2528 1633 2530 ’

171 2612 290 2651 quam
319 2599 444 2652 primi
475 2614 695 2653 corporum
724 2602 935 2650 elementi,
965 2602 1008 2640 in
1038 2615 1086 2640 eo
1114 2599 1365 2652 potissimum
1393 2598 1484 2636 loco
1512 2596 1616 2636 acci-

172 2667 296 2716 dunt,
335 2668 405 2720 qui
435 2681 458 2706 a
480 2668 662 2708 siderum
689 2669 1017 2708 revolutionibus
1045 2669 1234 2721 proxime
1253 2666 1391 2714 distat,
1421 2663 1616 2716 quemad-

171 2734 338 2774 modum
361 2735 413 2775 de
431 2737 499 2776 via
524 2734 671 2787 lactea,
703 2737 755 2776 de
773 2736 941 2775 cometis
970 2742 1011 2776 et
1037 2737 1201 2775 ostentis
1225 2733 1557 2785 conflagrantibus
1576 2736 1617 2770 et

171 2805 540 2845 transcurrentibus
549 2834 562 2854 ,
594 2805 724 2857 deque
749 2805 912 2857 reliquis
927 2831 938 2851 ‚
968 2810 1163 2856 quotquot
1180 2801 1333 2842 azirixct
1350 2813 1474 2852 aquae
1503 2812 1615 2841 com-

1158 2876 1176 2910 1
1190 2873 1211 2895 *
