1774 3198
413 319 416 321 ’
475 344 694 387 LmRUM
721 343 963 384 PRIMUM,
1023 343 1141 385 cAP.
1160 344 1280 386 xlv.
1513 332 1611 381 483

172 458 262 500 cfr.
293 459 532 498 Strabon.
567 459 677 500 VIII.
716 473 758 512 p.
790 460 870 499 569
903 455 968 498 A:
1017 454 1187 509 πλάσμα
1217 455 1262 498 δὲ
1302 456 1368 498 καὶ
1397 454 1445 498 τὸ
1466 454 1612 513 Ἄργος

170 521 365 581 ἄνυδρον·
513 536 522 544 “

400 617 455 624 -
484 616 540 623 —
573 591 671 634 Θεοὶ
700 590 740 633 δ’
767 585 817 633 αὖ
846 591 978 635 θέσαν
1007 590 1153 648 ’Άργος
1188 590 1380 649 ἔνυδρον.

169 662 242 713 τῆς
264 676 307 701 τε
332 658 472 717 χώρας
499 660 638 714 κοίλης
666 657 792 715 οὔσης
819 661 886 702 καὶ
904 666 1106 714 ποταμοῖς
1135 657 1519 717 διαρρευμένηςκαὶ
1537 661 1608 717 ἕλη

169 727 236 768 καὶ
277 729 422 781 λίμνας
454 727 732 783 παρεχομένης
769 729 835 771 καὶ
865 728 918 771 τὰ
955 727 1112 778 πόλεως
1148 728 1450 785 εὐπορουμένης
1488 727 1610 772 ὕδασι

168 793 357 850 φρεάτων
385 799 548 838 πολλῶν
577 797 643 837 καὶ
669 796 926 839 ἕπιπολαίων.
958 798 1184 839 Αἷτιῶνται
1205 796 1255 852 δὴ
1273 800 1345 851 τῆς
1367 795 1526 852 ἀπάτης
1546 795 1607 840 τό.

337 864 426 905 Καί
453 881 519 906 κεν
547 864 773 919 ἐλέγχιστος
798 866 1047 919 πολυδίψιον
1068 864 1214 921 Ἄργος
1241 864 1412 920 ἱκοίμην.

169 933 306 972 Τοῦτο
337 931 379 973 δ’
402 931 492 986 ἤτοι
523 931 611 974 ἀντὶ
641 936 713 974 τοῦ
741 932 1036 989 πολυπόθητον
1066 939 1214 986 κεῖται,
1255 931 1282 987 ἢ
1305 934 1435 990 χωρὶς
1471 938 1545 976 τοῦ
1563 926 1609 975 ff

166 996 257 1040 ἀντὶ
287 1003 361 1041 τοῦ
391 1001 698 1054 πολυίψιον.
729 1010 770 1043 et
790 1018 828 1056 q.
849 1019 880 1044 s.
901 1004 950 1043 ad
971 1002 1314 1043 corroborandam
1338 1005 1607 1056 posteriorem

165 1072 416 1120 sententiam,
446 1071 497 1109 de
517 1085 592 1123 qua
611 1070 708 1110 vide
726 1072 845 1110 etiam
858 1070 996 1110 Schol.
1018 1071 1262 1123 Apollon.
1285 1071 1444 1110 Rhod.
1470 1069 1608 1111 Paris.

164 1138 236 1186 IV,
260 1138 324 1180 14.
354 1152 396 1191 p.
424 1142 520 1179 272.
574 1139 693 1178 Adde
721 1141 754 1179 Ι.
784 1153 827 1191 p.
853 1139 906 1177 43
928 1140 981 1178 A.
1018 1135 1191 1189 βασιλέα
1218 1136 1458 1189 νενομίσθαι
1490 1138 1604 1192 φησί,

166 1201 356 1260 καθάπερ
386 1203 557 1246 Δαναὸν
593 1204 668 1258 μὲν
702 1202 756 1245 τὰ
794 1201 937 1260 ὖδρεΐα
974 1201 1028 1245 τὰ
1065 1203 1107 1245 ἐν
1151 1201 1282 1259 ’Άργει
1323 1201 1604 1253 ἀποδείξαντα.

163 1274 273 1313 VHI.
310 1287 352 1326 p.
379 1276 462 1314 570
493 1277 550 1314 B:
591 1270 666 1327 τὴν
691 1271 769 1326 μὲν
811 1265 884 1322 οὖν
915 1269 1056 1328 χώραν
1095 1274 1374 1329 συγχωροῦσιν
1410 1270 1603 1326 εὐῦδρεΐν.

163 1336 290 1392 αὐτὴν
323 1334 369 1380 δὲ
395 1337 470 1394 τὴν
495 1338 615 1382 πόλιν
652 1339 694 1382 ἓν
724 1338 889 1397 ἀνύδρῳ
925 1340 1065 1397 χωρίῳ
1100 1343 1286 1381 κεῖσθαι·
1337 1338 1528 1395 φρεάτων
1559 1338 1600 1380 δ’

161 1404 357 1463 εὐπορεῖν,
390 1405 417 1448 ἃ
436 1413 527 1457 ταῖς
542 1407 745 1450 Δαναΐσιν
774 1406 1038 1460 ἀνάπτουσιν,
1067 1403 1122 1456 ὡς
1151 1407 1312 1449 ἐκείνων
1341 1407 1603 1463 ἓξευρουσῶν.

162 1473 238 1531 ἀφ’
273 1467 322 1516 οὗ
354 1475 420 1517 καὶ
449 1474 498 1517 τὸ
527 1474 624 1524 ἔπος
651 1476 772 1517 εἷπεΐν
797 1478 946 1517 τοῦτο·

255 1540 424 1598 ,Ἄργος
451 1541 631 1600 ἔνυδρον
658 1542 727 1586 ἐὸν
754 1543 920 1585 Δανααὶ
948 1542 1080 1584 θέσαν
1110 1542 1255 1599 Ἄργος
1282 1541 1462 1598 εὗϋδρον.

161 1612 291 1651 Plin.
322 1611 489 1652 Histor.
513 1615 706 1652 natural.
735 1614 811 1663 IV,
832 1615 870 1652 5.
903 1613 1004 1659 VH,
1028 1614 1094 1661 56,
1127 1620 1166 1652 et
1186 1613 1366 1659 omnino,
1397 1626 1498 1665 quae
1516 1614 1603 1654 fuse

163 1679 355 1719 disseruit
384 1680 737 1732 spanhemius
773 1681 818 1720 in
849 1681 1160 1720 Callimachi
1196 1678 1351 1733 Hymn.
1371 1683 1417 1720 in
1438 1682 1601 1721 Pallad.

161 1748 349 1786 Lavaer.
377 1761 421 1788 v.
441 1748 510 1787 46.
540 1750 662 1788 Tom.
682 1749 735 1789 ΙΙ.
763 1762 800 1800 p.
822 1751 1059 1789 655—661
1093 1749 1152 1788 ed.
1178 1749 1403 1791 Ernesti.

275 1817 342 1855 16.
375 1812 432 1854 ἔπ’
457 1813 610 1856 ἐκείνου
639 1830 716 1869 pro
739 1813 803 1855 ἐπὶ
822 1812 972 1856 τούτου
1000 1817 1052 1856 Α.
1074 1819 1145 1857 Er.

273 1885 337 1924 17.
367 1879 406 1922 οἱ
432 1880 508 1935 μέν
534 1884 585 1923 ad
614 1885 937 1924 Heraclitum
967 1892 1150 1938 spectare
1176 1886 1279 1924 bene
1310 1885 1446 1923 docuit
1474 1885 1602 1924 Ale·

159 1950 375 2001 xander,
408 1965 527 2003 quem
551 1953 662 1993 vide.
721 1953 802 1992 cfr.
825 1954 875 1992 de
894 1952 1010 1992 eaelo
1029 1956 1059 2002 I,
1074 1956 1135 1993 10.
1160 1968 1197 2006 p.
1208 1953 1359 2003 279‚b:
1387 1949 1599 2005 γενόμενον

155 2015 232 2069 μὲν
261 2011 335 2058 οὗν
363 2015 539 2067 ἅπαντες
573 2015 678 2060 εἶναί
703 2032 852 2075 φασιν,
899 2019 1004 2061 ἀλλὰ
1031 2018 1245 2075 γενόμενον
1282 2018 1321 2061 οἳ
1347 2018 1424 2072 μὲν
1454 2016 1597 2069 ἀΐδιον,

157 2083 197 2124 οἳ
222 2084 267 2126 δὲ
296 2084 515 2140 φθαρτόν,
556 2084 691 2142 ὥσπερ
721 2083 858 2129 ὁτιοῦν
887 2086 988 2129 ἄλλο
1018 2091 1100 2130 τῶν
1129 2086 1246 2143 φύσει
1287 2085 1599 2139 συνισταμένων,

158 2150 198 2192 οἳ
227 2150 269 2192 δ’
287 2151 460 2202 ἐναλλὰξ
488 2150 555 2195 ὁτὲ
583 2154 659 2207 μὲν
688 2152 820 2203 οὕτως
846 2152 915 2197 ὁτὲ
945 2155 990 2196 δὲ
1019 2153 1156 2203 ἄλλως
1179 2154 1279 2207 {figam
1310 2151 1598 2210 φθειρόμενον,

158 2219 224 2260 καὶ
252 2222 375 2261 τοῦτο
406 2219 466 2261 ἀεὶ
492 2222 685 2262 διατελεῖν
707 2220 861 2270 οὕτως,
891 2221 1026 2277 ὥσπερ
1049 2221 1326 2276 Ἐμπεδοκλῆς
1343 2218 1597 2277 ὃἈκραγαν-

156 2291 268 2334 τῖ’νος
297 2287 362 2327 καὶ
384 2283 652 2342 ιΗράκλειτος
680 2285 702 2329 ὃ
723 2287 921 2344 Ἐφέσιος.
976 2293 1197 2345 Perperam
1224 2304 1326 2330 vero
1355 2291 1598 2343 interpreta-

156 2363 243 2395 tum
274 2370 359 2394 esse
381 2349 640 2396 Aristotelem
670 2359 908 2397 sententiam
935 2359 1134 2398 Heracliti
1164 2359 1301 2397 docuit
1328 2357 1599 2397 Schleier-

158 2425 365 2464 macher
408 2426 452 2463 in
490 2428 604 2464 Mus.
639 2426 712 2463 der
731 2424 1296 2478 Altertlzumswissenschast
1323 2426 1354 2464 Ι.
1386 2439 1425 2478 p.
1449 2426 1596 2465 465—

158 2494 262 2543 471,
294 2507 413 2545 quem
439 2493 517 2531 adi.
547 2516 604 2522 -—-
647 2495 729 2534 τῶν
758 2491 957 2534 τοιούτων
987 2491 1249 2546 παθημάτων
1286 2488 1385 2533 εἶναι
1420 2488 1496 2545 τήν
1523 2495 1596 2533 τοῦ

157 2557 256 2600 ὅλου
283 2557 517 2612 μεταβολήν
559 2562 608 2599 H.
642 2563 686 2599 A.
714 2563 785 2600 Er.
814 2562 927 2602 Cam.
961 2563 1005 2602 P.
1030 2563 1070 2600 S.
1097 2563 1181 2609 Cas.
1209 2562 1292 2601 τῶν
1319 2557 1595 2612 παθημάτων,

157 2630 239 2668 τῶν
262 2626 460 2668 τοιούτων
486 2624 560 2680 τὴν
579 2630 654 2668 τοῦ
673 2625 773 2668 ὅλου
792 2624 891 2669 εἶναι
909 2627 1144 2681 μεταβολήν
1164 2628 1219 2669 Ν.
1241 2651 1296 2658 —--
1316 2625 1594 2682 γινομένου

157 2710 208 2734 sc.
242 2695 308 2736 καὶ
336 2693 405 2735 διὰ
430 2698 560 2736 ταῦτα
590 2695 830 2750 φθίσοντος.

271 2764 338 2804 18.
377 2761 425 2803 οἱ
455 2760 720 2818 πρότερον
749 2761 985 2819 ἔνυδροι,
1025 2766 1116 2805 νῦν
1145 2761 1199 2804 δὲ
1233 2760 1591 2816 χερσεὺοντες.

158 2833 234 2873 cfr.
255 2830 524 2885 Meieorolog.
551 2841 631 2871 vet.
655 2833 726 2872 Gr.
748 2841 787 2870 et
804 2835 925 2873 Rom.
956 2834 1030 2880 IV,
1056 2832 1122 2872 14.
1151 2836 1299 2926 ntzt.*2.
1330 2845 1370 2883 p.
1393 2834 1446 2871 90
1465 2846 1520 2884 sq.
1538 2855 1595 2861 —

1159 2893 1182 2928 3
