1812 3158
279 360 371 403 332
491 367 935 407 COMMENTARIUS
964 368 1024 406 IN
1050 369 1451 409 METEOROLOG.

277 474 503 529 ταράκοντα
531 473 708 528 λέγουσιν
737 472 833 515 εἶναι
859 473 1059 529 μυριάδας
1085 475 1271 516 σταδίων.
1311 475 1352 524 ἐξ
1384 469 1439 518 ὧν
1466 493 1678 532 τεκμαιρο-

276 541 409 593 μένοις
446 538 493 580 οὗ
529 539 653 592 μόνον
690 542 923 595 σφαιροειδῆ
961 540 1030 582 τὸν
1067 540 1181 594 ὄγκον
1218 539 1429 595 ἀναγκαῖον
1467 539 1563 583 εἶναι
1607 547 1678 596 τῆς

276 610 369 660 γῆς,
400 604 502 646 ἀλλὰ
530 606 595 646 καὶ
621 605 677 659 μὴ
706 606 829 661 μέγαν
856 605 958 660 πρὸς
979 606 1024 648 τὸ
1042 611 1122 648 τῶν
1150 605 1281 648 ἄλλων
1310 605 1468 661 ἄστρων
1494 607 1676 661 μέγεθος.

278 675 415 712 Paullo
449 675 552 712 infra
582 675 618 724 §.
640 679 666 714 7
694 675 769 712 ait:
814 670 929 713 οὐδὲν
959 672 1034 728 γὰρ
1062 670 1116 721 ὡς
1144 674 1262 714 εἰπεῖν
1290 672 1432 726 μόριον
1461 670 1481 714 ὃ
1510 677 1581 726 τῆς
1608 677 1681 727 γῆς

277 737 383 778 ἐστιν
412 735 544 791 ὄγκος,
573 737 613 779 ἓν
632 731 665 794 ᾧ
687 738 938 791 συνείληπται
962 743 1041 781 πᾶν
1069 740 1134 781 καὶ
1162 739 1208 781 τὸ
1237 743 1310 780 τοῦ
1335 738 1482 787 ὓδατος
1508 742 1678 792 πλῆθος,

276 802 376 858 πρὸς
402 802 448 844 τὸ
477 803 656 856 περιέχον
683 804 868 858 μέγεθος.
906 809 951 857 1,
977 812 1048 846 132
1078 803 1098 847 ὅ
1132 805 1175 846 δὲ
1202 808 1274 858 τῆς
1299 808 1369 859 γῆς
1397 804 1514 859 ὄγκος
1541 806 1606 846 καὶ
1633 804 1679 846 τὸ

275 869 445 924 μέγεθος
473 869 595 911 οὐθέν
628 870 711 911 ἔστι
740 869 788 924 δή
818 887 895 912 που
924 870 1028 926 πρὸς
1053 871 1124 913 τὸν
1145 870 1239 912 ὅλον
1267 870 1450 925 οὐρανόν.
1491 875 1583 912 Sole
1603 875 1678 911 mi-

275 951 414 976 norem
444 952 527 976 esse
556 945 704 978 terram
732 940 807 978 ait:
848 940 895 978 de
920 943 1056 978 anima
1078 941 1153 990 III,
1179 944 1216 978 3.
1246 953 1286 991 p.
1313 940 1406 989 428,
1424 941 1470 978 b:
1499 938 1679 992 φαίνεται

275 1001 348 1054 μὲν
378 996 447 1042 οὖν
477 999 625 1055 ὃῆλιος
651 1003 851 1055 ποδιαΐος,
882 1006 1133 1046 πεπίστευται
1163 1005 1202 1046 δ’
1226 1002 1323 1046 εἶναι
1351 1005 1492 1056 μείζων
1520 1007 1593 1056 τῆς
1621 1005 1681 1044 οῗ-

276 1066 481 1120 κουμένης.
540 1072 629 1120 Qua
647 1071 696 1109 de
713 1085 758 1110 re
776 1079 932 1110 veteres
959 1074 1033 1110 sibi
1058 1087 1140 1111 non
1167 1073 1405 1112 constabant.
1461 1074 1567 1111 Ante
1585 1072 1681 1110 Ari-

276 1137 455 1173 stotelem
483 1134 812 1187 Anaxagoras
849 1139 1108 1177 contendebat
1138 1129 1270 1177 Solem
1298 1153 1381 1176 esse
1407 1139 1680 1189 Peloponneso

275 1203 464 1240 maiorem
502 1199 741 1254 (Diogen.
768 1204 939 1242 Lae‘rt.
974 1205 1035 1252 II,
1067 1208 1104 1242 8.
1134 1219 1174 1256 p.
1200 1204 1293 1255 84),
1329 1205 1396 1242 alii
1420 1204 1566 1241 deinde
1592 1209 1681 1254 post

274 1266 644 1314 Aristotelem,
674 1270 907 1320 praesertim
928 1271 1049 1307 Stoici
1073 1270 1353 1308 mathematicis
1371 1270 1586 1307 rationibus
1606 1270 1680 1314 usi,

276 1336 420 1372 certius
449 1335 598 1385 aliquid
626 1335 676 1372 de
707 1336 808 1373 Solis
840 1336 1107 1386 magnitudine
1138 1337 1401 1375 determinare
1427 1335 1680 1380 conabantur,

276 1400 380 1438 inter
406 1414 503 1452 quos
531 1401 716 1439 excelluit
743 1401 1061 1439 Posidonius
1091 1400 1263 1452 (Fragm.
1288 1402 1351 1440 ed.
1372 1402 1517 1440 Bake.
1547 1400 1679 1451 Lugd.

274 1469 413 1506 Batav.
446 1469 565 1504 1810.
597 1469 636 1504 8.
674 1479 715 1517 Ρ.
745 1470 797 1505 67
828 1465 941 1518 sqq).
1011 1469 1064 1505 At
1093 1469 1347 1519 Epicurus
1385 1473 1562 1505 veterem
1594 1467 1681 1505 ani-

273 1534 430 1584 lemque
450 1532 678 1570 retractavit
695 1532 899 1581 fabellam,
930 1547 1019 1571 cum
1039 1534 1217 1584 pedalem
1241 1547 1323 1571 esse
1339 1533 1462 1570 solem
1482 1533 1681 1570 existima-

274 1606 357 1648 ret,
386 1605 493 1636 certe
511 1604 683 1646 tantum,
708 1605 873 1650 quantus
894 1599 1121 1648 videretur,
1150 1600 1216 1638 vel
1243 1599 1360 1650 paulo
1389 1599 1576 1636 maiorem
1604 1598 1681 1635 mi—

274 1679 466 1705 noremve
497 1664 780 1713 (Plutarch.
806 1667 920 1704 Plae.
934 1666 1036 1703 Phil.
1059 1667 1113 1715 ΙΙ,
1128 1670 1193 1712 21,
1223 1665 1329 1717 quod
1349 1671 1466 1716 caput
1481 1665 1680 1715 integrum

274 1733 317 1770 in
337 1732 412 1770 hoc
433 1736 662 1782 argumento
684 1737 878 1769 versatur.
936 1732 1098 1770 Cicer.
1133 1732 1288 1780 Quaest.
1310 1731 1501 1768 Academ.
1522 1732 1595 1779 IV,
1614 1733 1681 1768 26.

276 1799 410 1847 defin.
430 1799 517 1836 bon.
538 1804 576 1834 et
597 1799 690 1834 mal.
717 1798 758 1845 1,
789 1801 826 1836 6.
870 1797 1123 1836 Cleomed.
1157 1790 1326 1835 M'eteor.
1351 1798 1406 1835 II.
1436 1810 1475 1847 p.
1495 1795 1575 1835 425
1592 1808 1677 1846 sqq.

274 1866 480 1903 Lucret.
509 1864 562 1910 V,
594 1865 670 1901 565
691 1876 747 1913 sq.
781 1863 952 1900 Senec.
979 1863 1135 1912 Quaest.
1156 1871 1238 1901 nat.
1269 1864 1299 1909 I,
1323 1866 1359 1910 3,
1383 1865 1468 1910 11).
1524 1863 1681 1899 Hera-

275 1931 455 1977 clitus,
483 1928 656 1979 absquo
685 1928 854 1978 plurima
883 1928 1128 1979 deprompsit
1156 1928 1438 1978 Epicurus,
1478 1940 1568 1964 cum
1587 1926 1679 1963 solis

275 1997 510 2035 diametrum
538 1992 724 2032 ποδιαίαν
744 2007 826 2031 esse
843 1993 1100 2032 contenderet
1128 1991 1180 2043 (S
1187 1993 1394 2049 schleier
1407 1991 1609 2029 macher
1636 1992 1680 2028 in

276 2066 387 2101 Mus.
418 2063 488 2099 der
510 2060 1036 2111 Altertlmmswissensclmfi.
1069 2060 1102 2098 I.
1132 2073 1170 2110 p.
1195 2057 1312 2109 394),
1350 2072 1372 2095 a
1398 2071 1465 2095 sua
1493 2063 1598 2095 certe
1630 2057 1680 2094 de

275 2130 357 2167 sole
383 2127 574 2166 sententia
597 2139 678 2164 non
704 2125 897 2174 discessit,
938 2125 987 2163 de
1011 2138 1087 2176 qua
1116 2126 1222 2163 infra
1239 2124 1287 2162 ad
1309 2126 1359 2173 II,
1381 2128 1405 2162 2
1435 2123 1680 2162 disseremus.

274 2195 395 2234 Unde
425 2207 494 2232 sua
521 2193 695 2231 hauserit
722 2192 924 2238 Cicero,
964 2204 1053 2228 cum
1080 2192 1182 2229 dicat
1210 2190 1322 2242 (loco
1340 2187 1520 2242 pri01·e):
1551 2191 1680 2226 Solem

275 2262 550 2299 mathematici
579 2259 750 2307 amplius
779 2259 1048 2308 duodeviginti
1071 2259 1257 2305 partibas
1285 2258 1523 2303 confirmant
1551 2258 1680 2292 maio-

275 2343 355 2365 rem
376 2341 453 2365 esse
480 2339 598 2376 quam
622 2333 789 2371 terram,
827 2323 923 2362 mihi
951 2338 1031 2361 non
1060 2325 1196 2375 liquet.
1253 2320 1680 2373 YVyttenbachius

275 2395 324 2433 ad
351 2392 591 2432 Posidon.
624 2392 750 2430 doctr.
774 2392 888 2440 relig.
919 2390 981 2429 ed.
1008 2391 1144 2429 Bake
1171 2404 1211 2441 p.
1234 2391 1314 2429 275
1335 2393 1488 2435 censet,
1518 2386 1679 2436 petitam

276 2475 358 2499 esse
375 2460 604 2498 sententiam
625 2472 676 2495 ex
695 2457 968 2509 antiquissimis
989 2459 1023 2494 A
1035 2470 1056 2494 r
1068 2457 1138 2494 ati
1157 2455 1452 2506 interpretibus,
1473 2452 1540 2488 ubi
1559 2451 1679 2488 hodie

276 2528 392 2564 etiam
418 2526 559 2564 similia
586 2524 862 2575 reperiuntur,
900 2523 1027 2561 veluti
1060 2523 1102 2560 in
1129 2521 1256 2559 Schol.
1279 2520 1330 2558 ad
1351 2519 1562 2557 Plzttenom.
1596 2518 1674 2554 541

275 2594 415 2642 (Tom.
435 2592 467 2630 Ι.
495 2604 536 2642 Ρ.
560 2592 637 2628 125
668 2590 731 2628 ed.
758 2589 972 2637 Buhle):
1010 2584 1030 2627 ὃ
1063 2585 1171 2639 ἥλιος
1198 2583 1305 2638 παρὰ
1334 2586 1418 2628 τοῖς
1441 2583 1679 2632 μαθηματι-

275 2662 358 2703 κοῖς
386 2653 602 2707 ἐπιστεύθη
634 2657 706 2706 τῆς
733 2657 804 2706 γῆς
832 2650 1274 2694 ὄκτωκαιδεκαπλασίων
1298 2645 1374 2688 ὤν·
1420 2646 1484 2686 καὶ
1512 2643 1537 2698 ἡ
1568 2649 1678 2687 πᾶσα

274 2726 323 2776 γῆ
351 2725 423 2761 τοῦ
450 2720 647 2774 μεγέθους
676 2718 800 2760 αὐτοῦ
828 2717 1161 2760 ὸκτωκαιὸἐκατόν
1191 2714 1308 2755 ἔστιν.
1359 2714 1540 2752 Achill.
1569 2716 1676 2752 Tat.

275 2790 434 2839 Isagog.
464 2788 506 2825 in
536 2785 681 2825 Arat.
714 2787 925 2826 Phaenom.
954 2800 986 2824 c.
1006 2790 1070 2824 20.
1089 2798 1128 2835 p.
1151 2786 1225 2821 82:
1253 2778 1422 2832 μέγεθος
1450 2775 1563 2830 ἡλίου
1590 2784 1677 2830 μεΐ-
