1774 3198
382 350 601 394 LIBRUM
630 352 952 392 SECUNDUM.
1007 350 1123 390 CAP.
1141 352 1209 392 v1.
1410 340 1507 385 579

85 467 275 506 omittunt
295 467 412 506 Alex.
432 467 505 506 sol.
529 467 621 516 105,
639 465 679 503 b.
709 465 761 504 A.
784 465 892 504 cam.
910 465 955 503 P.
973 464 1014 503 S.
1036 462 1122 504 Cas.
1138 468 1178 502 et
1196 462 1322 503 verba
1341 458 1410 501 διὰ
1424 487 1458 501 ..
1470 465 1506 501 J

84 530 182 574 εἶναι
201 547 411 586 perperam
434 547 525 572 cum
548 532 781 584 antegressis
806 531 1063 583 coniungunt.
1088 552 1143 560 -
1179 525 1284 570 πολύ
1304 543 1382 582 pro
1403 530 1506 569 πολ-

85 600 151 640 λοί
176 602 337 640 exhibet
357 603 408 641 E.
443 625 493 630 —
528 598 706 651 μάλιστα
732 596 918 638 πνέουσιν
945 604 1098 638 mutato
1129 597 1273 637 ordine
1297 598 1351 637 H.
1371 596 1425 636 N.
1448 617 1506 626 —

83 671 186 708 Mox
223 665 401 719 μάλιστά
429 682 471 707 τε
509 663 821 718 ἀποβιαζόμενοί
844 680 887 706 τε
926 666 1075 720 duplici
1102 680 1143 705 τε
1172 665 1338 717 praebet
1361 665 1414 703 E.
1449 682 1507 695 —-

84 732 187 774 ἄλλα
217 750 292 788 pro
321 728 451 775 τᾶλλα
485 736 539 774 Η.
563 736 607 774 Ρ.
627 736 668 774 S.
690 736 778 774 Cas.
810 756 868 765 --
905 731 1081 773 παύουσι
1107 730 1317 784 πνεύματα
1341 733 1506 773 inverso

85 803 226 841 ordine
248 801 294 841 F.
321 827 372 832 —-
417 799 465 841 ἄν
494 802 642 840 omittit
672 803 720 842 E.
759 798 924 856 σφόδρα
951 802 1065 841 deest
1091 801 1201 853 apud
1227 800 1345 839 Alex.
1371 800 1425 841 A.
1449 821 1508 830 —-

85 866 171 921 ἅμα
198 876 290 909 ante
315 867 488 920 τύχωσιν
516 870 630 921 ponit
653 871 698 908 F.

195 941 262 977 17.
290 933 382 976 τότε
400 934 476 989 γὰρ
501 934 574 976 οὐκ
601 933 757 989 αἶ’θριοι
782 936 835 977 H.
857 957 907 964 -
938 931 1009 974 ἐάν
1027 949 1104 988 pro
1122 932 1172 975 ἄν
1194 936 1358 976 exhibet
1375 936 1429 975 N.
1450 956 1507 966 -—-

84 1003 238 1057 ψυχροὶ
265 1004 422 1055 μᾶλλον
445 1005 502 1043 H.
525 1025 582 1033 -
609 1004 902 1056 παρωθοῦντες
928 1016 1005 1055 pro
1031 1004 1320 1056 προωθοῦντες
1347 1004 1509 1056 reperi·

82 1078 149 1110 tur
167 1073 209 1110 in
227 1071 363 1110 codice
382 1070 437 1110 N.
454 1094 511 1101 —
537 1069 593 1116 εἷς
613 1077 704 1108 ante
724 1065 847 1109 αὖτόν
866 1070 1016 1109 omittit
1035 1072 1084 1109 E.
1124 1072 1190 1110 De
1208 1084 1256 1110 re
1273 1071 1347 1110 cfr.
1367 1068 1508 1110 Probe.

83 1139 254 1186 XXVI,
277 1143 314 1178 1.
343 1152 383 1190 p.
403 1139 496 1187 940,
510 1151 544 1177 a.
573 1138 747 1191 XXVI,
766 1141 832 1177 29.
861 1150 903 1188 p.
923 1137 1015 1184 943,
1035 1150 1071 1176 a.
1104 1134 1299 1190 (Meteor.
1325 1145 1404 1178 vet.
1434 1139 1507 1180 Gr.

84 1212 125 1242 et
144 1207 265 1244 Rom.
286 1207 361 1254 ΙΙΙ,
387 1209 451 1244 13.
479 1194 517 1256 Ρ.
540 1208 592 1243 82
607 1218 665 1256 sq.
694 1206 765 1253 VI,
784 1208 852 1244 21.
882 1218 922 1255 p.
948 1207 1028 1242 117
1053 1202 1130 1255 sq.)
1159 1206 1209 1242 de
1229 1205 1381 1243 mundo
1410 1218 1444 1244 c.
1463 1205 1504 1242 4.

83 1273 208 1312 s.14:
234 1274 314 1311 τῶν
344 1269 500 1322 ἀνέμων
525 1269 563 1311 οἱ
590 1269 664 1322 μέν
693 1269 790 1309 εἰσιν
819 1267 1063 1320 εὐθύπνοοι,
1093 1265 1235 1310 ὁπόσοι
1258 1269 1507 1311 διεκπνέουσι

83 1335 223 1391 πρόσω
259 1335 353 1378 κατ’
384 1336 560 1378 εὐθεῖαν.
605 1335 642 1377 οἳ
671 1336 715 1377 δὲ
744 1335 1094 1388 ἀνακαμψίπνοοι,
1131 1333 1266 1391 ὥσπερ
1291 1334 1312 1377 ὅ
1332 1337 1508 1384 Καικίας

83 1402 303 1457 λεγόμενος,
333 1420 412 1459 quo
430 1407 609 1458 respexit
627 1404 916 1456 Hesychius
934 1418 975 1443 v.
989 1401 1350 1455 ἀνακαμψίπνοος·
1373 1400 1395 1444 ὃ
1417 1420 1507 1444 και-

83 1471 171 1519 κίας
199 1470 421 1525 λεγόμενος.
478 1475 527 1512 In
552 1473 752 1513 versiculo
782 1473 881 1520 isto,
911 1485 1030 1523 quem
1060 1471 1242 1510 dedimus
1268 1486 1358 1511 cum
1379 1475 1427 1512 Β.
1455 1485 1509 1513 ex

81 1541 314 1579 auctoritate
341 1541 486 1579 codicis
515 1543 586 1590 Ε.,
619 1540 720 1578 mira
750 1545 808 1577 est
831 1539 1012 1576 lectionis
1033 1539 1218 1579 varietas.
1248 1536 1350 1593 πρὸς
1363 1535 1508 1581 ἑαυτόν

82 1620 158 1658 pro
189 1604 248 1659 ἐφ’
273 1603 415 1645 ἑαυτόν
435 1609 486 1646 Η.
526 1603 660 1657 ὥσπερ
689 1619 765 1658 pro
797 1601 899 1644 ὥστε
923 1607 972 1645 F.
1000 1606 1054 1645 H.
1075 1607 1129 1645 N.
1154 1607 1268 1646 Cam.
1293 1609 1337 1647 P.
1359 1606 1399 1648 S.
1418 1609 1507 1648 Cas.

85 1669 186 1711 ὥστε
207 1680 264 1711 est
281 1674 401 1712 etiam
425 1674 532 1726 apud
561 1671 983 1724 Theophrastum
1008 1672 1058 1710 de
1077 1674 1214 1711 ventis
1241 1674 1272 1726 §.
1291 1679 1357 1715 37.
1372 1678 1508 1727 Ρ.772

84 1741 355 1779 consentiente
384 1741 472 1779 cod.
505 1741 649 1780 Urbin.
703 1741 754 1779 In
779 1738 978 1779 Problem.
1006 1739 1171 1790 XXVI,
1192 1744 1262 1780 29.
1291 1755 1333 1794 p.
1357 1742 1452 1792 942,
1472 1755 1509 1783 a.

83 1808 293 1846 Bekkerus
317 1809 495 1847 servavit
520 1804 664 1860 ὥσπερ.
720 1807 782 1846 Ibi
809 1808 918 1845 solus
947 1806 1036 1844 cod.
1066 1808 1360 1848 Laurentianus
1381 1813 1446 1859 87,
1469 1810 1509 1849 4.

87 1876 140 1913 Ca
168 1875 339 1926 signatus
367 1876 533 1926 praebet
561 1871 694 1924 ὥσπερ
715 1869 921 1923 ὃκαικίας,
950 1874 1002 1912 ad
1021 1888 1138 1925 quam
1165 1875 1378 1915 lectionem
1409 1891 1511 1929 pro-

83 1943 193 1980 xime
221 1942 372 1981 accedit
401 1942 603 1981 Gellius
630 1943 982 1987 Noctt.Actic.11‚
1003 1946 1071 1990 22,
1098 1942 1206 1994 apud
1224 1957 1343 1995 quem
1362 1945 1509 1995 legitur

85 2004 140 2055 ὥς
158 2003 178 2048 ὅ
199 2008 365 2055 καικίας.
420 2009 544 2061 Apud
571 2008 910 2048 Plutarchum
939 2009 1113 2060 denique
1134 2010 1374 2061 Praec.pol.
1401 2025 1435 2051 c.
1452 2016 1504 2051 31

84 2075 142 2127 (p.
168 2079 246 2114 196
276 2076 338 2114 ed.
364 2074 542 2128 Hutten)
571 2077 650 2127 legi
672 2077 772 2114 solet
799 2073 933 2128 ὥσπερ
962 2075 1118 2122 καικίας
1144 2074 1262 2129 νέφη.
1318 2080 1384 2116 De
1407 2091 1509 2117 con-

84 2143 182 2182 fusis
211 2138 284 2189 ὧς,
317 2139 438 2192 ὥστε,
468 2139 601 2195 ὥσπερ
639 2144 714 2181 cfr.
744 2142 1033 2181 Schneider
1061 2143 1112 2181 ad
1139 2144 1360 2182 Aristot.
1388 2142 1508 2184 Hist.

87 2210 262 2248 animal.
288 2211 407 2248 Tom.
425 2211 497 2248 IV.
525 2223 565 2260 p.
582 2212 678 2248 235.
735 2207 990 2248 Schaefer
1022 2209 1074 2246 ad
1099 2209 1267 2259 Longi
1295 2211 1508 2250 Pastoral.

87 2290 128 2328 p.
152 2280 230 2314 333
262 2281 302 2313 et
326 2275 420 2314 Ind.
450 2289 491 2327 p.
513 2277 607 2314 460.
635 2275 687 2315 ad
715 2273 856 2315 Schol.
876 2277 976 2314 Par.
1011 2277 1254 2328 Apollon.
1285 2276 1448 2316 Rhod.
1473 2281 1508 2330 I,

88 2347 186 2383 269.
215 2355 256 2394 p.
277 2346 345 2381 30.

203 2413 265 2448 18.
292 2410 388 2448 Post
403 2406 576 2460 γίνονται
595 2409 647 2448 H.
669 2408 780 2447 addit
801 2405 876 2459 μέν
896 2414 938 2448 et
956 2408 1101 2449 deinde
1125 2424 1203 2462 pro
1224 2410 1510 2463 καταπαυομέ-

89 2491 169 2516 νων
195 2476 365 2528 simplici
391 2476 517 2515 verbo
544 2477 682 2515 utitur.
738 2477 876 2517 Verba
904 2473 1007 2516 κατὰ
1037 2504 1236 2518 .......
1265 2476 1510 2528 μετάστασιν

89 2550 181 2583 ante
207 2539 548 2592 καταπαυομὲνων
575 2544 690 2594 ponit
715 2544 771 2584 N.

204 2614 268 2650 19.
306 2606 378 2648 οὐκ
406 2603 524 2660 ὑγροί
548 2623 623 2660 pro
653 2604 738 2649 οἷον
765 2605 882 2662 ὑγροί
906 2610 1064 2662 scripsit
1091 2611 1136 2649 P.
1166 2611 1313 2663 inepte.
1343 2637 1395 2643 —-
1434 2611 1511 2665 λίψ

90 2677 134 2714 in
166 2677 332 2716 Graecia
362 2682 402 2714 et
430 2676 544 2714 Italia
577 2677 766 2715 madidus.
824 2678 909 2716 Csr.
942 2678 1146 2717 Problem.
1176 2680 1350 2730 XXVI,
1376 2684 1443 2721 26.
1469 2695 1509 2733 Ρ.

94 2743 197 2790 943,
216 2757 259 2782 a:
297 2741 380 2782 ἐπεὶ
410 2741 454 2781 δὲ
484 2738 628 2793 ὃΛὶψ
655 2741 698 2782 ἔκ
725 2758 766 2783 τε
796 2746 870 2795 τῆς
893 2743 1098 2798 χειμερίου
1136 2742 1287 2793 τάξεώς
1324 2745 1409 2787 ἐστι
1442 2747 1508 2788 καὶ

92 2804 213 2862 {7959
240 2807 379 2863 φύσει,
413 2809 653 2861 προστεθεὶς
680 2809 722 2850 ἐν
748 2813 798 2865 τῇ
827 2810 1014 2868 ἴσημερίᾳ
1043 2809 1172 2889 (qumis
1197 2815 1315 2854 etiam
1342 2821 1509 2858 testatur

1079 2873 1133 2908 37
