1760 3138
239 322 335 365 300
400 329 694 368 EXCERPTA
716 329 796 366 EX
823 328 1115 367 COMMENT.
1141 328 1475 369 ALEXANDRI

238 436 391 479 τούτων
420 435 526 477 οὕτω
559 435 678 489 λέγει·
712 434 812 475 Ἐπ’
840 433 1086 489 Ὠρίωνος
1113 434 1160 475 δ”
1183 434 1412 490 ἀνατολῇ
1450 438 1532 478 καὶ
1561 436 1642 478 δύ-

240 519 315 545 σει
352 506 449 544 τῶν
488 499 799 553 πνευμάτων
838 500 1071 556 ἀκρισίαι
1112 502 1519 554 συμβαίνουσιν,
1561 501 1640 544 ὅτι

238 570 286 611 ἓν
313 574 420 616 ταῖς
445 570 768 620 μεταβολαῖς
796 567 896 607 αἰεὶ
924 564 1092 607 πάντα
1119 567 1342 622 πέφυκεν
1367 566 1640 622 ἀοριστεΐν.

239 634 260 677 ὃ
291 635 330 676 δ’
358 634 538 686 Ὠρίων
570 632 846 673 ἀνατέλλει
871 633 964 685 μὲν
994 631 1123 688 ἀρχῇ
1152 632 1385 687 ὀπώρας,
1427 632 1569 674 δύνει
1597 632 1638 673 δ’

206 702 289 749 ,ἐν
320 700 450 754 ἀρχῇ
474 702 755 751 χειμῶνος,
793 697 919 740 ὥστε
949 697 1031 740 διὰ
1059 698 1113 740 τὸ
1141 698 1290 752 μήπω
1319 699 1644 743 καθεστάναι

235 767 496 820 μηδεμίαν
525 764 680 820 ιῧραν,
718 769 808 819 τῆς
843 764 935 818 μὲν
969 765 1265 819 γινομένης,
1295 769 1385 819 τῆς
1414 766 1464 807 δὲ
1492 782 1645 807 παυο-

236 833 416 887 μένης,
449 830 641 886 ἀνάγκη
681 833 764 872 καὶ
793 828 853 873 τὰ
879 830 1145 884 πνεύματα
1183 830 1520 874 ἀκατάστατα
1562 833 1644 874 καὶ

238 899 423 954 ἄκριτα
452 896 607 948 εἶναι,
638 898 726 939 διὰ
755 897 808 939 τὸ
838 898 1270 952 ἐπαμφοτερίζειν
1300 897 1351 947 ἔξ
1380 897 1643 952 ἑκατέρας.

237 964 366 1007 ὅθεν
394 965 453 1018 δὴ
492 965 574 1005 καὶ
608 964 843 1017 χαλεπὸς
879 963 1083 1018 λέγεται
1112 964 1198 1004 καὶ
1225 962 1391 1005 δύνων
1420 965 1502 1005 καὶ
1530 963 1646 1005 ἀνα-

186 1046 192 1055 ·
236 1032 440 1073 τέλλων.
478 1030 534 1072 ἔτι
563 1030 630 1071 διὰ
653 1030 699 1071 τὸ
727 1031 900 1084 μέγεθος
927 1034 999 1070 τοῦ
1029 1029 1194 1083 ἄστρου.
1234 1030 1276 1070 ἐκ
1306 1033 1464 1071 πολλῶν
1492 1029 1567 1084 γὰρ
1596 1029 1646 1070 ἀ-

238 1097 389 1152 στέρων
416 1097 481 1138 καὶ
510 1095 612 1137 πολὺ
636 1096 759 1149 μέρος
786 1095 951 1148 κατέχει.
989 1095 1051 1137 διὸ
1081 1087 1129 1137 οὗ
1157 1099 1235 1144 πᾶς
1264 1095 1349 1149 ἅμα
1379 1095 1467 1137 οὕτε
1496 1095 1644 1146 δύεται,

237 1163 328 1205 οὔτε
358 1163 565 1214 ἐπιτέλλει,
596 1161 688 1203 ἀλλ’
712 1163 753 1203 ἓν
781 1165 947 1209 πολλαῖς
973 1159 1151 1216 ἡμέραις.
1190 1162 1251 1203 διὸ
1280 1164 1345 1203 καὶ
1374 1163 1596 1217 παρατείνει
1624 1159 1645 1201 ὅ

233 1229 395 1284 χειμών.
452 1233 598 1271 Alex.
625 1232 699 1270 fol.
720 1234 813 1279 10¹,
837 1244 870 1269 a.
896 1231 934 1269 b.

347 1300 407 1347 V,
441 1302 479 1337 5.
546 1297 767 1348 Μετῆλθεν
805 1296 860 1342 εἷς
895 1292 966 1335 τὸν
993 1295 1082 1348 περὶ
1108 1298 1189 1335 τῶν
1215 1294 1382 1348 ἐτησίων
1410 1293 1540 1347 λόγον,
1580 1294 1650 1334 καί

237 1378 382 1418 φησιν,
411 1360 473 1403 ὅτι
495 1361 598 1414 μετὰ
624 1361 698 1409 τὰς
726 1359 892 1415 θερινὰς
917 1359 1071 1414 τροπὰς
1098 1361 1186 1414 περὶ
1215 1359 1288 1413 τὴν
1316 1363 1388 1401 τοῦ
1415 1358 1534 1407 κυνὸς
1561 1359 1646 1399 ἔπι-

236 1428 359 1482 τολὴν
387 1427 570 1468 πνέουσιν
596 1427 698 1480 μετὰ
726 1427 870 1468 εἴκοσιν
897 1424 1048 1480 ἡμέρας
1075 1430 1149 1479 τῆς
1171 1430 1336 1480 θερινῆς
1353 1429 1525 1480 τροπῆς’
1559 1424 1641 1465 ἀλλ’

239 1494 388 1536 α’τοπον
417 1493 515 1547 λέγει
542 1492 644 1546 μετὰ
671 1492 745 1540 τὰς
771 1492 916 1534 εἶ’κοσιν
942 1489 1095 1546 ημέρας
1123 1493 1163 1533 ἓν
1190 1495 1240 1547 τῇ
1269 1495 1340 1533 τοῦ
1370 1490 1487 1539 κυνὸς
1513 1491 1646 1531 ἔπιτο-

239 1560 381 1616 λῇ,οὗ
409 1559 485 1614 ᾳὰρ
515 1559 637 1600 εἴκοσι
662 1557 788 1611 μόνον
817 1558 914 1599 εἷσὶν
941 1555 1106 1613 ημέραι,
1135 1557 1238 1598 ἀλλὰ
1257 1575 1316 1608 κε,
1346 1557 1425 1598 ἀπο
1451 1561 1525 1610 τῆς
1551 1573 1647 1608 τρο-

207 1678 209 1681 .
238 1631 315 1680 πῆς
341 1626 456 1681 μέχρι
484 1629 555 1678 τῆς
583 1626 765 1679 ἐπιτολῆς
791 1627 865 1666 τοῦ
895 1622 1025 1672 κυνός.
1061 1640 1086 1676 η
1107 1622 1261 1678 ρητέον,
1290 1622 1350 1664 ὅτι
1380 1622 1491 1676 διττὴ
1519 1619 1543 1676 ἦ
1564 1623 1649 1662 ἐπι-

238 1693 357 1747 τολή,
386 1690 411 1745 ἡ
439 1691 514 1745 μὲν
543 1690 721 1744 ἀληθής,
751 1688 775 1744 ἦ
799 1691 843 1731 δὲ
872 1689 1105 1745 φαινομένη.
1135 1687 1252 1743 ἦμέν
1271 1685 1341 1731 οὗν
1362 1687 1522 1742 ἀληθής
1541 1688 1647 1729 ἐστιν

237 1757 262 1813 ἡ
294 1758 462 1805 σύνοδος
502 1761 573 1798 τοῦ
609 1755 724 1809 ἡλίου
762 1758 827 1798 καὶ
864 1760 937 1798 τοῦ
963 1755 1102 1806 κυνός,
1142 1754 1165 1809 ἡ
1197 1756 1241 1796 δὲ
1268 1755 1509 1811 φαινομένη,
1552 1753 1648 1795 ὅταν

239 1824 389 1880 εκφύγῃ
417 1823 491 1871 τὰς
527 1820 697 1875 ηλιακᾶς
726 1821 849 1876 αὐγὰς
878 1819 897 1862 ὃ
926 1820 1032 1862 κύων
1068 1823 1133 1862 καὶ
1161 1821 1278 1876 ὀφθῇ
1306 1825 1356 1876 τῇ
1390 1819 1504 1873 ημῶν
1541 1819 1647 1871 όψει.

239 1891 316 1932 ἀπὸ
349 1906 420 1931 ουν
447 1892 520 1941 τῆς
546 1891 698 1942 τροπῆς
726 1887 842 1941 μέχρι
869 1891 942 1940 τῆς
973 1886 1164 1939 ἀληθοῦς
1185 1887 1367 1939 επιτολῆς
1384 1888 1481 1927 εἰσιν
1502 1885 1648 1926 είκοσιν

237 1956 393 2012 ἧμέραι.
421 1954 537 2010 μέχρι
566 1954 610 1994 δὲ
639 1957 712 2007 τῆς
740 1952 982 2027 φαινομένης
1010 1968 1065 1994 κε.
1107 1951 1196 1993 κατ’
1229 1950 1353 2007 ἄμφω
1382 1968 1452 1994 ουν
1481 1951 1650 2006 ἀληθές.

241 2026 443 2076 Olymp.
473 2024 544 2062 fol.
569 2023 680 2070 40,a
659 2036 693 2061 a.

348 2089 401 2139 V,
435 2094 500 2128 10.
561 2086 664 2140 Φέρε
690 2085 736 2127 τὸ
768 2084 1082 2167 προαναβληθεν
1110 2088 1160 2140 τῇ
1188 2085 1427 2142 προτεραία,
1461 2084 1647 2139 καθάπερ

239 2173 277 2197 τι
303 2154 422 2210 χρέος
449 2151 724 2206 ἀποδώσομεν.
754 2152 820 2193 καὶ
831 2150 1091 2232 ζητήσωμεν,
1110 2155 1195 2199 πῶς
1217 2149 1387 2191 δυνατόν
1416 2166 1498 2192 εστι
1525 2167 1648 2192 κατα-

242 2221 444 2273 σκευάσαι,
474 2219 535 2262 ὅτι
559 2218 580 2261 ὃ
602 2219 717 2267 νότος
744 2233 887 2270 ανεμος
916 2217 989 2270 οὐχ
1018 2217 1096 2259 ἀπὸ
1126 2221 1199 2259 τοῦ
1230 2215 1351 2258 νότου
1381 2215 1484 2272 πρὸς
1501 2215 1547 2258 τό
1569 2220 1649 2256 πᾶν

242 2287 388 2329 ἐνθάδε
417 2293 524 2337 πνεῖ,
566 2285 639 2327 οὐκ
667 2284 744 2326 ἀπὸ
772 2287 843 2338 τῆς
866 2288 1090 2338 χειμερινῆς
1117 2287 1288 2339 τροπῆς,
1339 2282 1431 2324 ἀλλ’
1463 2281 1541 2323 ἀπὸ
1578 2285 1650 2334 τῆς

242 2353 345 2407 πρὸς
379 2351 487 2407 ημᾶς
523 2351 780 2432 οῗκουμένης,
830 2350 1033 2392 τουτέστιν
1063 2350 1140 2392 ἀπὸ
1170 2354 1250 2392 τῶν
1277 2353 1449 2405 θερινῶν
1475 2351 1646 2403 τροπῶν.

243 2420 326 2461 αλλ’
355 2421 423 2461 ίνα
452 2422 572 2461 τοῦτο
601 2413 850 2472 ποιήσωμεν,
892 2416 986 2473 φέρε
1013 2417 1087 2471 τὴν
1116 2420 1248 2458 πᾶσαν
1274 2420 1347 2470 γῆν
1376 2412 1570 2460 διελόντες
1593 2412 1649 2460 εἴς
1709 2444 1716 2452 ,

242 2503 331 2527 τινα
359 2485 550 2540 τμήματα
576 2485 705 2540 ταύτῃ
732 2487 783 2539 τῇ
818 2483 1003 2539 διαιρέσει
1038 2487 1109 2537 τῆς
1143 2486 1215 2536 γῆς
1249 2479 1304 2529 ὡς
1339 2479 1515 2534 λήμματι
1542 2494 1647 2533 χρη-

244 2552 427 2606 σώμεθα.
477 2554 540 2593 δεῖ
571 2553 704 2592 τοίνυν
740 2549 924 2604 μέγιστον
962 2549 1106 2592 κύκλον
1134 2551 1273 2601 νοῆσαι
1302 2547 1390 2602 περὶ
1416 2543 1467 2586 τὰ
1495 2544 1648 2600 πέρατα

334 2702 587 2749 οἶκουσμάτων,
618 2707 694 2741 sive
718 2706 894 2749 quomodo
915 2705 1032 2738 laudat
1063 2702 1098 2738 A
1109 2714 1133 2736 n
1144 2708 1158 2736 t
1169 2701 1181 2736 i
1192 2711 1215 2747 g
1226 2710 1249 2734 ο
1261 2711 1319 2733 nu
1331 2710 1348 2733 s
1382 2699 1443 2734 Ga
1454 2710 1507 2743 ry
1520 2710 1537 2733 s
1548 2705 1562 2734 t
1573 2699 1585 2733 i
1595 2711 1618 2733 ιι
1630 2712 1646 2733 s

334 2773 366 2796 ο.
393 2760 459 2795 144
489 2759 637 2805 ἐκλογήν
661 2759 733 2794 τῶν
758 2757 975 2805 παραδόξων
1001 2759 1134 2793 referre
1160 2757 1302 2791 mavult.
