1820 3158
149 374 373 420 —p.358,b.
399 373 560 408 Bekk.—
619 374 791 415 man,
813 373 1030 414 ·0Ap,111‚
1105 368 1333 415 -p..343,13.
1349 371 1476 406 cas.-
1524 365 1586 408 83

148 486 298 529 ταύτό·
328 488 395 529 καὶ
419 486 498 543 γὰρ
528 483 637 534 οἶνος
665 485 731 527 καὶ
760 483 908 534 πάντες
937 484 975 527 οἳ
993 485 1134 538 χυμοί,
1164 482 1254 526 ὅσοι
1277 481 1328 525 ἄν
1346 483 1607 537 ἀτμίσαντες.

146 554 270 597 πάλιν
301 556 357 604 εἷς
391 552 516 611 ὑγρὸν
545 556 768 605 συστῶσιν,
807 551 922 609 ὕδωρ
956 553 1146 607 γίνονται.
1195 549 1314 606 πάθη
1352 551 1431 609 γὰρ
1458 547 1591 594 τᾶλλα

148 622 219 666 διά
244 640 337 666 τινα
366 623 559 677 σύμμιξιν
585 625 660 664 τοῦ
686 619 838 670 ὕδατός
866 621 992 671 ἐστιν,
1021 621 1086 662 καὶ
1112 616 1199 662 οἷον
1225 618 1276 661 ι’ίν
1297 636 1336 661 τι
1360 614 1387 676 ᾖ
1410 620 1457 664 τὸ
1486 637 1593 675 συμ-

147 690 319 745 μιχθέν,
359 694 544 734 τοιοῦτον
573 696 682 732 ποιεῖ
704 688 778 732 τὸν
803 688 951 743 χυμόν.
1014 695 1080 730 32.
1106 687 1230 730 Ἀλλὰ
1261 689 1351 744 περὶ
1379 688 1456 742 μὲν
1484 689 1583 731 τοῦ·
1594 695 1646 732 32

147 775 233 801 των
263 759 306 800 ἐν
335 757 474 809 ἄλλοις
507 764 663 815 καιροῖς
691 757 947 814 οἰκειοτέροις
975 756 1164 811 ποιητέον
1193 756 1268 810 τὴν
1309 757 1467 812 σκέψιν.
1520 762 1592 800 νῦν

149 828 194 870 δὲ
223 830 422 869 τοσοῦτον
458 826 658 882 λέγωμεν,
705 825 767 868 ὅτι
798 829 874 880 τῆς
908 823 1124 880 θαλάττης
1160 822 1425 880 ὕπαρχοὺσης
1463 825 1528 868 ἀεί
1551 843 1592 869 τι

148 895 337 951 ἀνάγεται
378 897 445 937 καὶ
483 896 632 950 γίνεται
670 893 843 947 πότιμον
881 893 949 935 καὶ
978 891 1140 934 ἄνωθεν
1169 893 1212 934 ἓν
1240 895 1300 949 τῷ
1327 890 1487 951 ὖομένῳ
1516 912 1592 937 κα-

146 963 329 1019 τέρχεται
364 962 465 1005 ἄλλο
505 962 764 1019 γεγενημένον
773 992 788 1010 ,
833 960 880 1003 οὐ
916 959 963 1002 τὸ
997 959 1190 1013 ἀναχθέν.
1248 961 1314 1001 καὶ
1355 960 1422 1002 διὰ
1460 961 1594 1019 βάρος

146 1029 370 1088 ὑφίσταται
414 1035 474 1088 τῷ
513 1032 688 1087 ποτίμῳ.
767 1035 834 1071 33.
874 1029 960 1070 Καὶ
999 1027 1068 1069 διὰ
1103 1026 1220 1070 τοῦτ’
1253 1026 1344 1069 οὔτ’
1378 1029 1580 1080 ἐπιλείπει,
1597 1037 1648 1072 33

148 1098 284 1155 ὥσπερ
316 1099 355 1141 οἱ
384 1100 586 1153 ποταμοί,
619 1096 716 1139 ἀλλ’
737 1095 764 1151 ἢ
793 1102 881 1145 τοῖς
907 1094 1050 1144 τόποις
1079 1097 1216 1149 (τοῦτο
1246 1094 1290 1136 δ’
1318 1095 1385 1137 ἐπ’
1411 1095 1594 1154 ἀμφοτέ-

149 1184 234 1223 ρων
262 1166 413 1222 ἀνάγκη
444 1166 678 1220 συμβαίνειν
708 1162 900 1220 ὁμοίως),
941 1162 1033 1206 οὔτε
1063 1162 1123 1206 ἀεὶ
1152 1162 1206 1205 τὰ
1233 1162 1340 1206 αὐτοὶ
1369 1166 1473 1221 μέρη
1503 1167 1593 1207 δια-

146 1235 278 1289 μένει,
327 1233 417 1276 οὔτε
454 1238 528 1289 γῆς
564 1233 655 1276 οὔτε
694 1232 934 1287 θαλάττης,
988 1230 1093 1273 ἀλλὰ
1131 1230 1260 1285 μόνον
1299 1229 1320 1273 ὁ
1349 1237 1429 1282 πᾶς
1459 1232 1591 1288 ὄγκος.

148 1305 216 1345 34.
237 1302 332 1344 ’Καὶ
359 1300 437 1358 γὰρ
467 1302 535 1345 καὶ
564 1303 654 1358 περὶ
683 1305 757 1357 γῆς
786 1299 939 1355 ὁμοίως
968 1302 1034 1342 δεῖ
1055 1297 1296 1354 ὑπολαβεῖν·
1327 1300 1374 1342 τὸ
1397 1301 1474 1354 μὲν
1500 1301 1579 1358 γὰρ
1596 1305 1647 1344 34

147 1369 377 1427 ἀνέρχεται,
407 1369 455 1412 τὸ
486 1371 531 1413 δὲ
559 1370 681 1413 πάλιν
711 1370 1044 1425 συγκαταβαίνει,
1084 1369 1151 1410 καὶ
1181 1367 1279 1417 τοὺς
1305 1368 1459 1418 τόπους
1488 1383 1593 1423 συμ-

145 1438 390 1493 μεταβάλλει
410 1437 461 1481 τά
480 1438 521 1481 τ’
546 1437 841 1490 ἐπιπολάζοντα
871 1438 938 1479 καὶ
957 1436 1011 1478 τὰ
1032 1435 1224 1479 κατιόντα
1242 1435 1375 1489 πάλιν.
1416 1436 1582 1479 35.”Οτι
1594 1444 1646 1480 35

91 1520 95 1522 ’
147 1506 192 1549 δ’
216 1506 323 1549 ἐστὶν
349 1507 394 1549 ἓν
419 1508 524 1561 μίξει
564 1500 686 1573 affl}
701 1505 749 1549 τὸ
780 1504 987 1561 ἁλμυρόν,
1030 1506 1156 1559 δῆλον
1187 1503 1236 1546 οὐ
1264 1504 1393 1557 μόνον
1430 1505 1474 1547 ἐκ
1511 1509 1593 1547 τῶν

148 1575 390 1631 εἰρημένων,
430 1573 538 1616 ἀλλὰ
565 1563 743 1617 καῖἧλὲἆν
776 1590 839 1622 τις
877 1572 1034 1628 ἀγγεῖον
1063 1569 1223 1619 πλάσας
1251 1575 1312 1626 θῇ
1341 1570 1506 1626 κήρινον
1536 1574 1592 1622 εἷς
1611 1611 1627 1618 ,μ

149 1716 303 1749 caetera
324 1710 571 1749 afficiuntur.
613 1710 766 1750 Vinum
786 1723 957 1762 namque
978 1715 1020 1748 et
1035 1714 1234 1760 quotquot
1251 1707 1444 1747 humores
1463 1721 1593 1760 vapo-

149 1784 283 1817 rantes
304 1791 446 1817 rursus
468 1778 510 1816 in
530 1777 744 1817 humorem
763 1782 1038 1826 concrescunt,
1066 1789 1169 1828 aqua
1189 1775 1432 1814 efficiuntur.
1491 1777 1594 1815 Cae-

152 1852 238 1885 tera
264 1845 372 1885 enim
393 1860 520 1898 aquae
543 1846 773 1885 affectiones
795 1852 910 1892 sunt,
940 1858 1042 1897 quae
1068 1857 1120 1881 ex
1149 1843 1319 1895 quadam
1346 1843 1595 1884 admixtione

150 1914 358 1963 exsistunt,
393 1920 434 1953 et
452 1911 570 1965 quale
587 1913 649 1962 id,
704 1913 787 1953 uod
807 1913 1032 1952 admixtum
1054 1917 1133 1960 est,
1163 1911 1302 1961 fuerit,
1333 1912 1454 1950 talem
1475 1925 1594 1964 sapo—

149 1996 236 2021 rem
263 1981 401 2034 gignit.
461 1986 528 2020 32.
560 1982 644 2020 Sed
662 1981 760 2021 haec
782 1988 965 2033 tempore
993 1980 1072 2019 alio
1101 1979 1224 2030 magis
1247 1985 1481 2031 opportuno
1503 1987 1595 2019 suut

149 2049 449 2090 consideranda.
506 2050 626 2088 Nunc
647 2056 780 2089 autem
800 2049 877 2087 hoc
895 2054 1050 2088 tantum
1071 2047 1259 2096 dicamus,
1289 2061 1379 2085 cum
1401 2049 1454 2086 sit
1471 2061 1594 2099 mare,

151 2117 300 2170 aliquid
322 2131 373 2156 ex
394 2131 441 2155 eo
466 2132 628 2170 semper
653 2118 782 2157 attolli
813 2124 853 2155 et
881 2117 1057 2169 potabile
1080 2116 1219 2165 reddi,
1249 2115 1359 2168 quod
1378 2116 1430 2154 de
1447 2129 1593 2167 supero

150 2187 262 2234 loco,
289 2185 332 2224 in
348 2187 487 2237 pluvia
504 2186 545 2224 in
566 2186 677 2224 aliud
699 2191 918 2234 mutatum,
945 2198 1028 2223 non
1049 2190 1183 2224 autem
1201 2183 1243 2222 id
1263 2182 1372 2235 quod
1392 2183 1592 2222 sublatum

154 2259 238 2302 est,
285 2251 491 2291 descendit
510 2268 520 2290 :
565 2259 684 2304 atque
724 2267 776 2292 ex
816 2253 998 2306 pondere
1044 2253 1144 2304 parti
1194 2251 1358 2303 potabili
1411 2250 1593 2290 subsidit.

156 2325 224 2360 33.
256 2321 448 2370 Hancque
468 2319 520 2357 ob
541 2333 697 2359 cansam
724 2335 806 2359 non
829 2321 986 2369 deficit,
1018 2320 1146 2358 veluti
1167 2318 1354 2367 flumina,
1382 2318 1458 2356 nisi
1480 2318 1594 2356 loeo·

0 2439 4 2447 ‚
153 2403 245 2429 rum
268 2387 437 2426 ratione.
493 2388 583 2425 Hoc
610 2394 743 2426 autem
770 2390 951 2440 utrisque
980 2388 1198 2438 aequaliter
1228 2386 1406 2433 eveniat,
1433 2398 1594 2423 necesse

0 2457 9 2512 J
154 2463 236 2504 est,
271 2469 344 2495 nec
374 2453 536 2493 eaedem
564 2468 745 2506 semper,
785 2470 856 2494 seu
881 2456 1002 2494 maris
1026 2469 1097 2492 seu
1117 2461 1248 2492 terrae
1282 2452 1448 2504 (etenim
1472 2458 1522 2490 et.
1542 2452 1594 2491 de

154 2533 264 2565 terra
283 2523 468 2562 similiter
492 2522 747 2561 statuendum
766 2525 842 2574 est)
872 2529 1008 2575 partes
1028 2528 1284 2573 permanent,
1315 2520 1385 2559 sed
1404 2520 1594 2559 universa

154 2599 309 2632 tantum
328 2591 466 2629 moles.
526 2589 592 2628 34.
623 2591 785 2642 Quippe
812 2605 902 2629 cum
925 2591 1000 2628 alia
1025 2603 1118 2641 pars
1139 2588 1373 2637 adscendat,
1404 2588 1480 2627 alia
1498 2601 1594 2628 rm-

156 2674 222 2700 sus
239 2659 473 2699 descendat:
500 2665 541 2698 at
557 2659 690 2697 locum
713 2664 869 2697 mutant
886 2664 972 2697 tum
995 2671 1050 2706 ea,
1082 2670 1183 2709 quae
1202 2655 1485 2703 conscendunt,
1507 2662 1592 2694 tum

111 2730 114 2732 ’
156 2741 257 2781 quae
283 2741 424 2766 rursus
455 2726 715 2766 descendunt.
806 2729 868 2765 35.
909 2724 1153 2764 salsedinem
1189 2727 1324 2762 autem
1350 2725 1393 2763 in'
1423 2723 1593 2775 quadam

158 2796 353 2835 mixtione
380 2796 549 2847 positam
581 2809 687 2843 esse,
725 2808 807 2833 non
835 2807 888 2832 ex
912 2793 974 2831 his
1003 2799 1179 2842 tantum,
1223 2806 1324 2845 quae
1353 2791 1456 2829 dicta
1489 2797 1592 2836 sunt,

158 2864 415 2916 perspicuum
435 2869 515 2912 est,
547 2876 691 2901 verum
715 2863 833 2901 etiam
857 2861 1024 2910 exinde,
1053 2860 1160 2913 quod
1187 2861 1220 2898 si
1241 2860 1328 2911 quis
1355 2871 1473 2898 cereo
1500 2871 1594 2896 vase

1125 2930 1181 2966 6*
