1774 3198
284 373 308 412 Γ)
319 371 341 412 »ἱ
350 373 376 413 8
496 370 961 431 COMMENTARIUS
973 371 1034 410 IN
1062 373 1464 415 METEOROLOG.

287 487 425 537 νοῆσαι
463 483 534 521 τοῦ
571 476 780 532 λεγομένου
819 474 877 532 ‘inp
932 474 1044 531 ἡμῶν
1082 478 1199 532 ἀέρος
1233 480 1279 521 τὸ
1305 482 1378 535 μὲν
1406 485 1492 538 περὶ
1519 483 1589 538 τἠν
1615 491 1687 540 γῆν

290 548 372 591 οἷον
397 546 514 600 ὑγρὸν
543 545 609 585 καὶ
638 543 792 596 θερμὸν
820 541 916 585 εἶναι
947 545 1013 585 διὰ
1039 545 1085 587 τὸ
1117 546 1287 598 ἀτμίζειν
1308 564 1349 589 τε
1373 550 1437 589 καὶ
1459 549 1688 603 ἀναθυμία-

291 631 351 655 σιν
380 613 478 665 ἕχειν
505 614 585 665 γῆς.
643 615 713 650 Est
731 613 864 662 igitur,
897 613 947 652 de
967 627 1044 665 quo
1065 616 1240 664 loquitur
1268 617 1592 667 Aristoteles,
1622 625 1712 658 atir-

288 683 367 728 ille,
396 677 492 725 ὅσος
508 676 616 724 ἐντὸς
645 674 887 728 λαμβάνεται
915 681 986 730 τῆς
1013 680 1260 732 περιφερείας
1285 683 1359 732 τῆς
1384 680 1687 736 ἀπαρτιζοῦσης,

291 744 390 785 ὥστε
418 742 491 796 τὴν
519 746 590 796 γῆν
620 744 852 796 σφαιροειδῆ
880 740 976 783 εἶναι
1001 748 1134 784 πᾶσαν
1161 749 1194 794 Ι,
1213 752 1251 796 3,
1271 751 1344 794 16,
1375 749 1442 786 ubi
1461 750 1553 787 vide
1572 752 1691 788 Com—

291 818 458 850 mentar.
479 795 535 837 ⁵-—
563 811 771 848 Caeterum
794 810 894 848 nihil
916 811 1134 859 dilucidius,
1164 827 1280 863 quam
1300 815 1592 865 transponenda
1612 830 1695 853 esse

290 878 411 917 verba
434 877 740 914 Aristotelis
767 877 832 923 ita,
861 882 906 914 ut
923 877 993 926 §.8
1015 884 1103 928 post:
1123 877 1156 926 §
1172 884 1194 916 6
1219 885 1399 930 ponatur,
1418 893 1529 930 quam
1553 882 1694 918 deinde

292 943 460 992 excipiat
485 943 520 991 §.
543 945 589 988 7,
629 942 678 979 ad
707 955 823 993 quam
852 949 1028 993 spectant
1054 946 1268 994 particulae
1296 943 1377 983 καὶ
1407 943 1524 996 γάρ,
1555 948 1695 997 quibus

291 1009 497 1047 inchoatur
524 1008 709 1046 refutatio
737 1008 931 1059 opinionis
960 1023 1118 1055 eorum,
1160 1012 1226 1060 qui
1253 1017 1418 1050 ventum
1452 1020 1693 1050 commotum

292 1079 422 1113 a'erem
441 1088 523 1111 esse
546 1074 768 1122 censebant,
798 1081 1103 1126 concretumque
1118 1077 1308 1127 pluviam.
1331 1100 1380 1106 ——-
1413 1079 1550 1126 Qualis
1569 1085 1697 1117 trans-

292 1141 433 1192 positio
452 1139 669 1179 verborum
687 1139 728 1176 in
750 1140 906 1190 scriptis
927 1141 956 1176 A
969 1142 1043 1178 ris
1055 1142 1252 1179 totelis‘
1267 1143 1382 1179 etiam
1398 1145 1487 1181 alibi
1505 1145 1603 1182 facta
1623 1151 1692 1182 est.

293 1208 366 1246 cfr.
393 1220 432 1245 v.
449 1219 482 1243 c.
504 1204 786 1243 Schneider
817 1206 912 1242 Car.
933 1207 1092 1243 Poster.
1117 1207 1167 1244 ad
1188 1208 1402 1246 Aristot.
1433 1212 1543 1247 Hist.
1566 1213 1694 1249 anim.

293 1274 363 1320 IV,
384 1276 421 1320 1,
444 1275 481 1309 6.
503 1270 702 1308 Tom.1v.
725 1284 764 1322 p.
778 1273 855 1309 335
869 1268 986 1321 *).—·
1015 1271 1148 1310 Verba
1167 1271 1254 1324 περὶ
1277 1269 1468 1321 ἑκάστους
1487 1277 1632 1314 omittit
1646 1279 1694 1315 E.

340 1411 375 1452 *)
407 1410 494 1444 Cum
520 1410 573 1442 de
588 1408 831 1443 emendatione
857 1420 922 1452 per
944 1400 1246 1453 transpositionem
1268 1415 1377 1448 verba
1399 1414 1572 1457 fecissem,
1595 1415 1698 1448 lice1t

383 1466 497 1499 obiter
516 1465 700 1498 emendare
723 1465 872 1508 Sopho
884 1466 936 1499 cl
961 1468 1131 1500 Philoctet-
1156 1479 1193 1502 v.
1203 1469 1269 1502 616
1281 1480 1355 1513 sqq
1399 1470 1452 1503 lbi
1473 1470 1573 1504 metri
1596 1473 1698 1504 sche-

383 1532 438 1554 ma
461 1526 513 1554 est
534 1521 926 1575 11002'
1138 1557 1150 1577 Ι

468 1575 593 1610 v.67‹3.
615 1581 1163 1608 u—v—ssss—-u—-u—
1193 1577 1585 1614 u--iamb.trimeter

469 1630 1695 1679 677-679.-υυ”---υν-υν[---υυ]υ-υυ-υυ[υ]

697 1691 1313 1721 ——uu—uussss-—o—v—-

387 1742 486 1786 Quae
510 1739 575 1774 sibi
599 1750 671 1774 non
693 1742 906 1784 respondent
929 1741 966 1774 in
980 1748 1127 1786 utraque
1137 1745 1290 1786 stropha,
1309 1744 1407 1777 uncis
1420 1744 1697 1791 significavimus.

352 1796 366 1809 ⁴
385 1798 432 1829 Ut
456 1801 569 1829 autem
592 1807 757 1829 numerus
779 1797 987 1837 restituatur,
1006 1800 1122 1841 plures
1144 1798 1279 1844 ingredi
1297 1810 1478 1843 possumus
1492 1801 1579 1843 vias,
1602 1802 1699 1844 prio-

384 1861 459 1883 reru
478 1861 622 1894 eamque
645 1862 728 1884 sane
752 1851 962 1895 facillimam,
987 1859 1024 1886 ut
1034 1853 1167 1887 Ixionis
1191 1865 1317 1887 nomen
1342 1866 1361 1888 e
1389 1860 1486 1889 textu
1509 1856 1699 1900 efficiamus,

384 1916 462 1938 cum
487 1905 591 1939 facile
614 1905 688 1938 fieri
711 1907 891 1949 potuisset,
919 1914 958 1941 ut
983 1919 1002 1941 a
1017 1909 1158 1942 librario
1181 1910 1329 1951 quodam
1351 1911 1596 1953 explicationis
1621 1923 1700 1957 gra-

386 1959 434 1992 tia
462 1959 505 1993 sit
529 1959 692 1993 additum.
739 1961 808 1993 Sed
832 1961 861 1993 si
888 1963 1080 1996 accuratius
1109 1963 1214 1996 totius
1252 1965 1417 1997 enuntiati
1452 1977 1583 1999 nexum
1617 1978 1699 2010 per-

387 2019 592 2057 scrutamur,
617 2014 691 2049 eins
712 2016 1005 2050 constructionem
1028 2029 1104 2052 esse
1127 2019 1236 2061 hanc,
1263 2019 1365 2052 facile
1388 2020 1488 2053 nobis
1510 2023 1697 2063 persuade-

384 2080 480 2103 mus:
504 2067 674 2111 ἐξήκουσα
695 2071 780 2114 μέν,
817 2067 900 2104 ἀλλ’
922 2068 985 2105 οὔκ
1009 2070 1155 2116 ὄπωπα,
1180 2069 1226 2107 ὥς
1248 2071 1269 2106 ο“
1291 2071 1375 2108 Ζεὺς
1398 2073 1462 2107 τὸν
1485 2070 1610 2115 Ἰξίονα
1634 2075 1699 2112 τὸν

387 2122 472 2158 Διὸς
489 2121 644 2168 λέκτρων
656 2123 818 2160 πελάτιν
836 2124 942 2169 ἔλαβε
966 2123 1108 2170 δέσμιον
1131 2125 1211 2162 κατ’
1233 2127 1381 2171 ἄμπυκα
1404 2126 1575 2174 δρομάδα.
1613 2134 1698 2177 Quis

387 2179 491 2226 igitur
516 2190 589 2213 non
615 2181 713 2214 videt
736 2181 874 2224 proprie
898 2182 1116 2218 scribendum
1141 2184 1251 2218 fuisse
1279 2185 1464 2228 Sophocli:
1499 2182 1545 2220 ὥς
1566 2184 1586 2220 ὁ
1611 2186 1698 2222 Zetis

386 2231 452 2267 τόν
468 2232 600 2273 Ἰξίονα
622 2232 686 2268 τὸν
709 2234 780 2269 τῶν
803 2233 914 2270 αὑτοῦ
934 2236 1086 2281 λέκτρων
1111 2236 1273 2272 πελάτην
1295 2237 1401 2284 ἔλαβε
1425 2246 1458 2273 et
1481 2252 1625 2285 vereor,
1660 2249 1697 2276 ut

388 2289 457 2321 tale
480 2290 722 2332 anacoluthon,
749 2293 848 2334 quale
873 2292 1081 2335 Sophoclem
1106 2293 1159 2336 (et
1178 2295 1459 2328 Herodotum
1486 2296 1521 2329 in
1540 2299 1629 2340 loco,
1653 2299 1696 2332 de

390 2353 459 2387 quo
485 2345 586 2387 paulo
614 2351 693 2387 post
717 2346 910 2390 agendum)
944 2348 1122 2391 scripsisse
1148 2355 1286 2393 putant,
1316 2350 1595 2394 interpositorum
1617 2364 1697 2386 ver-

389 2398 513 2431 borum
534 2399 752 2434 multitudine
775 2402 885 2444 possit
906 2402 1088 2437 vindicari.
1147 2405 1305 2447 Accedit,
1328 2410 1366 2438 ut
1381 2411 1590 2448 praeteream
1613 2407 1696 2440 illud

391 2452 601 2495 Sophoclem
624 2455 895 2501 quotiescunque
921 2459 1007 2492 tales
1029 2460 1161 2493 fabulas
1188 2461 1323 2506 afferat,
1361 2462 1500 2495 nomina
1523 2471 1696 2504 apponere

390 2508 518 2550 sotere,
543 2510 730 2544 auctoritas
752 2522 824 2546 non
848 2513 974 2558 exigua
989 2515 1118 2548 codicis
1135 2508 1376 2549 ΕΙοεθιῑιῑίηἰ-
1347 2530 1367 2560 y
1390 2529 1409 2550 a
1426 2517 1606 2550 Dindorfio
1624 2520 1696 2551 col-

390 2562 471 2605 lati,
503 2562 540 2596 in
563 2576 634 2608 quo
664 2567 789 2612 legitur
816 2579 900 2602 ποτε
923 2568 1033 2612 Διός,
1065 2572 1158 2604 unde
1182 2572 1398 2614 perspicuum
1423 2572 1483 2612 fit,
1517 2572 1693 2606 librarium
1727 2616 1730 2619 ἱ

391 2619 562 2660 quendam
580 2620 615 2653 in
630 2621 785 2667 margine
807 2622 901 2655 illum
923 2622 1078 2668 λέκτρων
1094 2622 1256 2659 πελάταν
1273 2621 1394 2666 Ἰξίονα
1408 2625 1452 2658 ita
1471 2627 1692 2671 explicuisse,

391 2678 430 2705 ut
453 2683 580 2707 nomen
603 2674 716 2718 illius,
754 2677 851 2711 cuius
873 2679 1000 2712 lectum
1023 2680 1226 2722 incestavit,
1257 2682 1350 2714 Iovis
1374 2681 1533 2723 adderet,
1571 2684 1693 2726 quibus

390 2729 508 2762 verbis·
525 2729 613 2762 ποτὲ
635 2730 722 2764 Διός
738 2732 856 2766 nescio
874 2733 950 2776 quis
963 2758 973 2774 ,
1001 2739 1038 2766 ut
1055 2735 1247 2777 strophicus
1268 2741 1302 2767 et
1324 2735 1587 2779 antistropliicus
1611 2751 1694 2773 ver-

390 2790 448 2814 sus
470 2782 537 2816 sibi
558 2786 823 2830 responderent,
843 2787 1048 2831 interposuit
1069 2790 1250 2823 articulum
1269 2786 1352 2830 τῶν,
1378 2792 1468 2834 quod
1486 2797 1601 2828 tamen
1616 2800 1699 2838 post
