1774 3198
277 341 371 387 482
495 348 940 390 COMMENTARIUS
968 348 1027 389 IN
1052 335 1453 389 METEOROLOG.

279 463 439 502 omnino
480 460 684 499 Lobeck
720 459 770 496 ad
806 457 1082 509 Phrynich.
1122 471 1162 509 p.
1186 458 1266 496 466
1285 471 1341 509 sq.
1376 460 1604 498 Gravert
1631 461 1681 498 ad

274 527 497 579 ,Aristid.
522 527 758 564 Declamat.
780 525 948 574 Leptin.
977 537 1015 575 p.
1034 527 1086 563 98
1114 530 1154 562 et
1183 536 1281 574 quos
1307 524 1441 563 laudat
1465 526 1604 564 Koch
1632 527 1682 564 ad

279 598 358 633 Mo
373 593 500 632 erid.
539 605 581 643 p.
609 591 723 640 CVI,
768 591 906 643 quibus
934 590 1035 629 adde
1073 589 1252 629 Niclas
1287 590 1337 628 ad
1375 591 1591 642 Geoponic.
1629 593 1683 637 V,

280 661 343 707 43,
363 663 402 698 2.
433 673 471 709 Ρ.
495 659 589 696 406.

390 725 454 763 14.
485 720 686 775 εὖκρατεῖς
712 724 781 761 Er.
812 723 934 770 male3
972 722 1086 761 docet
1112 725 1217 761 enim
1243 723 1423 761 codicum
1450 722 1686 760 editionum·

280 805 356 842 que
374 796 557 828 veterum
575 803 784 827 consensus
792 817 806 836 ,
833 802 914 827 non
931 789 1022 827 solis
1042 788 1170 840 poetis
1187 788 1286 827 hanc
1302 790 1471 828 formam
1493 802 1576 827 esse
1595 789 1687 827 vin-

281 857 505 899 dicandam,
543 856 650 894 unde
675 869 882 907 perperam
911 857 1075 907 expulsa
1103 862 1161 894 est
1184 869 1207 894 a
1235 855 1553 895 Schneidero
1583 855 1688 905 apud

281 921 691 974 Theophrastum
720 924 880 960 Hister.
906 921 1094 971 plantat.
1121 923 1224 970 VII,
1253 924 1298 971 1,
1333 923 1373 961 4.
1411 936 1451 974 p.
1480 926 1584 970 223,
1622 922 1688 959 ubi

281 989 478 1028 substituit
503 984 721 1040 εὐκράτως.
752 1012 806 1017 —
845 985 891 1026 οἷ
918 985 973 1027 δὲ
1001 983 1264 1042 πρότερον
1294 1015 1425 1028 .....
1460 986 1686 1039 χείρους.

243 1068 245 1072 ·
282 1057 475 1106 Exempla
496 1068 547 1092 ex
568 1054 932 1106 Theophrasto
959 1056 1175 1094 attulerunt
1203 1057 1393 1094 Seneca
1424 1055 1584 1106 Quaest.
1599 1060 1688 1091 nat.

282 1111 349 1167 ΠΙ,
373 1123 418 1159 11
450 1127 488 1158 et
517 1120 715 1158 Plinius
744 1122 907 1159 Hister.
931 1129 1068 1158 natur.
1098 1121 1237 1171 XVII,
1258 1122 1296 1161 4.
1353 1122 1484 1160 Verba
1502 1121 1579 1159 huc
1597 1133 1690 1171 per-

285 1187 447 1225 tinentia
471 1186 660 1237 adscripsi
683 1192 722 1224 et
739 1187 910 1236 explicui
937 1189 1152 1226 Meteorol.
1176 1196 1253 1226 vet.
1281 1190 1430 1227 Graec.
1455 1195 1493 1225 et
1510 1189 1688 1225 Roman.

283 1250 363 1302 XI,
384 1255 449 1291 56.
479 1266 517 1303 p.
539 1255 617 1290 233
637 1266 694 1302 sq.
724 1252 793 1290 ubi
810 1253 852 1290 in
872 1265 959 1303 pag.
982 1256 1076 1292 235.
1106 1261 1186 1292 not.
1208 1258 1259 1292 36
1289 1254 1430 1292 addas:
1463 1255 1690 1291 Alexan·-

285 1319 371 1357 der
400 1319 457 1356 ab
486 1318 772 1356 Humboldt
802 1319 974 1369 Voyage
994 1332 1078 1356 aux
1101 1321 1267 1371 re'gions
1286 1320 1570 1370 bquinoxiales
1602 1318 1690 1355 Vol.

285 1386 358 1424 ΙΙΙ.
388 1399 426 1436 Ρ.
447 1387 511 1422 30.
534 1406 589 1413 —-
616 1380 710 1422 πότε
730 1384 859 1434 prima
883 1396 1000 1422 manu
1024 1385 1069 1422 F.
1095 1384 1192 1424 ποτὲ
1215 1387 1266 1423 Η.
1299 1384 1349 1424 Ν.
1374 1404 1447 1421 -»
1465 1386 1514 1438 τῇ
1529 1379 1691 1422 Ἑλλάδι

286 1451 336 1491 Α.
357 1452 425 1488 Er.
448 1450 554 1489 Cam.
581 1451 622 1487 Ρ.
645 1451 685 1488 S.
711 1447 798 1487 Cas.
858 1450 941 1489 Nos
961 1465 1049 1489 cum
1069 1452 1305 1490 Bekkero
1325 1452 1503 1489 codicum
1522 1452 1693 1501 scriptu-

285 1531 371 1555 ram
405 1530 565 1567 eamque
596 1516 893 1566 exquisitiorem
924 1519 1195 1568 praetulimus.
1233 1539 1278 1546 ·-
1321 1516 1389 1556 καί
1409 1517 1449 1555 h.
1473 1518 1501 1555 l.
1537 1530 1619 1554 non
1650 1523 1693 1554 ut

287 1596 400 1634 saepe
422 1582 516 1620 alias
537 1588 596 1620 est
619 1583 937 1633 epexegeticum,
969 1583 1038 1622 sed
1063 1584 1270 1622 Graeciam
1296 1584 1456 1635 proprie
1475 1583 1530 1620 sic
1549 1583 1693 1620 dictam

287 1649 490 1699 significat.
546 1649 605 1686 Ita
637 1650 795 1686 Hister.
818 1652 993 1688 animal.
1027 1650 1146 1695 VIII,
1175 1653 1250 1699 27,
1275 1649 1312 1690 4.
1343 1663 1385 1702 p.
1406 1652 1509 1688 398:
1539 1647 1620 1687 Καὶ
1653 1647 1693 1687 ἓν

288 1716 336 1767 τῇ
364 1711 559 1766 Αἰγύπτῳ
589 1711 639 1752 τὰ
666 1712 739 1764 μὲν
765 1714 884 1765 μείζω
912 1712 937 1767 ἢ
969 1714 1010 1754 ἐν
1037 1717 1087 1770 τῇ
1118 1710 1279 1754 Ἑλλάδι
1319 1713 1504 1768 καθάπερ
1539 1712 1576 1753 οἳ
1603 1711 1696 1765 βόες
1772 1737 1774 1739 -

288 1779 352 1819 καὶ
381 1776 432 1818 τοὶ
460 1777 665 1832 πρόβατα,
695 1794 783 1818 cum
802 1795 898 1820 mox
923 1783 1066 1833 ingenti
1097 1782 1362 1833 magnitudine
1387 1782 1560 1832 reliquos
1577 1795 1696 1833 supe-

289 1860 378 1884 rare
398 1846 525 1884 tradat
541 1848 762 1898 Epiroticos
784 1849 917 1886 boves.

402 1914 464 1950 15.
493 1909 555 1949 ἐπὶ
581 1910 655 1961 μὲν
683 1910 757 1965 γὰρ
795 1915 985 1966 Τρωϊκῶν
1015 1915 1157 1952 omisso
1175 1915 1338 1952 articulo
1357 1916 1403 1951 F.
1418 1912 1467 1949 N.
1490 1935 1536 1941 -
1560 1910 1695 1965 Ἀργία

291 1980 342 2016 Α.
371 1979 435 2015 Er.
458 2000 512 2007 —-
542 1974 732 2029 Ἀργείων
752 1979 858 2017 Cam.
890 1981 934 2017 P.
959 1982 1001 2019 S.
1030 1980 1115 2018 Cas.
1149 2000 1204 2006 -—
1239 1975 1411 2029 ἠδύνατο
1433 1980 1475 2015 F.
1499 1979 1546 2017 H.
1573 1977 1622 2017 N.
1646 1982 1694 2017 A.

292 2046 358 2081 Er.
371 2044 477 2082 Cam.
490 2044 530 2081 S.
544 2044 626 2083 Cas.
645 2066 700 2073 —-
728 2042 1014 2098 προειρημένην
1030 2060 1104 2097 pro
1125 2044 1295 2096 simplici
1312 2045 1438 2083 verbo
1455 2045 1506 2082 H.
1520 2043 1571 2093 N.
1585 2046 1694 2083 Cam.

291 2099 611 2162 ffCasaeiictam
627 2112 781 2161 Bag.—-
805 2112 1052 2150 Homerus
1069 2111 1194 2148 Iliad.
1205 2101 1262 2157 δ,
1287 2113 1361 2150 171
1394 2111 1519 2162 Argos
1546 2111 1696 2149 πολυ-

294 2174 477 2226 δίψιον
505 2176 686 2224 vocavit,
730 2189 805 2226 qua
834 2177 883 2215 de
912 2190 959 2215 re
990 2177 1084 2216 vide
1123 2176 1455 2216 Eustathium
1502 2178 1552 2215 ad
1584 2178 1695 2215 illurn

292 2244 421 2280 locum
450 2255 486 2292 p.
518 2241 594 2279 461
625 2239 782 2294 (350):
818 2241 1074 2293 Πολυδίψιον
1106 2240 1149 2282 δὲ
1178 2239 1223 2281 τὸ
1252 2239 1394 2295 Ἄργος
1421 2243 1550 2291 καλεῖ,
1590 2239 1613 2294 ἢ
1644 2237 1697 2287 ὥς

293 2305 396 2346 πάνυ
434 2304 689 2357 ποθούμενον
722 2304 909 2360 Ἕλλησιν
961 2307 1059 2361 (cfr.
1097 2309 1279 2347 Athen.
1321 2309 1599 2359 Deipnosoplz.
1636 2309 1693 2346 X.

293 2387 330 2424 p.
359 2371 466 2424 433)
504 2369 528 2424 ἢ
559 2369 619 2411 ὅτι
646 2370 863 2423 μυθεύεται
894 2371 1067 2427 ἄνυδρόν
1095 2389 1189 2414 ποτε
1219 2370 1326 2415 εἶναι.
1371 2371 1537 2427 ὕστερον
1562 2371 1694 2424 μέντοι

293 2435 455 2491 ἔνυδρον
479 2435 676 2490 γενέσθαι,
702 2439 957 2487 Ποσειδῶνος
979 2437 1275 2494 ἆναρρήξαντος
1301 2438 1373 2486 τὰς
1402 2439 1442 2479 ἓν
1460 2438 1600 2492 Λέρνῃ
1618 2454 1694 2490 πη-

293 2501 384 2555 γάς,
415 2499 482 2542 διὰ
507 2501 574 2542 τὸν
602 2506 675 2555 τῆς
697 2502 933 2557 Ἀμυμώνης
961 2503 1090 2558 ἔρωτα
1119 2506 1459 2558 (Apollodor.
1489 2505 1691 2543 Biblioth.

225 2566 228 2570 ’
294 2570 346 2617 ΙΙ,Ι
369 2572 405 2607 1.
437 2583 476 2620 p.
498 2571 623 2618 121),
654 2568 696 2616 ἐξ
723 2563 771 2621 ἧς
799 2571 863 2610 καὶ
895 2569 1125 2623 Ἀμυμώνια
1162 2570 1203 2611 ἕν
1227 2569 1355 2625 ’Ἀργει
1383 2569 1511 2609 ὕδατα
1541 2568 1693 2623 (Sobel.

295 2628 473 2687 Euripid.
497 2635 705 2674 Phoeniw.
730 2636 830 2689 195)
869 2634 890 2688 ἣ
921 2637 986 2677 καὶ
1015 2636 1092 2677 ἀπὸ
1123 2636 1457 2684 τιὸν Δανα·ί”δων,
1497 2634 1542 2675 αἳ
1564 2651 1695 2689 παρα-

294 2698 495 2751 γενόμεναι
525 2698 566 2747 ἓξ
586 2699 814 2752 Αἷγύ-πτου,
845 2703 1095 2756 φρεωρυχίαν
1115 2703 1309 2752 ἐδίδαξαν,
1338 2698 1392 2748 ὡς
1407 2698 1611 2751 εΗσίοδος,

449 2762 590 2817 Ἄργος
619 2763 790 2818 ἄνυδρον
819 2766 883 2807 ἔον
913 2767 1076 2815 Δαναὸς
1107 2768 1267 2820 ποίησεν
1296 2766 1469 2821 ἔνυδρον.
