1774 3198
423 395 646 438 LIBRUM
675 393 915 435 PRIMUM.
974 391 1089 432 cAP.
1110 391 1231 431 xm.
1462 380 1558 425 473

116 511 275 551 laudata
293 509 626 550 commemoravit
643 508 763 547 etiam
790 508 972 547 coraxos
1000 508 1243 557 Pompon.
1271 503 1387 542 Mel.
1415 502 1460 550 1,
1491 505 1558 551 19,

119 580 186 619 14.
245 575 378 619 Lanae
401 579 656 618 Coraxorum
683 576 850 615 caeteris
877 577 996 626 longe
1019 572 1331 627 praestantiores
1353 570 1559 623 praedicat

116 649 308 687 Strabo
343 648 418 686 111.
446 661 486 699 p.
507 649 588 686 213
609 647 664 694 A,
694 645 764 683 ubi
791 644 886 683 vide
920 642 1208 682 casaubon.
1270 640 1421 679 Coraxi
1444 653 1555 679 com-

115 722 393 754 memorantur
411 717 529 754 etiam
551 714 660 768 apud
679 715 705 751 S
717 714 794 765 cyl
805 727 855 752 ac
867 727 888 752 e
900 727 940 751 m
961 712 994 751 C
1005 724 1165 762 aryan
1177 709 1201 748 d
1214 723 1272 748 en
1283 723 1301 747 s
1312 722 1384 747 em
1399 707 1557 758 Peripl.

114 797 156 836 p.
179 787 227 822 31
273 783 338 823 ed.
372 783 604 822 Hudson.
663 782 749 821 Cfr.
790 782 967 820 Ritter
1009 779 1214 820 Vorhalle
1257 791 1295 830 p.
1330 779 1378 816 51
1407 790 1463 828 sq.
1503 796 1556 804 —

115 848 324 903 περὶτὰ
352 848 656 902 καλούμενα
685 846 863 901 βαθέα
891 850 985 888 τοῦ
1012 843 1251 895 Πόντου,
1293 858 1373 898 quo
1404 845 1456 884 de
1478 857 1557 883 no-

113 919 223 957 mine
246 918 346 958 nihil
367 919 465 958 mihi
487 918 648 958 aliunde
667 918 855 967 innotuit,
885 917 962 956 nisi
982 930 1034 955 ex
1051 917 1144 955 loco
1165 914 1296 954 Plin.
1331 914 1449 954 Hist.
1466 919 1555 951 nat.

113 985 178 1036 11,
199 988 302 1037 105,
332 989 400 1039 qui
422 994 561 1038 aperte
590 993 772 1026 nostrum
796 986 931 1024 locum
949 984 1178 1036 exscripsit,
1209 997 1300 1021 cum
1320 981 1450 1020 dicat:
1477 982 1559 1020 Ac-

115 1055 327 1093 tissimum
356 1069 474 1093 mare
505 1055 594 1094 XV
627 1055 864 1092 stadiorum
898 1053 1124 1091 Fabianus
1161 1051 1312 1106 tradif.
1379 1050 1475 1088 Alii
1511 1052 1570 1088 ἐπ’

112 1122 250 1159 Ponto
280 1136 332 1160 ex
365 1122 544 1160 adverso
567 1123 828 1161 Coraxorum
850 1124 990 1172 gentis
1019 1120 1204 1172 (vocant
1229 1115 1378 1157 Βαθέα
1403 1117 1557 1169 Ponti)

113 1191 310 1227 trecentis
320 1189 419 1242 fere
439 1202 468 1227 a
490 1190 722 1228 continenti
737 1189 895 1226 stadiis
913 1190 1156 1226 immensam
1176 1186 1444 1224 altitudinem
1462 1199 1559 1224 ma-

111 1258 174 1294 ris
203 1256 402 1304 tradunt,
440 1257 566 1294 vadis
590 1269 811 1307 nunquam
837 1257 1030 1306 repertis.
1094 1257 1159 1294 De
1194 1254 1315 1292 maris
1346 1253 1557 1293 altitudine

111 1325 275 1363 omnino
306 1323 622 1364 Cleomedes
660 1326 841 1363 Meteor.
875 1322 919 1373 I,
951 1325 1017 1362 10.
1039 1310 1098 1376 ⁴p.
1122 1326 1174 1363 56
1206 1324 1310 1363 Balf.
1356 1319 1448 1363 οὔτε
1476 1320 1554 1376 γὰρ

110 1388 208 1445 ἷίρος
229 1387 491 1445 ’ὑψηλότερον
521 1391 803 1432 πεντεκαίδεκα
836 1391 1014 1433 σταδίων
1044 1387 1151 1431 κατὰ
1176 1393 1251 1444 γῆν
1280 1387 1458 1430 κάθετον
1488 1385 1557 1430 εὖ·

109 1458 301 1514 ρίσκεται,
333 1456 423 1500 οὔτε
453 1457 674 1512 θαλάσσης
701 1458 854 1512 βάθος.
915 1462 1001 1501 Cfr.
1023 1461 1141 1499 etiam
1162 1461 1366 1499 Aelian.
1386 1461 1555 1500 Histor-

108 1529 281 1567 am‘mal.
303 1527 380 1579 IX,
405 1532 479 1568 35:
518 1527 576 1575 εἷς
603 1528 838 1581 τριακοσίας
866 1525 1030 1582 ὀργυιάς
1058 1540 1183 1581 φασιν
1213 1523 1453 1580 ἀνθρώποις
1479 1523 1556 1566 κά-

107 1610 239 1636 τοπτα
270 1592 451 1638 εἶναιτὰ
480 1594 523 1636 ἓν
551 1598 603 1651 τῇ
631 1594 838 1651 θαλάττῃ,
868 1594 1092 1650 περαιτέρω
1110 1610 1153 1649 γε
1171 1592 1256 1648 μὴν
1277 1593 1423 1636 οὐκέτι.
1456 1596 1556 1648 Op-

108 1666 245 1716 pian.
274 1666 509 1703 Halieutic.
539 1664 580 1713 1,
610 1668 663 1703 82
683 1678 772 1716 sqq.

225 1739 229 1742 *
384 1753 442 1760 —
485 1728 533 1771 οὗ
562 1729 640 1784 γάρ
669 1745 732 1778 τις
759 1730 919 1786 ἐφίκετο
947 1730 1079 1786 τέρμα
1106 1728 1327 1784 θαλάσσης

270 1795 394 1838 Ἀλλὰ
422 1799 665 1852 τριηκοσίων
694 1797 867 1853 ὀργυιῶν
893 1797 986 1854 ι’ίχρι
1010 1798 1192 1852 μάλιστα

267 1863 428 1919 ’Άνερες
455 1865 590 1907 ἴσασίν
618 1882 661 1908 τε
691 1868 758 1908 καὶ
788 1866 961 1921 ἔδρακον
989 1866 1275 1923 Ἀμφιτρίτην.

107 1933 250 1981 καθείς
278 1936 326 1975 F.
357 1937 412 1974 H.
442 1936 496 1974 N.
525 1934 635 1974 Cam.
658 1939 753 1989 Bag.
792 1939 866 1990 qui
884 1939 1137 1976 minaverit.
1163 1926 1341 1990 y—psCas.
1360 1941 1399 1974 et
1416 1936 1473 1974 ita
1490 1937 1553 1975 le-

105 2004 163 2056 git
182 2005 302 2042 etiam
324 2003 754 2053 Vicomercatus,
783 2006 851 2058 qui
872 2005 924 2044 de
941 2005 1213 2045 urinatoribus
1234 1997 1438 2056 cogitavit.
1481 2004 1552 2044 Ad

105 2069 264 2118 καθιείς
285 2071 428 2122 supple
449 2067 653 2124 καθετόν;
681 2086 942 2125 suppressum
963 2075 1071 2113 enim
1094 2080 1154 2112 est
1180 2086 1331 2112 nomen
1359 2073 1551 2124 coniuga-

103 2145 206 2178 tum.
226 2159 280 2167 —-
310 2135 551 2191 ἠδυνήθη
574 2142 622 2180 F.
639 2141 693 2179 H.
715 2142 769 2180 N.
789 2141 840 2180 A.
860 2144 972 2182 Cam.
992 2149 1037 2182 ut
1057 2143 1088 2192 1,
1108 2141 1174 2191 14,
1195 2143 1270 2180 15³
1298 2137 1512 2194 v'yd'tssvaro„

219 2254 287 2289 30.
319 2248 364 2289 δέ
383 2264 459 2302 pro
483 2249 533 2303 δή
556 2254 737 2292 Ρ.Η.Ν.
756 2276 813 2281 -
841 2250 1088 2293 ἀναδίδωσιν
1117 2255 1157 2292 S.
1179 2255 1266 2292 Cas.
1289 2276 1344 2281 --
1374 2255 1551 2304 συνεχῶς

104 2318 158 2356 Η.
185 2318 230 2356 Ρ.
254 2317 366 2355 Cam.
390 2319 433 2356 S.
457 2320 542 2358 Cas.
563 2344 620 2350 -
659 2323 725 2360 De
756 2322 883 2360 dulcis
911 2335 1036 2373 aquae
1062 2322 1242 2360 fontibus
1271 2322 1445 2360 inmari
1473 2323 1547 2361 cfr.

103 2399 203 2439 quos
231 2385 393 2424 laudavi
417 2393 603 2425 auctores
623 2390 797 2428 Meteor.
820 2397 902 2428 vet.
925 2390 996 2427 Gr.
1013 2398 1053 2427 et
1069 2386 1188 2428 Rom.
1211 2390 1282 2437 IV,
1302 2388 1369 2428 14.
1399 2396 1486 2428 not.
1510 2390 1546 2428 1.

103 2466 143 2504 p.
169 2457 221 2493 89
257 2459 349 2505 post
389 2454 769 2495 Beckmannum
808 2457 858 2495 ad
886 2457 1130 2508 Antigon.
1161 2458 1360 2509 Caryst.
1392 2471 1426 2498 c.
1452 2457 1546 2497 144.

102 2535 143 2572 p.
167 2523 262 2561 193.
321 2516 568 2560 Addendum
593 2523 649 2562 ibi
673 2530 779 2573 erat,
816 2524 914 2563 tales
942 2525 1074 2563 fontes
1107 2525 1256 2563 calidos
1286 2538 1371 2563 esse
1401 2526 1546 2564 solere.

103 2589 173 2627 cfr.
203 2589 352 2628 Alex.
382 2589 439 2626 ab
471 2591 763 2630 Humboldt
794 2589 973 2644 Voyage
1003 2606 1088 2630 aux
1116 2594 1203 2644 re'g.
1233 2594 1424 2643 e'quinox.
1460 2593 1544 2633 III.

101 2669 142 2707 p.
162 2657 242 2695 249
263 2670 346 2709 sqq.
408 2659 621 2696 Caeterum
642 2659 779 2698 eadem
802 2660 852 2698 de
874 2675 920 2699 re
941 2660 1006 2698 adi
1034 2662 1239 2699 Lucret.
1265 2659 1312 2708 V,
1336 2663 1416 2700 890
1436 2667 1544 2714 8qq.:

163 2746 287 2795 Quod
307 2760 443 2798 genus
474 2749 578 2787 indu
606 2751 722 2787 mari
746 2758 807 2788 est
835 2752 1004 2790 Aradio
1027 2751 1153 2802 fons,
1186 2750 1321 2788 dulcis
1351 2752 1490 2803 aquai

160 2813 244 2862 Qui
271 2822 408 2852 scatet
437 2823 478 2853 et
505 2817 639 2854 salsas
667 2819 826 2871 circum
855 2833 898 2857 se
925 2820 1107 2867 dimovet
1135 2818 1282 2858 undas.

156 2881 214 2917 Et
241 2882 383 2919 multis
413 2884 511 2921 aliis
536 2884 716 2934 praebet
745 2887 987 2938 regionibus
1016 2901 1175 2938 aequor
