1774 3198
395 350 614 394 LIBRUM
643 349 966 392 SECUNDUM.
1025 322 1148 390 cArss
1162 349 1253 392 vn.
1449 339 1544 383 587

125 468 306 520 quamvis
334 472 472 505 contra
495 471 599 504 stare
618 463 804 503 videatur
834 463 1143 515 Simplicius
1169 461 1221 500 ad
1247 461 1464 501 Aristot.
1496 461 1549 499 de

126 536 242 573 caelo
277 535 350 574 fol.
385 537 464 573 126
476 562 487 583 ,
513 533 562 571 b:
612 529 762 584 τρίτων
787 523 869 571 ἱτῶν
899 527 1096 583 λεγόντων
1123 526 1254 580 μένειν
1282 525 1407 581 αὐτὴν
1447 543 1548 580 κρα-

126 599 325 653 τουμένην
352 596 430 640 ὑπὸ
460 601 532 639 τοῦ
559 593 820 649 ὖποκειμὲνου
850 595 988 652 ἀέρος·
1019 592 1152 649 ἐπειδὴ
1181 593 1354 650 ἓφιζάνει
1382 596 1551 634 πλατεῖα

127 665 368 722 ὑπάρχουσα
398 666 465 708 καὶ
491 663 783 718 τυμπανοειὸὴς
816 662 842 718 ἦ
869 668 940 719 γῆ·
998 663 1064 704 καὶ
1090 661 1138 704 οὐ
1169 667 1368 718 συγχωρεῖ
1389 658 1552 714 ὑποχω-

130 741 224 789 ρεΐν.
280 733 388 776 οὕτω
431 732 474 775 δὲ
507 731 845 786 Ἀναξιμένης
882 731 948 772 καὶ
981 729 1333 785 Ἀναξαγόρας
1367 730 1434 770 καὶ
1461 729 1554 783 Δη-

128 799 322 856 μόκριτος
349 799 515 842 ἐδόκουν
544 799 678 855 λέγειν.
715 821 772 829 -
824 802 871 840 In
896 801 1158 840 Anaximenis
1190 799 1425 838 sententiam
1458 799 1555 837 abiit

129 872 385 922 Epicurus
415 869 506 924 (cfr.
536 872 745 910 Lucret.
774 870 856 915 VI,
877 870 957 908 542
976 881 1060 920 sqq.
1102 868 1232 906 Plut.
1264 868 1385 905 Plac.
1400 867 1553 917 philos.

130 938 208 977 1.1.
239 952 275 990 p.
296 936 400 991 91),
437 939 506 990 qui
536 938 610 976 nisi
641 936 995 975 demonstrationes
1023 935 1080 973 ud
1106 934 1329 983 hominem,
1363 941 1410 973 ut
1434 935 1556 983 aiunt,

131 1006 323 1056 protulit,
349 1006 615 1058 undequaque
641 1004 715 1042 sibi
743 1003 955 1055 congessit,
985 1016 1084 1054 quae
1107 1015 1131 1040 a
1152 1016 1222 1041 sua
1248 1001 1557 1054 philosophandi

132 1073 288 1111 ratione
306 1087 387 1111 non
404 1086 570 1125 prorsus
588 1062 866 1117 abhorrerent,
895 1084 1038 1122 parum
1057 1083 1210 1118 curans,
1240 1076 1378 1108 utrum
1398 1070 1558 1119 Thales,

133 1152 185 1178 an
204 1141 440 1190 Heraclitus,
467 1146 603 1179 utrum
614 1139 844 1189 Diogenes,
871 1151 922 1176 an
939 1138 1230 1186 Anaximenes,
1257 1150 1307 1175 an
1324 1137 1422 1176 alius
1444 1137 1559 1175 ‹leni-

135 1220 212 1258 que
247 1208 472 1259 quicunque
507 1204 772 1258 philosophus
809 1205 979 1243 adscitae
1016 1203 1215 1255 opinionis
1248 1211 1388 1243 auctor
1423 1205 1559 1255 fuerit,

133 1274 242 1312 unde
259 1275 404 1312 mirum
422 1287 514 1311 sane
532 1286 636 1321 eum,
667 1273 742 1323 qui
759 1271 1044 1310 tantummodo
1064 1271 1202 1308 induit
1214 1285 1442 1321 personam
1459 1272 1562 1322 phi-

133 1341 296 1392 losophi
327 1349 368 1379 et
396 1341 480 1379 sibi
515 1341 598 1390 ipsi
626 1340 706 1378 hoc
734 1353 882 1377 nomen
912 1339 1158 1387 inscripsit,
1194 1344 1242 1376 ut
1276 1340 1329 1376 ait
1372 1340 1560 1378 Cicero

138 1409 300 1446 Tuscul.
321 1410 491 1458 Quaest.
516 1409 571 1456 V,
592 1410 661 1454 26,
690 1412 752 1444 tot
769 1412 956 1457 tantaque
976 1405 1157 1443 convicia
1170 1405 1213 1443 in
1232 1419 1407 1444 summos
1426 1405 1563 1458 philo-

135 1474 300 1526 sophiae
319 1475 520 1526 principes
542 1475 776 1520 cumulasse,
806 1487 881 1524 qua
898 1472 948 1511 de
967 1486 1015 1511 re
1040 1471 1136 1510 vide
1164 1472 1426 1512 Plutarch.
1462 1474 1564 1512 Non

130 1555 254 1591 posse
288 1543 479 1578 suaviter
515 1542 600 1579 νίν.
631 1555 711 1578 sec.
739 1542 912 1590 Epicur.
947 1553 986 1591 p.
1010 1542 1116 1578 1086
1138 1541 1171 1578 Ε
1192 1553 1249 1592 sq.
1306 1541 1563 1580 Cleomed.

138 1610 312 1645 flleteor.
342 1610 399 1656 H,
425 1612 461 1645 1.
492 1622 532 1660 p.
556 1611 634 1646 112
665 1607 727 1646 ed.
754 1608 890 1646 Bake
921 1612 961 1645 et
990 1607 1218 1654 Creuzer
1246 1607 1297 1646 ad
1326 1608 1564 1647 Ciceron-

142 1674 190 1711 de
211 1682 353 1712 natur.
375 1676 502 1712 Deor.
528 1676 562 1723 I,
584 1677 634 1713 33
657 1688 716 1725 sq.
777 1675 891 1724 Quae
910 1674 1070 1726 quidem
1092 1675 1135 1712 in
1155 1688 1267 1713 causa
1283 1676 1468 1724 fuerunt,
1494 1690 1565 1715 cur

140 1741 206 1779 hic
226 1747 380 1779 tantum
408 1748 449 1780 et
471 1741 554 1779 illic
581 1743 760 1780 notulam
785 1741 836 1779 de
854 1742 1053 1793 Epicurea
1075 1742 1243 1793 quadam
1270 1743 1463 1781 sententia
1492 1743 1566 1781 ad-

141 1809 424 1860 sperserimus,
462 1809 584 1860 magis
612 1822 663 1847 ne
691 1809 995 1848 Lucretium
1023 1810 1140 1848 nauci
1162 1809 1356 1861 ssoccique
1384 1809 1568 1849 habuisse

142 1875 374 1926 videamur,
410 1889 528 1926 quam
555 1876 679 1928 ipsius
707 1877 742 1915 E
755 1876 933 1927 picuri
961 1877 1099 1928 gratia.

252 1943 291 1982 A
302 1957 329 1981 n
339 1956 397 1980 ax
408 1956 430 1980 a
440 1957 463 1994 g
472 1957 495 1980 o
504 1957 527 1982 r
538 1957 560 1981 a
571 1958 594 1982 e
629 1943 937 1995 explicationem
964 1945 1153 1983 refellere
1175 1944 1328 1984 studuit
1356 1946 1395 1984 A
1404 1946 1450 1986 ri
1461 1961 1479 1985 s
1490 1953 1506 1985 t
1515 1961 1568 1985 o-

142 2011 294 2049 teles.
348 2007 587 2062 Tetigerunt
615 2011 783 2049 eandem
812 2011 999 2050 Seneca
1026 2013 1196 2062 Quaest.
1218 2012 1402 2052 natural.
1419 2016 1495 2060 VI,
1520 2020 1567 2055 9:

141 2079 288 2129 Ignem
304 2090 474 2115 causam
493 2085 628 2116 motus
647 2078 820 2130 quidam
836 2086 876 2115 et
893 2079 1054 2129 quidem
1072 2093 1156 2116 non
1172 2080 1347 2118 eandem
1363 2081 1570 2120 iudicant.

103 2135 105 2137 ¹
145 2144 356 2194 Imprimis
378 2144 689 2195 Anaxagoras,
721 2145 793 2196 qui
814 2146 1045 2194 existimat,
1074 2146 1204 2183 simili
1212 2160 1354 2196 paene
1371 2161 1421 2185 ex
1440 2162 1571 2187 causa

147 2210 253 2247 a'e'ra
272 2210 438 2246 concuti
456 2217 495 2246 et
505 2217 677 2256 terram,
694 2224 822 2261 quam
840 2212 886 2248 in
903 2210 1105 2265 inferiore
1116 2219 1243 2261 parte
1259 2214 1436 2262 spiritus
1453 2230 1573 2254 cras-

146 2275 362 2333 sumae'ra
381 2282 422 2311 et
443 2277 488 2312 in
506 2275 628 2314 nubes
648 2284 835 2314 coactum
857 2277 1001 2314 eadem
1020 2279 1104 2326 νίρ
1117 2291 1203 2329 qua
1230 2281 1348 2328 apud
1369 2296 1445 2320 nos
1472 2298 1572 2335 quo-

147 2356 225 2394 que
243 2340 394 2380 nubila
399 2339 566 2395 frangi
582 2344 727 2390 solent,
756 2344 935 2393 rumpit,
963 2353 1002 2381 et
1019 2346 1134 2396 ignis
1155 2359 1212 2383 ex
1229 2346 1308 2384 hoc
1328 2349 1472 2388 collisu
1491 2365 1573 2388 nu-

148 2409 262 2447 bium
281 2420 483 2458 cursuque
500 2409 595 2446 elisi
613 2409 725 2447 ae'ris
744 2411 926 2449 emicuit.
957 2412 1044 2449 Hic
1064 2413 1152 2462 ipse
1170 2415 1216 2450 in
1235 2413 1363 2452 obvia
1382 2417 1573 2468 incurrit,

146 2476 305 2513 exitum
323 2487 540 2525 quaerens,
569 2489 621 2514 ac
637 2474 801 2514 divellit
819 2479 1106 2529 repugnantia
1117 2493 1129 2516 .·
1156 2480 1286 2519 donec
1297 2496 1378 2532 per
1395 2494 1574 2536 angusta

146 2550 222 2581 aut
251 2543 401 2579 nactus
432 2549 492 2579 est
516 2543 603 2580 vim
623 2543 797 2580 exeundi
817 2545 879 2582 ad
897 2545 1074 2591 coelum,
1107 2553 1183 2583 aut
1201 2549 1247 2584 vi
1267 2556 1391 2600 atque
1410 2552 1574 2590 iniuria

133 2607 254 2656 feeit
281 2629 336 2637 —
373 2613 414 2646 et
440 2609 737 2648 Ammianus
764 2611 1116 2650 Marcellinus
1152 2614 1297 2664 XVII,
1327 2620 1372 2665 7,
1407 2621 1468 2656 11.
1511 2619 1574 2659 ed.

147 2677 406 2728 Wagner:
443 2677 735 2729 Anaxagoras
764 2677 974 2727 affirmat,
1008 2685 1222 2719 ventorum
1247 2683 1292 2721 vi
1316 2666 1575 2724 subeuntium

149 2743 238 2780 ima
259 2750 465 2780 terrarum
495 2743 701 2792 [accidere
726 2750 864 2781 terrae
882 2743 1064 2795 pulsus]:
1095 2748 1171 2797 qui
1190 2757 1316 2799 quum
1336 2753 1575 2791 soliditati.

151 2807 223 2846 bus
242 2812 522 2849 concrustatis
542 2810 779 2859 inciderint,
806 2814 1041 2862 eruptiones
1062 2814 1202 2853 nullas
1218 2819 1481 2868 reperientes,
1502 2833 1575 2858 eas
