<?xml version="1.0" encoding="UTF-8"?>
<!DOCTYPE html PUBLIC "-//W3C//DTD XHTML 1.0 Transitional//EN"
    "http://www.w3.org/TR/xhtml1/DTD/xhtml1-transitional.dtd">
<html xmlns="http://www.w3.org/1999/xhtml" xml:lang="en" lang="en">
 <head>
  <title>
</title>
<meta http-equiv="Content-Type" content="text/html;charset=utf-8" />
  <meta name='ocr-system' content='tesseract 3.04.00' />
  <meta name='ocr-capabilities' content='ocr_page ocr_carea ocr_par ocr_line ocrx_word'/>
</head>
<body>
  <div class='ocr_page' id='page_1' title='image "./meteorologicorum01arisuoft_0200.png"; bbox 0 0 1774 3184; ppageno 0'>
   <div class='ocr_carea' id='block_1_1' title="bbox 295 346 1589 409">
    <p class='ocr_par' dir='ltr' id='par_1_1' title="bbox 295 346 1589 409">
     <span class='ocr_line' id='line_1_1' title="bbox 295 346 1589 409; baseline 0.006 -19"><span class='ocrx_word' id='word_1_1' title='bbox 295 346 388 390; x_wconf 88' lang='grc'><strong><em>160</em></strong></span> <span class='ocrx_word' id='word_1_2' title='bbox 452 357 748 396; x_wconf 88' lang='lat' dir='ltr'><strong>EXCERPTA</strong></span> <span class='ocrx_word' id='word_1_3' title='bbox 776 358 856 396; x_wconf 90' lang='lat' dir='ltr'><strong><em>EX</em></strong></span> <span class='ocrx_word' id='word_1_4' title='bbox 876 358 1170 397; x_wconf 88' lang='lat' dir='ltr'>COMMENT.</span> <span class='ocrx_word' id='word_1_5' title='bbox 1191 359 1375 409; x_wconf 71' lang='lat' dir='ltr'><strong>ALEX„</strong></span> <span class='ocrx_word' id='word_1_6' title='bbox 1399 361 1589 400; x_wconf 86' lang='lat' dir='ltr'><strong>LPHIL.</strong></span> 
     </span>
    </p>
   </div>
   <div class='ocr_carea' id='block_1_2' title="bbox 275 460 1705 2441">
    <p class='ocr_par' dir='ltr' id='par_1_2' title="bbox 275 460 1705 2441">
     <span class='ocr_line' id='line_1_2' title="bbox 290 460 1704 522; baseline 0.002 -16"><span class='ocrx_word' id='word_1_7' title='bbox 290 481 386 506; x_wconf 85' lang='grc' dir='ltr'><strong><em>ποτε</em></strong></span> <span class='ocrx_word' id='word_1_8' title='bbox 412 464 468 519; x_wconf 78' lang='grc' dir='ltr'><strong><em>μὴ</em></strong></span> <span class='ocrx_word' id='word_1_9' title='bbox 498 463 565 505; x_wconf 82' lang='grc' dir='ltr'><strong><em>καὶ</em></strong></span> <span class='ocrx_word' id='word_1_10' title='bbox 591 465 632 505; x_wconf 75' lang='grc' dir='ltr'><strong><em>ἓν</em></strong></span> <span class='ocrx_word' id='word_1_11' title='bbox 660 463 770 504; x_wconf 86' lang='grc' dir='ltr'><strong><em>νυκτὶ</em></strong></span> <span class='ocrx_word' id='word_1_12' title='bbox 796 460 947 516; x_wconf 78' lang='grc' dir='ltr'><em>ὁμοίιος</em></span> <span class='ocrx_word' id='word_1_13' title='bbox 972 463 1299 518; x_wconf 85' lang='grc' dir='ltr'><strong><em>θερμαινόμεθα,</em></strong></span> <span class='ocrx_word' id='word_1_14' title='bbox 1337 465 1468 522; x_wconf 81' lang='grc' dir='ltr'><strong><em>ὥσπερ</em></strong></span> <span class='ocrx_word' id='word_1_15' title='bbox 1495 469 1560 509; x_wconf 82' lang='grc' dir='ltr'><strong><em>καὶ</em></strong></span> <span class='ocrx_word' id='word_1_16' title='bbox 1588 468 1629 509; x_wconf 75' lang='grc' dir='ltr'><strong><em>ἐν</em></strong></span> <span class='ocrx_word' id='word_1_17' title='bbox 1657 465 1704 520; x_wconf 76' lang='grc' dir='ltr'><strong><em>ἣ-</em></strong></span> 
     </span>
     <span class='ocr_line' id='line_1_3' title="bbox 287 527 1703 589; baseline 0.003 -18"><span class='ocrx_word' id='word_1_18' title='bbox 287 531 416 589; x_wconf 68' lang='grc' dir='ltr'><strong><em>μέρας</em></strong></span> <span class='ocrx_word' id='word_1_19' title='bbox 463 530 564 585; x_wconf 84' lang='grc' dir='ltr'><strong><em>πρὸς</em></strong></span> <span class='ocrx_word' id='word_1_20' title='bbox 591 529 637 570; x_wconf 81' lang='grc' dir='ltr'><strong><em>ὅν</em></strong></span> <span class='ocrx_word' id='word_1_21' title='bbox 666 545 820 584; x_wconf 82' lang='grc' dir='ltr'><strong><em>φαμεν,</em></strong></span> <span class='ocrx_word' id='word_1_22' title='bbox 861 527 923 570; x_wconf 81' lang='grc' dir='ltr'><strong><em>ὅτι</em></strong></span> <span class='ocrx_word' id='word_1_23' title='bbox 954 528 1002 570; x_wconf 82' lang='grc' dir='ltr'><strong><em>οὗ</em></strong></span> <span class='ocrx_word' id='word_1_24' title='bbox 1028 528 1154 582; x_wconf 88' lang='grc' dir='ltr'><strong><em>μόνον</em></strong></span> <span class='ocrx_word' id='word_1_25' title='bbox 1181 528 1206 583; x_wconf 73' lang='grc' dir='ltr'>ἦ</span> <span class='ocrx_word' id='word_1_26' title='bbox 1235 529 1378 585; x_wconf 71' lang='grc' dir='ltr'><strong><em>ἧλιακὴ</em></strong></span> <span class='ocrx_word' id='word_1_27' title='bbox 1408 533 1561 588; x_wconf 84' lang='grc' dir='ltr'><strong><em>σφαῖρά</em></strong></span> <span class='ocrx_word' id='word_1_28' title='bbox 1597 534 1703 575; x_wconf 73' lang='grc' dir='ltr'><strong><em>ἐστιν</em></strong></span> 
     </span>
     <span class='ocr_line' id='line_1_4' title="bbox 289 594 1705 652; baseline 0.001 -14"><span class='ocrx_word' id='word_1_29' title='bbox 289 599 397 638; x_wconf 73' lang='grc' dir='ltr'><strong><em>αἰτία</em></strong></span> <span class='ocrx_word' id='word_1_30' title='bbox 422 600 493 648; x_wconf 75' lang='grc' dir='ltr'><strong><em>τῆς</em></strong></span> <span class='ocrx_word' id='word_1_31' title='bbox 517 594 795 649; x_wconf 71' lang='grc' dir='ltr'><strong><em>θερμότητος,</em></strong></span> <span class='ocrx_word' id='word_1_32' title='bbox 826 594 928 636; x_wconf 83' lang='grc' dir='ltr'><strong><em>ἀλλὰ</em></strong></span> <span class='ocrx_word' id='word_1_33' title='bbox 958 596 1024 637; x_wconf 86' lang='grc' dir='ltr'><strong><em>καὶ</em></strong></span> <span class='ocrx_word' id='word_1_34' title='bbox 1053 595 1173 645; x_wconf 76' lang='grc' dir='ltr'><strong><em>αὐτὸς</em></strong></span> <span class='ocrx_word' id='word_1_35' title='bbox 1199 595 1219 638; x_wconf 83' lang='grc' dir='ltr'>ὁ</span> <span class='ocrx_word' id='word_1_36' title='bbox 1240 597 1366 651; x_wconf 73' lang='grc' dir='ltr'><strong><em>ἥλιος.</em></strong></span> <span class='ocrx_word' id='word_1_37' title='bbox 1398 615 1438 638; x_wconf 90' lang='grc' dir='ltr'><strong><em>αι</em></strong></span> <span class='ocrx_word' id='word_1_38' title='bbox 1457 598 1532 652; x_wconf 79' lang='grc' dir='ltr'><strong><em>γὰρ</em></strong></span> <span class='ocrx_word' id='word_1_39' title='bbox 1555 598 1705 647; x_wconf 78' lang='grc' dir='ltr'><strong><em>ἀκτῖνες</em></strong></span> 
     </span>
     <span class='ocr_line' id='line_1_5' title="bbox 288 660 1704 719; baseline 0.001 -15"><span class='ocrx_word' id='word_1_40' title='bbox 288 662 413 703; x_wconf 79' lang='grc' dir='ltr'><strong><em>αυτοῦ</em></strong></span> <span class='ocrx_word' id='word_1_41' title='bbox 442 660 720 714; x_wconf 86' lang='grc' dir='ltr'><strong><em>ἀνακλώμεναι</em></strong></span> <span class='ocrx_word' id='word_1_42' title='bbox 749 678 872 702; x_wconf 90' lang='grc' dir='ltr'><strong><em>αιτιαι</em></strong></span> <span class='ocrx_word' id='word_1_43' title='bbox 900 662 1074 716; x_wconf 85' lang='grc' dir='ltr'><strong><em>γίνονται</em></strong></span> <span class='ocrx_word' id='word_1_44' title='bbox 1106 667 1256 717; x_wconf 78' lang='grc' dir='ltr'><strong><em>πολλῆς</em></strong></span> <span class='ocrx_word' id='word_1_45' title='bbox 1281 665 1510 719; x_wconf 73' lang='grc' dir='ltr'><strong><em>θερμασίας</em></strong></span> <span class='ocrx_word' id='word_1_46' title='bbox 1538 665 1579 706; x_wconf 75' lang='grc' dir='ltr'><strong><em>ἓν</em></strong></span> <span class='ocrx_word' id='word_1_47' title='bbox 1608 662 1704 717; x_wconf 75' lang='grc' dir='ltr'><strong><em>ἦμέ-</em></strong></span> 
     </span>
     <span class='ocr_line' id='line_1_6' title="bbox 288 725 1704 784; baseline 0.002 -16"><span class='ocrx_word' id='word_1_48' title='bbox 288 745 353 783; x_wconf 91' lang='grc' dir='ltr'><strong><em>ρα,</em></strong></span> <span class='ocrx_word' id='word_1_49' title='bbox 386 726 460 780; x_wconf 75' lang='grc' dir='ltr'><strong><em>οὔχ</em></strong></span> <span class='ocrx_word' id='word_1_50' title='bbox 484 725 538 776; x_wconf 85' lang='grc' dir='ltr'><strong><em>ὡς</em></strong></span> <span class='ocrx_word' id='word_1_51' title='bbox 568 726 616 769; x_wconf 83' lang='grc' dir='ltr'><strong><em>άν</em></strong></span> <span class='ocrx_word' id='word_1_52' title='bbox 643 744 704 776; x_wconf 87' lang='grc' dir='ltr'><strong><em>τις</em></strong></span> <span class='ocrx_word' id='word_1_53' title='bbox 732 727 775 769; x_wconf 75' lang='grc' dir='ltr'><strong><em>δὲ</em></strong></span> <span class='ocrx_word' id='word_1_54' title='bbox 804 726 854 769; x_wconf 75' lang='grc' dir='ltr'><strong><em>ἂν</em></strong></span> <span class='ocrx_word' id='word_1_55' title='bbox 883 729 1009 784; x_wconf 76' lang='grc' dir='ltr'><strong><em>οἰηθῇ</em></strong></span> <span class='ocrx_word' id='word_1_56' title='bbox 1038 729 1078 770; x_wconf 80' lang='grc' dir='ltr'><strong><em>αἱ</em></strong></span> <span class='ocrx_word' id='word_1_57' title='bbox 1107 728 1259 779; x_wconf 77' lang='grc' dir='ltr'><strong><em>ἀκτῖνες</em></strong></span> <span class='ocrx_word' id='word_1_58' title='bbox 1287 748 1404 772; x_wconf 88' lang='grc' dir='ltr'><strong><em>αυται</em></strong></span> <span class='ocrx_word' id='word_1_59' title='bbox 1433 731 1704 772; x_wconf 83' lang='grc' dir='ltr'><strong><em>ἀνακλῶνται·</em></strong></span> 
     </span>
     <span class='ocr_line' id='line_1_7' title="bbox 286 793 1704 850; baseline 0.001 -15"><span class='ocrx_word' id='word_1_60' title='bbox 286 811 373 843; x_wconf 85' lang='grc' dir='ltr'><strong><em>πως</em></strong></span> <span class='ocrx_word' id='word_1_61' title='bbox 421 793 496 850; x_wconf 84' lang='grc' dir='ltr'><strong><em>γὰρ</em></strong></span> <span class='ocrx_word' id='word_1_62' title='bbox 546 794 740 847; x_wconf 74' lang='grc' dir='ltr'><strong><em>ἐνδέχεται</em></strong></span> <span class='ocrx_word' id='word_1_63' title='bbox 794 793 1036 847; x_wconf 81' lang='grc' dir='ltr'><strong><em>ἀσωμάτους</em></strong></span> <span class='ocrx_word' id='word_1_64' title='bbox 1082 795 1205 844; x_wconf 78' lang='grc' dir='ltr'><strong><em>αὐτὰς</em></strong></span> <span class='ocrx_word' id='word_1_65' title='bbox 1252 796 1374 845; x_wconf 82' lang='grc' dir='ltr'><strong><em>ου’σας</em></strong></span> <span class='ocrx_word' id='word_1_66' title='bbox 1420 796 1674 838; x_wconf 80' lang='grc' dir='ltr'><strong><em>ἀνακλᾶσθαι</em></strong></span> <span class='ocrx_word' id='word_1_67' title='bbox 1689 815 1704 850; x_wconf 84' lang='grc'><strong><em>,-</em></strong></span> 
     </span>
     <span class='ocr_line' id='line_1_8' title="bbox 286 856 1703 918; baseline 0.001 -15"><span class='ocrx_word' id='word_1_68' title='bbox 286 860 390 903; x_wconf 85' lang='grc' dir='ltr'><strong><em>ἀλλὰ</em></strong></span> <span class='ocrx_word' id='word_1_69' title='bbox 416 862 633 916; x_wconf 80' lang='grc' dir='ltr'><strong><em>φωτίζουσι</em></strong></span> <span class='ocrx_word' id='word_1_70' title='bbox 660 860 732 902; x_wconf 85' lang='grc' dir='ltr'><strong><em>τὸν</em></strong></span> <span class='ocrx_word' id='word_1_71' title='bbox 762 859 862 915; x_wconf 85' lang='grc' dir='ltr'><strong><em>ἀέρα</em></strong></span> <span class='ocrx_word' id='word_1_72' title='bbox 891 862 955 902; x_wconf 86' lang='grc' dir='ltr'><strong><em>καὶ</em></strong></span> <span class='ocrx_word' id='word_1_73' title='bbox 983 856 1102 911; x_wconf 73' lang='grc' dir='ltr'><strong><em>οὗτος</em></strong></span> <span class='ocrx_word' id='word_1_74' title='bbox 1142 862 1455 918; x_wconf 77' lang='grc' dir='ltr'><strong><em>ζωογονούμενος</em></strong></span> <span class='ocrx_word' id='word_1_75' title='bbox 1498 865 1563 904; x_wconf 82' lang='grc' dir='ltr'><strong><em>καὶ</em></strong></span> <span class='ocrx_word' id='word_1_76' title='bbox 1601 861 1703 918; x_wconf 68' lang='grc' dir='ltr'><strong><em>ὑπὲρ</em></strong></span> 
     </span>
     <span class='ocr_line' id='line_1_9' title="bbox 286 926 1702 983; baseline 0.002 -15"><span class='ocrx_word' id='word_1_77' title='bbox 286 926 406 983; x_wconf 78' lang='grc' dir='ltr'><strong><em>φύσιν</em></strong></span> <span class='ocrx_word' id='word_1_78' title='bbox 443 926 674 981; x_wconf 79' lang='grc' dir='ltr'><strong><em>κινούμενος</em></strong></span> <span class='ocrx_word' id='word_1_79' title='bbox 709 926 928 969; x_wconf 83' lang='grc' dir='ltr'><strong><em>ἀνακλᾶται</em></strong></span> <span class='ocrx_word' id='word_1_80' title='bbox 945 961 956 980; x_wconf 88' lang='grc'><strong><em>,</em></strong></span> <span class='ocrx_word' id='word_1_81' title='bbox 1004 930 1185 978; x_wconf 89' lang='grc' dir='ltr'><strong><em>πλείονος</em></strong></span> <span class='ocrx_word' id='word_1_82' title='bbox 1222 929 1278 971; x_wconf 70' lang='grc' dir='ltr'><strong><em>ἔτι</em></strong></span> <span class='ocrx_word' id='word_1_83' title='bbox 1318 930 1419 983; x_wconf 80' lang='grc' dir='ltr'><strong><em>ζωῆς</em></strong></span> <span class='ocrx_word' id='word_1_84' title='bbox 1465 933 1702 983; x_wconf 78' lang='grc' dir='ltr'><strong><em>μεταλαβεῖν</em></strong></span> 
     </span>
     <span class='ocr_line' id='line_1_10' title="bbox 285 989 1702 1050; baseline 0.001 -16"><span class='ocrx_word' id='word_1_85' title='bbox 285 994 508 1050; x_wconf 73' lang='grc' dir='ltr'><strong><em>ἐφιέμενος·</em></strong></span> <span class='ocrx_word' id='word_1_86' title='bbox 546 993 824 1047; x_wconf 80' lang='grc' dir='ltr'><strong><em>ἀνακλώμενος</em></strong></span> <span class='ocrx_word' id='word_1_87' title='bbox 843 995 879 1048; x_wconf 88' lang='grc'><strong><em>*)</em></strong></span> <span class='ocrx_word' id='word_1_88' title='bbox 911 989 982 1036; x_wconf 74' lang='grc' dir='ltr'><strong><em>οὗν</em></strong></span> <span class='ocrx_word' id='word_1_89' title='bbox 1010 996 1076 1036; x_wconf 83' lang='grc' dir='ltr'><strong><em>καὶ</em></strong></span> <span class='ocrx_word' id='word_1_90' title='bbox 1104 998 1323 1044; x_wconf 72' lang='grc' dir='ltr'><strong><em>πολυειδῶς</em></strong></span> <span class='ocrx_word' id='word_1_91' title='bbox 1350 994 1580 1048; x_wconf 73' lang='grc' dir='ltr'><strong><em>κινούμενος</em></strong></span> <span class='ocrx_word' id='word_1_92' title='bbox 1602 1000 1702 1050; x_wconf 90' lang='grc' dir='ltr'><strong><em>θερ-</em></strong></span> 
     </span>
     <span class='ocr_line' id='line_1_11' title="bbox 282 1053 1702 1117; baseline 0.001 -17"><span class='ocrx_word' id='word_1_93' title='bbox 282 1061 478 1113; x_wconf 87' lang='grc' dir='ltr'><strong><em>μαίνεται.</em></strong></span> <span class='ocrx_word' id='word_1_94' title='bbox 529 1058 661 1108; x_wconf 75' lang='grc' dir='ltr'><strong><em>ἅλλως</em></strong></span> <span class='ocrx_word' id='word_1_95' title='bbox 699 1061 743 1102; x_wconf 77' lang='grc' dir='ltr'><strong><em>δὲ</em></strong></span> <span class='ocrx_word' id='word_1_96' title='bbox 784 1060 830 1102; x_wconf 82' lang='grc' dir='ltr'><strong><em>οὗ</em></strong></span> <span class='ocrx_word' id='word_1_97' title='bbox 867 1053 1025 1115; x_wconf 61' lang='grc' dir='ltr'><strong><em>γίνεταί</em></strong></span> <span class='ocrx_word' id='word_1_98' title='bbox 1051 1059 1077 1115; x_wconf 76' lang='grc' dir='ltr'>ἡ</span> <span class='ocrx_word' id='word_1_99' title='bbox 1107 1061 1344 1113; x_wconf 83' lang='grc' dir='ltr'><strong><em>ἀνάκλασις,</em></strong></span> <span class='ocrx_word' id='word_1_100' title='bbox 1385 1063 1419 1103; x_wconf 82' lang='grc' dir='ltr'><strong><em>εἲ</em></strong></span> <span class='ocrx_word' id='word_1_101' title='bbox 1445 1061 1501 1115; x_wconf 84' lang='grc' dir='ltr'><strong><em>μὴ</em></strong></span> <span class='ocrx_word' id='word_1_102' title='bbox 1531 1061 1583 1103; x_wconf 83' lang='grc' dir='ltr'><strong><em>τὰ</em></strong></span> <span class='ocrx_word' id='word_1_103' title='bbox 1609 1063 1702 1117; x_wconf 89' lang='grc' dir='ltr'><strong><em>τρία</em></strong></span> 
     </span>
     <span class='ocr_line' id='line_1_12' title="bbox 282 1125 1700 1182; baseline 0.001 -15"><span class='ocrx_word' id='word_1_104' title='bbox 282 1130 411 1167; x_wconf 83' lang='grc' dir='ltr'><strong><em>ταῦτα</em></strong></span> <span class='ocrx_word' id='word_1_105' title='bbox 440 1125 701 1181; x_wconf 80' lang='grc' dir='ltr'><strong><em>συνδράμωσι</em></strong></span> <span class='ocrx_word' id='word_1_106' title='bbox 729 1125 886 1180; x_wconf 80' lang='grc' dir='ltr'><strong><em>λειότης</em></strong></span> <span class='ocrx_word' id='word_1_107' title='bbox 914 1132 987 1169; x_wconf 80' lang='grc' dir='ltr'><strong><em>τοῦ</em></strong></span> <span class='ocrx_word' id='word_1_108' title='bbox 1010 1125 1270 1181; x_wconf 65' lang='grc' dir='ltr'><strong><em>ὑποκειμένου</em></strong></span> <span class='ocrx_word' id='word_1_109' title='bbox 1299 1128 1504 1182; x_wconf 86' lang='grc' dir='ltr'><strong><em>σώματος,</em></strong></span> <span class='ocrx_word' id='word_1_110' title='bbox 1548 1129 1617 1169; x_wconf 72' lang='grc' dir='ltr'><strong><em>ἵνα</em></strong></span> <span class='ocrx_word' id='word_1_111' title='bbox 1644 1127 1700 1181; x_wconf 76' lang='grc' dir='ltr'><strong><em>μὴ·</em></strong></span> 
     </span>
     <span class='ocr_line' id='line_1_13' title="bbox 282 1191 1702 1250; baseline 0.001 -16"><span class='ocrx_word' id='word_1_112' title='bbox 282 1193 581 1247; x_wconf 76' lang='grc' dir='ltr'><strong><em>περικλᾶταιέν</em></strong></span> <span class='ocrx_word' id='word_1_113' title='bbox 598 1199 683 1241; x_wconf 89' lang='grc' dir='ltr'><strong><em>τοῖς</em></strong></span> <span class='ocrx_word' id='word_1_114' title='bbox 710 1192 953 1245; x_wconf 86' lang='grc' dir='ltr'><strong><em>κοιλώμασιν</em></strong></span> <span class='ocrx_word' id='word_1_115' title='bbox 973 1191 993 1234; x_wconf 84' lang='grc' dir='ltr'><em>ὃ</em></span> <span class='ocrx_word' id='word_1_116' title='bbox 1017 1192 1119 1249; x_wconf 80' lang='grc' dir='ltr'><strong><em>ἀήρ,</em></strong></span> <span class='ocrx_word' id='word_1_117' title='bbox 1147 1193 1363 1248; x_wconf 80' lang='grc' dir='ltr'><strong><em>πυκνότης,</em></strong></span> <span class='ocrx_word' id='word_1_118' title='bbox 1389 1195 1456 1235; x_wconf 71' lang='grc' dir='ltr'><strong><em>ἵνα</em></strong></span> <span class='ocrx_word' id='word_1_119' title='bbox 1473 1195 1530 1248; x_wconf 75' lang='grc' dir='ltr'><strong><em>μὴ</em></strong></span> <span class='ocrx_word' id='word_1_120' title='bbox 1554 1195 1702 1250; x_wconf 75' lang='grc' dir='ltr'><strong><em>διεξέρ-</em></strong></span> 
     </span>
     <span class='ocr_line' id='line_1_14' title="bbox 278 1257 1701 1315; baseline 0.001 -15"><span class='ocrx_word' id='word_1_121' title='bbox 278 1275 400 1313; x_wconf 87' lang='grc' dir='ltr'><strong><em>χηται</em></strong></span> <span class='ocrx_word' id='word_1_122' title='bbox 432 1257 453 1301; x_wconf 82' lang='grc' dir='ltr'>ὁ</span> <span class='ocrx_word' id='word_1_123' title='bbox 476 1258 575 1314; x_wconf 77' lang='grc' dir='ltr'><strong><em>ἀήρ,</em></strong></span> <span class='ocrx_word' id='word_1_124' title='bbox 606 1258 708 1300; x_wconf 83' lang='grc' dir='ltr'><strong><em>ἀλλὰ</em></strong></span> <span class='ocrx_word' id='word_1_125' title='bbox 735 1258 816 1313; x_wconf 80' lang='grc' dir='ltr'><strong><em>μὴν</em></strong></span> <span class='ocrx_word' id='word_1_126' title='bbox 845 1260 911 1300; x_wconf 84' lang='grc' dir='ltr'><strong><em>καὶ</em></strong></span> <span class='ocrx_word' id='word_1_127' title='bbox 931 1258 1137 1313; x_wconf 84' lang='grc' dir='ltr'><strong><em>στενότης,</em></strong></span> <span class='ocrx_word' id='word_1_128' title='bbox 1163 1260 1231 1301; x_wconf 77' lang='grc' dir='ltr'><strong><em>ἵνα</em></strong></span> <span class='ocrx_word' id='word_1_129' title='bbox 1258 1258 1407 1313; x_wconf 79' lang='grc' dir='ltr'><strong><em>μεταξὺ</em></strong></span> <span class='ocrx_word' id='word_1_130' title='bbox 1436 1258 1457 1301; x_wconf 86' lang='grc' dir='ltr'><em>ὃ</em></span> <span class='ocrx_word' id='word_1_131' title='bbox 1488 1260 1565 1315; x_wconf 76' lang='grc' dir='ltr'><strong><em>ἀὴρ</em></strong></span> <span class='ocrx_word' id='word_1_132' title='bbox 1598 1260 1701 1302; x_wconf 86' lang='grc' dir='ltr'><strong><em>ἀπο-</em></strong></span> 
     </span>
     <span class='ocr_line' id='line_1_15' title="bbox 282 1323 1697 1385; baseline 0 -18"><span class='ocrx_word' id='word_1_133' title='bbox 282 1325 599 1379; x_wconf 86' lang='grc' dir='ltr'><strong><em>λαμβανόμενος,</em></strong></span> <span class='ocrx_word' id='word_1_134' title='bbox 629 1325 833 1381; x_wconf 75' lang='grc' dir='ltr'><strong><em>ἐφιέμενος</em></strong></span> <span class='ocrx_word' id='word_1_135' title='bbox 853 1323 938 1367; x_wconf 76' lang='grc' dir='ltr'><strong><em>οἷον</em></strong></span> <span class='ocrx_word' id='word_1_136' title='bbox 962 1325 1099 1381; x_wconf 72' lang='grc' dir='ltr'><strong><em>ἑτέρου</em></strong></span> <span class='ocrx_word' id='word_1_137' title='bbox 1126 1326 1235 1375; x_wconf 84' lang='grc' dir='ltr'><strong><em>τινὸς</em></strong></span> <span class='ocrx_word' id='word_1_138' title='bbox 1261 1324 1428 1385; x_wconf 73' lang='grc' dir='ltr'><strong><em>ἧλιακοῦ</em></strong></span> <span class='ocrx_word' id='word_1_139' title='bbox 1456 1326 1593 1381; x_wconf 84' lang='grc' dir='ltr'><strong><em>φωτὸς</em></strong></span> <span class='ocrx_word' id='word_1_140' title='bbox 1619 1326 1697 1368; x_wconf 90' lang='grc' dir='ltr'><strong><em>ἀπὸ</em></strong></span> 
     </span>
     <span class='ocr_line' id='line_1_16' title="bbox 280 1390 1698 1448; baseline 0.001 -15"><span class='ocrx_word' id='word_1_141' title='bbox 280 1396 352 1445; x_wconf 76' lang='grc' dir='ltr'><strong><em>τῆς</em></strong></span> <span class='ocrx_word' id='word_1_142' title='bbox 381 1390 668 1446; x_wconf 87' lang='grc' dir='ltr'><strong><em>στιλπνότητος</em></strong></span> <span class='ocrx_word' id='word_1_143' title='bbox 694 1393 914 1440; x_wconf 78' lang='grc' dir='ltr'><strong><em>πολυειδῶς</em></strong></span> <span class='ocrx_word' id='word_1_144' title='bbox 928 1392 983 1446; x_wconf 54' lang='grc' dir='ltr'><strong><em>*ἢ</em></strong></span> <span class='ocrx_word' id='word_1_145' title='bbox 1012 1396 1174 1448; x_wconf 82' lang='grc' dir='ltr'><strong><em>κινηθῇ.</em></strong></span> <span class='ocrx_word' id='word_1_146' title='bbox 1205 1392 1297 1434; x_wconf 76' lang='grc' dir='ltr'><strong><em>ἀλλ’</em></strong></span> <span class='ocrx_word' id='word_1_147' title='bbox 1323 1393 1419 1440; x_wconf 70' lang='grc' dir='ltr'><strong><em>ἴσως</em></strong></span> <span class='ocrx_word' id='word_1_148' title='bbox 1447 1392 1565 1434; x_wconf 89' lang='grc' dir='ltr'><strong><em>πάλιν</em></strong></span> <span class='ocrx_word' id='word_1_149' title='bbox 1596 1392 1698 1434; x_wconf 84' lang='grc' dir='ltr'><strong><em>ἀπο-</em></strong></span> 
     </span>
     <span class='ocr_line' id='line_1_17' title="bbox 281 1456 1699 1514; baseline 0.001 -15"><span class='ocrx_word' id='word_1_150' title='bbox 281 1458 394 1513; x_wconf 80' lang='grc' dir='ltr'><strong><em>ρήσει</em></strong></span> <span class='ocrx_word' id='word_1_151' title='bbox 420 1475 504 1507; x_wconf 84' lang='grc' dir='ltr'><strong><em>τις,</em></strong></span> <span class='ocrx_word' id='word_1_152' title='bbox 542 1459 608 1499; x_wconf 86' lang='grc' dir='ltr'><strong><em>καὶ</em></strong></span> <span class='ocrx_word' id='word_1_153' title='bbox 639 1457 695 1499; x_wconf 79' lang='grc' dir='ltr'><strong><em>δι’</em></strong></span> <span class='ocrx_word' id='word_1_154' title='bbox 729 1457 779 1512; x_wconf 70' lang='grc' dir='ltr'><strong><em>’ἣν</em></strong></span> <span class='ocrx_word' id='word_1_155' title='bbox 809 1459 940 1499; x_wconf 75' lang='grc' dir='ltr'><strong><em>αἰτίαν</em></strong></span> <span class='ocrx_word' id='word_1_156' title='bbox 966 1457 1023 1512; x_wconf 78' lang='grc' dir='ltr'><strong><em>μὴ</em></strong></span> <span class='ocrx_word' id='word_1_157' title='bbox 1054 1456 1204 1511; x_wconf 77' lang='grc' dir='ltr'><strong><em>ὁμοίως</em></strong></span> <span class='ocrx_word' id='word_1_158' title='bbox 1238 1460 1280 1501; x_wconf 74' lang='grc' dir='ltr'><strong><em>ἐν</em></strong></span> <span class='ocrx_word' id='word_1_159' title='bbox 1308 1459 1419 1514; x_wconf 86' lang='grc' dir='ltr'><strong><em>θέρει</em></strong></span> <span class='ocrx_word' id='word_1_160' title='bbox 1448 1461 1514 1501; x_wconf 86' lang='grc' dir='ltr'><strong><em>καὶ</em></strong></span> <span class='ocrx_word' id='word_1_161' title='bbox 1543 1461 1585 1501; x_wconf 79' lang='grc' dir='ltr'><strong><em>ἒν</em></strong></span> <span class='ocrx_word' id='word_1_162' title='bbox 1614 1476 1699 1513; x_wconf 86' lang='grc' dir='ltr'><strong><em>χει-</em></strong></span> 
     </span>
     <span class='ocr_line' id='line_1_18' title="bbox 278 1523 1698 1581; baseline 0.002 -16"><span class='ocrx_word' id='word_1_163' title='bbox 278 1528 381 1578; x_wconf 84' lang='grc' dir='ltr'><strong><em>μῶνι</em></strong></span> <span class='ocrx_word' id='word_1_164' title='bbox 409 1523 746 1580; x_wconf 85' lang='grc' dir='ltr'><strong><em>θερμαινόμεθα,</em></strong></span> <span class='ocrx_word' id='word_1_165' title='bbox 787 1523 812 1577; x_wconf 71' lang='grc' dir='ltr'><em>ἢ</em></span> <span class='ocrx_word' id='word_1_166' title='bbox 842 1524 971 1565; x_wconf 73' lang='grc' dir='ltr'><strong><em>ἕωθεν</em></strong></span> <span class='ocrx_word' id='word_1_167' title='bbox 1000 1525 1065 1565; x_wconf 87' lang='grc' dir='ltr'><strong><em>καὶ</em></strong></span> <span class='ocrx_word' id='word_1_168' title='bbox 1094 1527 1182 1580; x_wconf 84' lang='grc' dir='ltr'><strong><em>περὶ</em></strong></span> <span class='ocrx_word' id='word_1_169' title='bbox 1210 1527 1475 1581; x_wconf 78' lang='grc' dir='ltr'><strong><em>μεσημβρίαν.</em></strong></span> <span class='ocrx_word' id='word_1_170' title='bbox 1520 1524 1622 1581; x_wconf 86' lang='grc' dir='ltr'><strong><em>πρὸς</em></strong></span> <span class='ocrx_word' id='word_1_171' title='bbox 1651 1525 1698 1568; x_wconf 83' lang='grc' dir='ltr'><strong><em>ὃν</em></strong></span> 
     </span>
     <span class='ocr_line' id='line_1_19' title="bbox 280 1589 1698 1647; baseline 0.001 -15"><span class='ocrx_word' id='word_1_172' title='bbox 280 1590 443 1647; x_wconf 78' lang='grc' dir='ltr'><strong><em>ῥητέον,</em></strong></span> <span class='ocrx_word' id='word_1_173' title='bbox 493 1590 556 1633; x_wconf 78' lang='grc' dir='ltr'><strong><em>ὅτι</em></strong></span> <span class='ocrx_word' id='word_1_174' title='bbox 590 1589 738 1632; x_wconf 76' lang='grc' dir='ltr'><strong><em>τούτου</em></strong></span> <span class='ocrx_word' id='word_1_175' title='bbox 767 1590 889 1631; x_wconf 74' lang='grc' dir='ltr'><strong><em>αἴτιαι</em></strong></span> <span class='ocrx_word' id='word_1_176' title='bbox 919 1590 960 1631; x_wconf 82' lang='grc' dir='ltr'><strong><em>αἳ</em></strong></span> <span class='ocrx_word' id='word_1_177' title='bbox 989 1589 1162 1641; x_wconf 80' lang='grc' dir='ltr'><strong><em>ἀκτῖνες,</em></strong></span> <span class='ocrx_word' id='word_1_178' title='bbox 1202 1591 1243 1632; x_wconf 75' lang='grc' dir='ltr'><strong><em>ἓν</em></strong></span> <span class='ocrx_word' id='word_1_179' title='bbox 1270 1591 1344 1643; x_wconf 74' lang='grc' dir='ltr'><strong><em>μὲν</em></strong></span> <span class='ocrx_word' id='word_1_180' title='bbox 1374 1592 1486 1646; x_wconf 90' lang='grc' dir='ltr'><strong><em>θέρει</em></strong></span> <span class='ocrx_word' id='word_1_181' title='bbox 1516 1594 1579 1634; x_wconf 85' lang='grc' dir='ltr'><strong><em>καὶ</em></strong></span> <span class='ocrx_word' id='word_1_182' title='bbox 1608 1594 1698 1647; x_wconf 83' lang='grc' dir='ltr'><strong><em>περὶ</em></strong></span> 
     </span>
     <span class='ocr_line' id='line_1_20' title="bbox 278 1655 1697 1713; baseline 0.001 -15"><span class='ocrx_word' id='word_1_183' title='bbox 278 1655 351 1710; x_wconf 67' lang='grc' dir='ltr'><strong><em>τὴν</em></strong></span> <span class='ocrx_word' id='word_1_184' title='bbox 378 1658 633 1711; x_wconf 81' lang='grc' dir='ltr'><strong><em>μεσημβρίαν</em></strong></span> <span class='ocrx_word' id='word_1_185' title='bbox 665 1656 790 1713; x_wconf 79' lang='grc' dir='ltr'><strong><em>ὀρθαὶ</em></strong></span> <span class='ocrx_word' id='word_1_186' title='bbox 820 1656 1049 1712; x_wconf 82' lang='grc' dir='ltr'><strong><em>φερομέναι,</em></strong></span> <span class='ocrx_word' id='word_1_187' title='bbox 1088 1655 1128 1698; x_wconf 70' lang='grc' dir='ltr'><strong><em>ἕν</em></strong></span> <span class='ocrx_word' id='word_1_188' title='bbox 1151 1661 1314 1710; x_wconf 84' lang='grc' dir='ltr'><strong><em>χειμῶνι</em></strong></span> <span class='ocrx_word' id='word_1_189' title='bbox 1344 1657 1387 1698; x_wconf 77' lang='grc' dir='ltr'><strong><em>δὲ</em></strong></span> <span class='ocrx_word' id='word_1_190' title='bbox 1416 1658 1482 1699; x_wconf 85' lang='grc' dir='ltr'><strong><em>καὶ</em></strong></span> <span class='ocrx_word' id='word_1_191' title='bbox 1507 1659 1597 1713; x_wconf 86' lang='grc' dir='ltr'><strong><em>περὶ</em></strong></span> <span class='ocrx_word' id='word_1_192' title='bbox 1625 1657 1697 1712; x_wconf 77' lang='grc' dir='ltr'><strong><em>τὴν</em></strong></span> 
     </span>
     <span class='ocr_line' id='line_1_21' title="bbox 278 1721 1697 1778; baseline 0.001 -14"><span class='ocrx_word' id='word_1_193' title='bbox 278 1723 344 1775; x_wconf 72' lang='grc' dir='ltr'><strong><em>ἕω,</em></strong></span> <span class='ocrx_word' id='word_1_194' title='bbox 377 1724 502 1772; x_wconf 79' lang='grc' dir='ltr'><strong><em>λοξαί.</em></strong></span> <span class='ocrx_word' id='word_1_195' title='bbox 542 1723 735 1764; x_wconf 73' lang='grc' dir='ltr'><strong><em>δέδεικται</em></strong></span> <span class='ocrx_word' id='word_1_196' title='bbox 757 1723 838 1764; x_wconf 68' lang='grc' dir='ltr'><strong><em>δε“</em></strong></span> <span class='ocrx_word' id='word_1_197' title='bbox 824 1721 886 1765; x_wconf 87' lang='grc' dir='ltr'><strong><em>ότι</em></strong></span> <span class='ocrx_word' id='word_1_198' title='bbox 917 1721 972 1771; x_wconf 80' lang='grc' dir='ltr'><strong><em>ὥς</em></strong></span> <span class='ocrx_word' id='word_1_199' title='bbox 999 1724 1145 1778; x_wconf 83' lang='grc' dir='ltr'><strong><em>γίνεται</em></strong></span> <span class='ocrx_word' id='word_1_200' title='bbox 1173 1722 1414 1776; x_wconf 77' lang='grc' dir='ltr'><strong><em>οἷουὸἡποτέ</em></strong></span> <span class='ocrx_word' id='word_1_201' title='bbox 1437 1739 1561 1776; x_wconf 88' lang='grc' dir='ltr'><strong><em>τινος,</em></strong></span> <span class='ocrx_word' id='word_1_202' title='bbox 1591 1723 1697 1767; x_wconf 89' lang='grc' dir='ltr'><strong><em>ου’τω</em></strong></span> 
     </span>
     <span class='ocr_line' id='line_1_22' title="bbox 277 1788 1697 1846; baseline -0.001 -15"><span class='ocrx_word' id='word_1_203' title='bbox 277 1791 424 1845; x_wconf 89' lang='grc' dir='ltr'><strong><em>γινεται</em></strong></span> <span class='ocrx_word' id='word_1_204' title='bbox 444 1807 468 1844; x_wconf 90' lang='grc' dir='ltr'><strong><em>η</em></strong></span> <span class='ocrx_word' id='word_1_205' title='bbox 482 1788 765 1839; x_wconf 78' lang='grc' dir='ltr'><strong><em>ἀνάκλασις-</em></strong></span> <span class='ocrx_word' id='word_1_206' title='bbox 764 1792 838 1838; x_wconf 67' lang='grc'><strong><em>***)</em></strong></span> <span class='ocrx_word' id='word_1_207' title='bbox 863 1807 903 1830; x_wconf 92' lang='grc' dir='ltr'><strong><em>αι</em></strong></span> <span class='ocrx_word' id='word_1_208' title='bbox 924 1789 969 1830; x_wconf 73' lang='grc' dir='ltr'><strong><em>δε</em></strong></span> <span class='ocrx_word' id='word_1_209' title='bbox 989 1788 1116 1844; x_wconf 78' lang='grc' dir='ltr'><strong><em>ὀρθαὶ</em></strong></span> <span class='ocrx_word' id='word_1_210' title='bbox 1144 1791 1281 1844; x_wconf 77' lang='grc' dir='ltr'><strong><em>γωνίαι</em></strong></span> <span class='ocrx_word' id='word_1_211' title='bbox 1300 1788 1434 1844; x_wconf 78' lang='grc' dir='ltr'><strong><em>ὀλίγον</em></strong></span> <span class='ocrx_word' id='word_1_212' title='bbox 1451 1789 1697 1846; x_wconf 84' lang='grc' dir='ltr'><strong><em>ἀφεστηκασι</em></strong></span> 
     </span>
     <span class='ocr_line' id='line_1_23' title="bbox 277 1855 1696 1910; baseline 0 -13"><span class='ocrx_word' id='word_1_213' title='bbox 277 1860 358 1897; x_wconf 81' lang='grc' dir='ltr'><strong><em>τῶν</em></strong></span> <span class='ocrx_word' id='word_1_214' title='bbox 388 1859 537 1906; x_wconf 80' lang='grc' dir='ltr'><strong><em>λοξῶν,</em></strong></span> <span class='ocrx_word' id='word_1_215' title='bbox 580 1857 646 1897; x_wconf 86' lang='grc' dir='ltr'><strong><em>καὶ</em></strong></span> <span class='ocrx_word' id='word_1_216' title='bbox 672 1859 827 1909; x_wconf 81' lang='grc' dir='ltr'><strong><em>μᾶλλον</em></strong></span> <span class='ocrx_word' id='word_1_217' title='bbox 856 1855 1233 1907; x_wconf 79' lang='grc' dir='ltr'><strong><em>εναπολαμβάνουσι</em></strong></span> <span class='ocrx_word' id='word_1_218' title='bbox 1261 1855 1331 1896; x_wconf 85' lang='grc' dir='ltr'><strong><em>τὸν</em></strong></span> <span class='ocrx_word' id='word_1_219' title='bbox 1361 1855 1482 1910; x_wconf 87' lang='grc' dir='ltr'><strong><em>ἀέρα·</em></strong></span> <span class='ocrx_word' id='word_1_220' title='bbox 1525 1858 1591 1898; x_wconf 83' lang='grc' dir='ltr'><strong><em>καὶ</em></strong></span> <span class='ocrx_word' id='word_1_221' title='bbox 1629 1856 1696 1897; x_wconf 77' lang='grc' dir='ltr'><strong><em>διὰ</em></strong></span> 
     </span>
     <span class='ocr_line' id='line_1_24' title="bbox 276 1919 1695 1976; baseline -0.001 -12"><span class='ocrx_word' id='word_1_222' title='bbox 276 1926 396 1964; x_wconf 83' lang='grc' dir='ltr'><strong><em>τοῦτο</em></strong></span> <span class='ocrx_word' id='word_1_223' title='bbox 436 1925 591 1974; x_wconf 79' lang='grc' dir='ltr'><strong><em>μᾶλλον</em></strong></span> <span class='ocrx_word' id='word_1_224' title='bbox 629 1922 932 1976; x_wconf 73' lang='grc' dir='ltr'><strong><em>ἐκθερμαίνεται</em></strong></span> <span class='ocrx_word' id='word_1_225' title='bbox 969 1921 1010 1963; x_wconf 75' lang='grc' dir='ltr'><strong><em>ἓν</em></strong></span> <span class='ocrx_word' id='word_1_226' title='bbox 1047 1922 1160 1975; x_wconf 88' lang='grc' dir='ltr'><strong><em>θέρει</em></strong></span> <span class='ocrx_word' id='word_1_227' title='bbox 1197 1919 1217 1961; x_wconf 81' lang='grc' dir='ltr'><strong>ὅ</strong></span> <span class='ocrx_word' id='word_1_228' title='bbox 1247 1919 1347 1975; x_wconf 78' lang='grc' dir='ltr'><strong><em>ἀήρ·</em></strong></span> <span class='ocrx_word' id='word_1_229' title='bbox 1391 1921 1432 1961; x_wconf 77' lang='grc' dir='ltr'><strong><em>ἒν</em></strong></span> <span class='ocrx_word' id='word_1_230' title='bbox 1461 1921 1508 1962; x_wconf 76' lang='grc' dir='ltr'><strong><em>δὲ</em></strong></span> <span class='ocrx_word' id='word_1_231' title='bbox 1530 1926 1695 1975; x_wconf 81' lang='grc' dir='ltr'><strong><em>χειμῶνι</em></strong></span> 
     </span>
     <span class='ocr_line' id='line_1_25' title="bbox 277 1985 1692 2041; baseline -0.001 -12"><span class='ocrx_word' id='word_1_232' title='bbox 277 1987 345 2029; x_wconf 72' lang='grc' dir='ltr'><strong><em>διὰ</em></strong></span> <span class='ocrx_word' id='word_1_233' title='bbox 381 1987 427 2029; x_wconf 86' lang='grc' dir='ltr'><strong><em>τὸ</em></strong></span> <span class='ocrx_word' id='word_1_234' title='bbox 467 1986 588 2036; x_wconf 78' lang='grc' dir='ltr'><strong><em>λοξὰς</em></strong></span> <span class='ocrx_word' id='word_1_235' title='bbox 627 1987 809 2041; x_wconf 85' lang='grc' dir='ltr'><strong><em>γίνεσθαι</em></strong></span> <span class='ocrx_word' id='word_1_236' title='bbox 845 1987 920 2036; x_wconf 79' lang='grc' dir='ltr'><strong><em>τὰς</em></strong></span> <span class='ocrx_word' id='word_1_237' title='bbox 958 1986 1195 2035; x_wconf 82' lang='grc' dir='ltr'><strong><em>ἀνακλάσεις</em></strong></span> <span class='ocrx_word' id='word_1_238' title='bbox 1240 1985 1312 2027; x_wconf 74' lang='grc' dir='ltr'><strong><em>οὐκ</em></strong></span> <span class='ocrx_word' id='word_1_239' title='bbox 1351 1985 1692 2039; x_wconf 72' lang='grc' dir='ltr'><strong><em>ἀπολαμβάνεται,</em></strong></span> 
     </span>
     <span class='ocr_line' id='line_1_26' title="bbox 276 2051 1691 2109; baseline -0.001 -14"><span class='ocrx_word' id='word_1_240' title='bbox 276 2053 382 2096; x_wconf 80' lang='grc' dir='ltr'><strong><em>ἀλλὰ</em></strong></span> <span class='ocrx_word' id='word_1_241' title='bbox 407 2060 534 2107; x_wconf 87' lang='grc' dir='ltr'><strong><em>χεῖται</em></strong></span> <span class='ocrx_word' id='word_1_242' title='bbox 564 2051 585 2095; x_wconf 81' lang='grc' dir='ltr'><strong><em>ὃ</em></strong></span> <span class='ocrx_word' id='word_1_243' title='bbox 617 2052 717 2109; x_wconf 83' lang='grc' dir='ltr'><strong><em>ἀήρ,</em></strong></span> <span class='ocrx_word' id='word_1_244' title='bbox 749 2055 814 2094; x_wconf 88' lang='grc' dir='ltr'><strong><em>καὶ</em></strong></span> <span class='ocrx_word' id='word_1_245' title='bbox 844 2053 912 2094; x_wconf 77' lang='grc' dir='ltr'><strong><em>διὰ</em></strong></span> <span class='ocrx_word' id='word_1_246' title='bbox 939 2058 1060 2096; x_wconf 82' lang='grc' dir='ltr'><strong><em>τοῦτο</em></strong></span> <span class='ocrx_word' id='word_1_247' title='bbox 1091 2052 1163 2095; x_wconf 76' lang='grc' dir='ltr'><strong><em>οὐκ</em></strong></span> <span class='ocrx_word' id='word_1_248' title='bbox 1193 2052 1278 2094; x_wconf 74' lang='grc' dir='ltr'><strong><em>ἐστὶ</em></strong></span> <span class='ocrx_word' id='word_1_249' title='bbox 1306 2052 1433 2106; x_wconf 85' lang='grc' dir='ltr'><strong><em>πολλὴ</em></strong></span> <span class='ocrx_word' id='word_1_250' title='bbox 1463 2055 1691 2108; x_wconf 85' lang='grc' dir='ltr'><strong><em>θερμασία·</em></strong></span> 
     </span>
     <span class='ocr_line' id='line_1_27' title="bbox 278 2117 1693 2175; baseline -0.001 -13"><span class='ocrx_word' id='word_1_251' title='bbox 278 2120 340 2162; x_wconf 82' lang='grc' dir='ltr'><strong><em>ὅτι</em></strong></span> <span class='ocrx_word' id='word_1_252' title='bbox 371 2121 416 2162; x_wconf 74' lang='grc' dir='ltr'><strong><em>δὲ</em></strong></span> <span class='ocrx_word' id='word_1_253' title='bbox 441 2119 544 2175; x_wconf 87' lang='grc' dir='ltr'><strong><em>πρὸς</em></strong></span> <span class='ocrx_word' id='word_1_254' title='bbox 569 2119 644 2168; x_wconf 80' lang='grc' dir='ltr'><strong><em>τὰς</em></strong></span> <span class='ocrx_word' id='word_1_255' title='bbox 673 2119 834 2169; x_wconf 85' lang='grc' dir='ltr'><strong><em>ἀκτῖνας</em></strong></span> <span class='ocrx_word' id='word_1_256' title='bbox 861 2121 1006 2175; x_wconf 84' lang='grc' dir='ltr'><strong><em>γίνεται</em></strong></span> <span class='ocrx_word' id='word_1_257' title='bbox 1035 2121 1101 2161; x_wconf 87' lang='grc' dir='ltr'><strong><em>καὶ</em></strong></span> <span class='ocrx_word' id='word_1_258' title='bbox 1131 2117 1156 2173; x_wconf 74' lang='grc' dir='ltr'>ἡ</span> <span class='ocrx_word' id='word_1_259' title='bbox 1187 2117 1426 2170; x_wconf 86' lang='grc' dir='ltr'><strong><em>ἀνάκλασις,</em></strong></span> <span class='ocrx_word' id='word_1_260' title='bbox 1466 2117 1693 2174; x_wconf 72' lang='grc' dir='ltr'><strong><em>πρόδηλον·</em></strong></span> 
     </span>
     <span class='ocr_line' id='line_1_28' title="bbox 276 2183 1695 2243; baseline -0.001 -15"><span class='ocrx_word' id='word_1_261' title='bbox 276 2188 342 2229; x_wconf 82' lang='grc' dir='ltr'><strong><em>καὶ</em></strong></span> <span class='ocrx_word' id='word_1_262' title='bbox 371 2187 445 2243; x_wconf 82' lang='grc' dir='ltr'><strong><em>γὰρ</em></strong></span> <span class='ocrx_word' id='word_1_263' title='bbox 475 2192 651 2243; x_wconf 82' lang='grc' dir='ltr'><strong><em>σφαῖραν</em></strong></span> <span class='ocrx_word' id='word_1_264' title='bbox 675 2188 709 2228; x_wconf 84' lang='grc' dir='ltr'><strong><em>εἲ</em></strong></span> <span class='ocrx_word' id='word_1_265' title='bbox 728 2185 914 2242; x_wconf 77' lang='grc' dir='ltr'><strong><em>ῥίψομεν,</em></strong></span> <span class='ocrx_word' id='word_1_266' title='bbox 945 2188 978 2228; x_wconf 83' lang='grc' dir='ltr'><strong><em>εἲ</em></strong></span> <span class='ocrx_word' id='word_1_267' title='bbox 994 2187 1069 2239; x_wconf 78' lang='grc' dir='ltr'><strong><em>μὲν</em></strong></span> <span class='ocrx_word' id='word_1_268' title='bbox 1086 2183 1186 2241; x_wconf 81' lang='grc' dir='ltr'><strong><em>πρὸς</em></strong></span> <span class='ocrx_word' id='word_1_269' title='bbox 1215 2184 1347 2240; x_wconf 79' lang='grc' dir='ltr'><strong><em>ὀρθὴν</em></strong></span> <span class='ocrx_word' id='word_1_270' title='bbox 1375 2185 1520 2239; x_wconf 78' lang='grc' dir='ltr'><strong><em>γωνίαν</em></strong></span> <span class='ocrx_word' id='word_1_271' title='bbox 1548 2185 1695 2240; x_wconf 78' lang='grc' dir='ltr'><strong><em>ε’νεχθῇ</em></strong></span> 
     </span>
     <span class='ocr_line' id='line_1_29' title="bbox 275 2250 1694 2308; baseline -0.003 -13"><span class='ocrx_word' id='word_1_272' title='bbox 275 2253 379 2295; x_wconf 81' lang='grc' dir='ltr'><strong><em>κατὰ</em></strong></span> <span class='ocrx_word' id='word_1_273' title='bbox 406 2257 479 2307; x_wconf 77' lang='grc' dir='ltr'><strong><em>τῆς</em></strong></span> <span class='ocrx_word' id='word_1_274' title='bbox 507 2257 599 2307; x_wconf 77' lang='grc' dir='ltr'><strong><em>γῆς,</em></strong></span> <span class='ocrx_word' id='word_1_275' title='bbox 632 2251 732 2307; x_wconf 85' lang='grc' dir='ltr'><strong><em>πρὸς</em></strong></span> <span class='ocrx_word' id='word_1_276' title='bbox 760 2252 891 2308; x_wconf 74' lang='grc' dir='ltr'><strong><em>ὀρθὴν</em></strong></span> <span class='ocrx_word' id='word_1_277' title='bbox 919 2254 1064 2307; x_wconf 89' lang='grc' dir='ltr'><strong><em>γωνίαν</em></strong></span> <span class='ocrx_word' id='word_1_278' title='bbox 1095 2253 1160 2294; x_wconf 87' lang='grc' dir='ltr'><strong><em>καὶ</em></strong></span> <span class='ocrx_word' id='word_1_279' title='bbox 1189 2250 1426 2307; x_wconf 78' lang='grc' dir='ltr'><strong><em>ἀφάλλεται,</em></strong></span> <span class='ocrx_word' id='word_1_280' title='bbox 1457 2252 1491 2292; x_wconf 78' lang='grc' dir='ltr'><strong><em>εἴ</em></strong></span> <span class='ocrx_word' id='word_1_281' title='bbox 1521 2251 1564 2292; x_wconf 75' lang='grc' dir='ltr'><strong><em>δὲ</em></strong></span> <span class='ocrx_word' id='word_1_282' title='bbox 1592 2250 1694 2306; x_wconf 84' lang='grc' dir='ltr'><strong><em>πρὸς</em></strong></span> 
     </span>
     <span class='ocr_line' id='line_1_30' title="bbox 277 2316 1692 2375; baseline -0.002 -15"><span class='ocrx_word' id='word_1_283' title='bbox 277 2319 396 2373; x_wconf 78' lang='grc' dir='ltr'><strong><em>λοξὴν</em></strong></span> <span class='ocrx_word' id='word_1_284' title='bbox 435 2322 561 2369; x_wconf 79' lang='grc' dir='ltr'><strong><em>λοξῶς</em></strong></span> <span class='ocrx_word' id='word_1_285' title='bbox 600 2318 831 2375; x_wconf 84' lang='grc' dir='ltr'><strong><em>ἀφάλλεται.</em></strong></span> <span class='ocrx_word' id='word_1_286' title='bbox 880 2318 962 2360; x_wconf 72' lang='grc' dir='ltr'><strong><em>ἔστι</em></strong></span> <span class='ocrx_word' id='word_1_287' title='bbox 1001 2319 1046 2360; x_wconf 76' lang='grc' dir='ltr'><strong><em>δὲ</em></strong></span> <span class='ocrx_word' id='word_1_288' title='bbox 1075 2320 1140 2359; x_wconf 86' lang='grc' dir='ltr'><strong><em>καὶ</em></strong></span> <span class='ocrx_word' id='word_1_289' title='bbox 1170 2317 1464 2360; x_wconf 86' lang='grc' dir='ltr'><strong><em>κατασκευάσαι</em></strong></span> <span class='ocrx_word' id='word_1_290' title='bbox 1494 2317 1592 2358; x_wconf 82' lang='grc' dir='ltr'><strong><em>αὐτὸ</em></strong></span> <span class='ocrx_word' id='word_1_291' title='bbox 1617 2316 1692 2358; x_wconf 76' lang='grc' dir='ltr'><strong><em>,διὰ</em></strong></span> 
     </span>
     <span class='ocr_line' id='line_1_31' title="bbox 277 2383 1690 2441; baseline -0.004 -14"><span class='ocrx_word' id='word_1_292' title='bbox 277 2385 397 2441; x_wconf 83' lang='grc' dir='ltr'><strong><em>λόγου</em></strong></span> <span class='ocrx_word' id='word_1_293' title='bbox 424 2385 634 2428; x_wconf 83' lang='grc' dir='ltr'><strong><em>τοιούτου·</em></strong></span> <span class='ocrx_word' id='word_1_294' title='bbox 662 2387 700 2428; x_wconf 80' lang='grc' dir='ltr'><strong><em>ἐἰ</em></strong></span> <span class='ocrx_word' id='word_1_295' title='bbox 726 2384 934 2428; x_wconf 75' lang='grc' dir='ltr'><strong><em>ὗποκέοιτο</em></strong></span> <span class='ocrx_word' id='word_1_296' title='bbox 961 2384 1171 2439; x_wconf 70' lang='grc' dir='ltr'><strong><em>ἔσοπτρον,</em></strong></span> <span class='ocrx_word' id='word_1_297' title='bbox 1199 2383 1257 2437; x_wconf 72' lang='grc' dir='ltr'><strong><em>εἴη</em></strong></span> <span class='ocrx_word' id='word_1_298' title='bbox 1289 2385 1333 2425; x_wconf 73' lang='grc' dir='ltr'><strong><em>δὲ</em></strong></span> <span class='ocrx_word' id='word_1_299' title='bbox 1362 2384 1427 2425; x_wconf 84' lang='grc' dir='ltr'><strong><em>καὶ</em></strong></span> <span class='ocrx_word' id='word_1_300' title='bbox 1455 2383 1597 2435; x_wconf 82' lang='grc' dir='ltr'><strong><em>λύχνος</em></strong></span> <span class='ocrx_word' id='word_1_301' title='bbox 1625 2383 1690 2423; x_wconf 87' lang='grc' dir='ltr'><strong><em>καὶ</em></strong></span> 
     </span>
    </p>
   </div>
   <div class='ocr_carea' id='block_1_3' title="bbox 321 2554 755 2599">
    <p class='ocr_par' dir='ltr' id='par_1_3' title="bbox 321 2554 755 2599">
     <span class='ocr_line' id='line_1_32' title="bbox 321 2554 755 2599; baseline 0 -9"><span class='ocrx_word' id='word_1_302' title='bbox 321 2557 356 2599; x_wconf 66' lang='grc'><strong><em>*&gt;</em></strong></span> <span class='ocrx_word' id='word_1_303' title='bbox 385 2557 466 2590; x_wconf 85' lang='lat' dir='ltr'><strong>Ald.</strong></span> <span class='ocrx_word' id='word_1_304' title='bbox 497 2554 755 2599; x_wconf 75' lang='grc' dir='ltr'><strong><em>α’νακλᾰμενος.</em></strong></span> 
     </span>
    </p>
   </div>
   <div class='ocr_carea' id='block_1_4' title="bbox 321 2619 1689 2843">
    <p class='ocr_par' dir='ltr' id='par_1_4' title="bbox 321 2619 665 2666">
     <span class='ocr_line' id='line_1_33' title="bbox 321 2619 665 2666; baseline -0.003 -9"><span class='ocrx_word' id='word_1_305' title='bbox 321 2621 372 2666; x_wconf 87' lang='grc'><strong><em>**)</em></strong></span> <span class='ocrx_word' id='word_1_306' title='bbox 397 2625 476 2659; x_wconf 86' lang='lat' dir='ltr'><strong>Ald.</strong></span> <span class='ocrx_word' id='word_1_307' title='bbox 493 2619 665 2658; x_wconf 75' lang='grc' dir='ltr'><strong><em>πολυὸὦς.</em></strong></span> 
     </span>
    </p>

    <p class='ocr_par' dir='ltr' id='par_1_5' title="bbox 321 2682 1689 2843">
     <span class='ocr_line' id='line_1_34' title="bbox 321 2682 1688 2736; baseline -0.005 -12"><span class='ocrx_word' id='word_1_308' title='bbox 321 2689 398 2733; x_wconf 79' lang='grc'>***)</span> <span class='ocrx_word' id='word_1_309' title='bbox 423 2683 599 2724; x_wconf 70' lang='lat' dir='ltr'>Lacunain</span> <span class='ocrx_word' id='word_1_310' title='bbox 622 2690 766 2736; x_wconf 80' lang='lat' dir='ltr'>agnovit</span> <span class='ocrx_word' id='word_1_311' title='bbox 788 2689 914 2723; x_wconf 87' lang='lat' dir='ltr'><strong>Aldus.</strong></span> <span class='ocrx_word' id='word_1_312' title='bbox 961 2689 1098 2729; x_wconf 83' lang='lat' dir='ltr'><strong>Verba,</strong></span> <span class='ocrx_word' id='word_1_313' title='bbox 1131 2697 1219 2729; x_wconf 84' lang='lat' dir='ltr'><strong>quae</strong></span> <span class='ocrx_word' id='word_1_314' title='bbox 1244 2683 1405 2727; x_wconf 83' lang='lat' dir='ltr'>proxime</span> <span class='ocrx_word' id='word_1_315' title='bbox 1428 2682 1688 2727; x_wconf 73' lang='lat' dir='ltr'><strong>interciderunt,</strong></span> 
     </span>
     <span class='ocr_line' id='line_1_35' title="bbox 366 2737 1689 2787; baseline -0.002 -10"><span class='ocrx_word' id='word_1_316' title='bbox 366 2747 512 2779; x_wconf 80' lang='lat' dir='ltr'><strong>fortasse</strong></span> <span class='ocrx_word' id='word_1_317' title='bbox 542 2747 629 2778; x_wconf 79' lang='lat' dir='ltr'><strong>haec</strong></span> <span class='ocrx_word' id='word_1_318' title='bbox 659 2750 760 2785; x_wconf 83' lang='lat' dir='ltr'>suut,</span> <span class='ocrx_word' id='word_1_319' title='bbox 798 2742 862 2778; x_wconf 77' lang='grc' dir='ltr'><strong><em>τοῦ</em></strong></span> <span class='ocrx_word' id='word_1_320' title='bbox 885 2741 1038 2787; x_wconf 76' lang='grc' dir='ltr'><strong><em>ἡλιακοῦ</em></strong></span> <span class='ocrx_word' id='word_1_321' title='bbox 1060 2737 1186 2785; x_wconf 80' lang='grc' dir='ltr'><strong><em>φωτός.</em></strong></span> <span class='ocrx_word' id='word_1_322' title='bbox 1232 2740 1301 2773; x_wconf 85' lang='lat' dir='ltr'><strong><em>Sed</em></strong></span> <span class='ocrx_word' id='word_1_323' title='bbox 1329 2750 1374 2772; x_wconf 90' lang='lat' dir='ltr'><strong><em>ne</em></strong></span> <span class='ocrx_word' id='word_1_324' title='bbox 1399 2739 1556 2783; x_wconf 83' lang='lat' dir='ltr'>dubites,</span> <span class='ocrx_word' id='word_1_325' title='bbox 1589 2741 1689 2785; x_wconf 84' lang='lat' dir='ltr'>plura</span> 
     </span>
     <span class='ocr_line' id='line_1_36' title="bbox 367 2798 1673 2843; baseline -0.008 -9"><span class='ocrx_word' id='word_1_326' title='bbox 367 2801 471 2835; x_wconf 80' lang='lat' dir='ltr'><strong>etiam</strong></span> <span class='ocrx_word' id='word_1_327' title='bbox 496 2802 635 2843; x_wconf 82' lang='lat' dir='ltr'><strong>deesse,</strong></span> <span class='ocrx_word' id='word_1_328' title='bbox 666 2804 785 2834; x_wconf 81' lang='lat' dir='ltr'><strong>monet</strong></span> <span class='ocrx_word' id='word_1_329' title='bbox 807 2798 980 2842; x_wconf 83' lang='lat' dir='ltr'>apodosis.</span> <span class='ocrx_word' id='word_1_330' title='bbox 1670 2803 1673 2805; x_wconf 61' lang='grc'><strong><em>’</em></strong></span> 
     </span>
    </p>
   </div>
  </div>
 </body>
</html>
