1812 3158
353 344 446 386 370
566 346 1013 388 COMMENTARIUS
1041 347 1102 386 IN
1129 348 1530 388 METEOROLOG.

353 462 503 500 ratione
521 472 633 509 posse
652 458 871 508 comparari
889 471 978 496 cum
995 458 1132 506 tertia,
1162 462 1229 494 aut
1248 458 1404 496 tertiam
1428 459 1535 497 illam
1554 473 1642 497 cum
1658 461 1755 498 reli-

352 529 449 578 quis.
505 528 637 575 Itaque
665 535 748 560 non
775 524 941 572 mirum,
976 524 1008 561 si
1035 523 1131 561 dicit
1154 522 1424 574 phaenomena
1449 526 1584 563 vocari
1609 523 1754 571 δαλοὺς

352 592 415 631 καὶ
447 587 560 642 αἶγας
587 589 651 628 καὶ
671 587 861 642 ἀστέρας,
891 589 1048 642 quando
1067 586 1112 628 τὸ
1134 585 1365 640 ὑπέκκαυμα
1394 586 1496 628 κατὰ
1523 592 1652 642 μῆκος
1679 588 1754 641 μό-

352 673 417 696 νον
447 651 494 710 ᾖ,
526 670 615 694 cum
630 662 761 694 tamen
782 656 924 694 deinde
951 661 1150 706 tamquam
1176 657 1345 707 primam
1370 670 1510 708 caprae
1531 658 1756 708 qualitatem

349 728 545 775 proponat
574 722 698 760 hanc:
743 718 812 760 ἐὰν
839 719 885 760 τὸ
914 717 1146 772 ὑπέκκαυμα
1174 716 1200 775 ᾖ
1228 720 1346 761 πλεόν
1373 720 1474 761 κατὰ
1504 720 1550 762 τὸ
1576 725 1701 774 μῆκος
1728 720 1753 773 ἢ

350 788 393 829 τὸ
425 786 574 834 πλάτος
602 794 640 827 ct
667 788 715 826 de
734 785 859 826 tribus
882 789 1187 828 dimensionibus
1212 802 1418 839 caprarum
1436 790 1619 839 loquatur
1635 791 1678 828 in
1695 789 1761 827 his-

348 857 500 895 verbis:
548 851 616 892 ἐὰν
644 852 697 893 τὰ
723 851 831 905 μήκη
862 881 1005 894 .....
1039 852 1304 907 διεσπαρμένα
1332 847 1358 907 ᾗ
1386 854 1451 894 καὶ
1479 851 1626 905 ὁμοίως
1653 853 1755 894 κατὰ

348 917 496 966 πλάτος
523 920 586 959 καὶ
618 917 767 969 βάθος.
808 945 857 950 —-
915 922 1058 960 Nescio
1084 928 1215 960 tamen
1241 921 1337 972 quid
1359 922 1454 959 insit
1483 921 1591 960 hisce
1622 923 1754 961 verbis

347 988 597 1026 contricatius
618 994 732 1038 atque
752 988 900 1026 idcirco
929 986 1039 1039 (fere
1061 987 1201 1026 eodem
1220 987 1362 1035 modo,
1390 1001 1466 1038 quo
1488 995 1669 1027 nostrum
1692 989 1756 1025 lo-

345 1069 435 1094 cum
459 1053 659 1104 corrigere
685 1053 814 1092 voluit
846 1055 1188 1105 Kocnigmann
1220 1056 1365 1106 Geogr.
1387 1055 1599 1092 Aristotel.
1627 1069 1666 1106 p.
1691 1059 1754 1093 59.

344 1127 425 1159 not.
446 1118 539 1171 154)
569 1119 819 1158 scribendum
839 1133 1000 1158 conseo:
1030 1116 1078 1158 ἂν
1105 1118 1178 1169 μὲν
1206 1118 1281 1172 γὰρ
1311 1117 1462 1166 πλάτος
1491 1117 1560 1173 ἔχῃ
1590 1120 1654 1159 καὶ
1675 1122 1754 1170 μῆ-

345 1201 414 1232 κος
439 1210 495 1216 -—-
524 1182 713 1230 πολλάκις
740 1181 881 1238 ὁρᾶται
910 1183 1083 1236 καομένη
1114 1184 1216 1238 φλόξ
1247 1210 1296 1215 ——
1333 1183 1382 1224 ἂν
1413 1185 1464 1224 δὲ
1491 1189 1652 1238 μῆκος
1677 1183 1756 1236 μό-

343 1268 411 1292 νον
439 1252 607 1303 (omisso
632 1248 762 1302 κατά)
792 1249 828 1290 οἶ
859 1249 1090 1301 καλούμενοι
1121 1250 1240 1291 datos
1266 1274 1315 1280 ———
1345 1251 1411 1290 καὶ
1438 1250 1508 1290 ἐὰν
1534 1251 1608 1302 μὲν
1636 1250 1755 1291 πλεόν

346 1343 396 1349 -—
425 1311 452 1370 ᾖ
482 1314 584 1356 κατὰ
613 1314 659 1355 τὸ
689 1318 816 1367 μῆκος
843 1313 867 1368 ἢ
897 1315 1026 1356 κατὰ
1054 1314 1099 1356 τὸ
1131 1314 1282 1363 πλάτος
1311 1316 1461 1368 (addito
1483 1315 1624 1370 κατά),
1656 1315 1754 1357 ὅταν

341 1382 415 1435 μὲν
445 1380 530 1423 οἷον
558 1380 880 1436 ἇποσπιν3·ηρίζῃ
911 1404 961 1409 --
995 1381 1058 1429 αἲξ
1086 1383 1261 1433 καλεῖται
1283 1407 1332 1412 -
1355 1407 1405 1413 ——·
1426 1381 1495 1422 ἐὰν
1525 1382 1569 1422 δὲ
1596 1382 1646 1422 τὰ
1673 1400 1701 1434 μ
1714 1383 1754 1422 ε’-

344 1465 402 1503 ρη
432 1451 503 1500 τῆς
531 1445 842 1499 ἀναθυμιάσεως
873 1473 922 1477 ——
953 1447 1218 1500 διεσπαρμένα
1247 1442 1273 1502 ᾖ
1303 1472 1354 1478 -
1385 1472 1435 1478 —
1475 1448 1512 1488 οἳ
1545 1449 1755 1496 δοκοῦντες

343 1513 504 1568 ἀστέρες
532 1511 702 1569 διᾴττειν
730 1514 916 1567 γίνονται.
943 1539 994 1544 —-
1038 1516 1223 1566 Denique
1243 1521 1399 1554 veteres
1416 1515 1607 1554 editiones
1626 1518 1755 1556 solent

345 1581 534 1620 exhibere
564 1577 746 1637 διᾴττειν.
776 1582 847 1621 cfr.
876 1582 1110 1620 Pierson.
1139 1581 1190 1620 ad
1218 1581 1432 1620 Moerid.
1461 1595 1499 1633 p.
1519 1583 1650 1629 274,b
1669 1597 1754 1635 sqq.

342 1649 405 1687 ed.
432 1647 586 1688 Koch.

437 1719 475 1755 7.
506 1712 822 1767 ἐκκρούεται
852 1712 935 1754 καὶ
962 1712 1281 1765 ἐκθλίβεται,
1311 1713 1642 1765 quemadmodum
1665 1726 1755 1751 cum

341 1782 571 1826 Bekkero
600 1782 839 1832 scripsimus,
869 1783 974 1819 solus
991 1782 1156 1832 praebet
1175 1783 1222 1820 E.
1249 1776 1477 1832 ἐκκρούεται
1506 1778 1570 1818 καὶ
1587 1777 1756 1831 ἐκκρίνε-

343 1861 408 1893 ται
435 1849 483 1886 F.
504 1848 558 1885 H.
578 1847 630 1884 N.
654 1848 763 1885 Cam.
781 1849 825 1884 P.
848 1848 937 1885 Cas.
965 1845 1194 1896 ἐκθλίβεται
1224 1845 1288 1884 καὶ
1309 1845 1525 1898 ἐκκρίνεται
1549 1845 1599 1883 Α.
1620 1847 1659 1883 S.
1690 1843 1755 1882 ἕκ-

344 1911 517 1964 κρίνεται
556 1910 621 1951 καὶ
658 1910 888 1962 ἐκθλίβεται
923 1914 996 1950 Er.
1044 1934 1094 1940 -—-
1159 1913 1293 1961 μᾶλλ
1307 1926 1326 1949 ο
1339 1927 1360 1949 ν
1398 1934 1448 1941 -—
1500 1907 1610 1949 ἀλλ’
1653 1907 1754 1948 οὐκ.

341 1981 553 2018 Isocrat.
582 1975 638 2014 acl
657 1978 815 2016 Nicocl.
844 1991 884 2029 p.
902 1981 967 2023 23,
983 1980 1031 2016 Β.
1058 1977 1213 2027 μᾶλλον
1240 1975 1443 2029 αἱροῦνται
1472 1979 1642 2014 συνεῖναι
1670 1978 1756 2021 τοῖς

342 2041 697 2096 ἐξαμαρτάνουσιν,
729 2040 818 2082 ἀλλ’
841 2040 887 2082 οὐ
912 2047 997 2089 τοῖς
1025 2040 1306 2096 ἀποτρέπουσι,
1337 2057 1454 2094 quem
1472 2043 1605 2081 locum
1620 2042 1755 2081 laudat

342 2110 560 2150 Matthia
571 2123 655 2149 eus
685 2111 871 2148 Gramm.
887 2125 949 2161 gr.
981 2107 1015 2158 ξ.
1036 2109 1132 2157 455,
1150 2114 1188 2149 3.
1204 2110 1243 2148 b.
1299 2110 1528 2150 Iaculationi
1551 2121 1668 2159 quam
1688 2108 1754 2146 in-

342 2177 515 2229 censioni
544 2177 775 2214 similiorem
805 2191 888 2214 esse
917 2177 1120 2214 stellarum
1155 2176 1508 2215 transcurrentium
1535 2181 1666 2213 motus
1689 2175 1755 2213 id·-

342 2243 446 2280 circo
464 2243 538 2291 ait,
567 2256 656 2280 cum
674 2243 759 2293 ipse
781 2241 979 2280 Problem.
1008 2243 1173 2287 XXVI,
1202 2246 1269 2281 23.
1300 2255 1338 2292 p.
1359 2242 1449 2289 942,
1470 2242 1496 2278 b
1526 2253 1662 2278 earum
1682 2240 1753 2278 de-

340 2310 493 2359 lapsum
513 2314 633 2347 vento
655 2308 861 2346 attribuat:
892 2304 958 2346 ὃιιὶ
981 2306 1023 2346 τί
1049 2305 1145 2346 ὅταν
1169 2304 1331 2359 ἀστέρες
1350 2304 1575 2362 ὃιᾴττωσιν,
1605 2303 1751 2355 ἀνέμου

344 2377 529 2424 σημεῖονς
558 2369 665 2424 ἢὸτι
685 2368 760 2411 ὕπὸ
791 2375 863 2412 τοῦ
894 2370 1117 2424 πνεύματος
1146 2371 1334 2426 φέρονται
1362 2372 1427 2412 καὶ
1455 2369 1647 2425 πρότερον
1675 2369 1757 2409 ἐκεῖ

342 2438 486 2491 γίνεται
514 2440 669 2489 πνεῦμα
698 2434 723 2489 ἢ
751 2436 850 2490 παρ’
883 2435 978 2490 ἡμῖν
987 2455 1002 2490 ,·
1033 2436 1093 2478 διὸ
1115 2438 1180 2478 καὶ
1199 2436 1265 2492 ἀφ’
1293 2430 1341 2477 οὗ
1369 2435 1418 2477 ἂν
1445 2435 1569 2477 τόπου
1596 2433 1750 2489 φέρων-

342 2519 407 2544 ται
437 2503 475 2544 οἶ
504 2502 685 2557 ἀστέρες,
722 2502 763 2543 ἓν
786 2502 917 2559 τούτῳ
948 2504 1013 2544 καὶ
1039 2503 1085 2544 τὸ
1117 2506 1273 2555 πνεῦμα
1301 2504 1470 2556 γίνεταιε
1498 2515 1576 2553 quo
1594 2502 1749 2540 deloco

342 2571 508 2617 videsis,
549 2584 646 2621 quae
678 2571 881 2622 composui
908 2572 1121 2609 Meteorol.
1146 2564 1273 2608 'vetem
1306 2573 1364 2616 Π,
1390 2573 1426 2607 8.
1456 2583 1493 2619 p.
1517 2568 1565 2605 46
1588 2582 1644 2619 sq.
1680 2569 1749 2606 ubi

343 2637 459 2674 etiam
481 2636 598 2674 docui
615 2650 763 2675 nexum
781 2637 885 2674 inter
906 2636 1007 2675 hanc
1028 2637 1284 2675 directionem
1304 2641 1343 2672 et
1362 2627 1574 2684 regionem{
1605 2648 1655 2671 ex
1674 2649 1750 2685 qua

342 2703 454 2740 venti
472 2702 558 2740 sive
575 2703 739 2753 spirant,
759 2703 843 2741 sive
862 2704 1079 2754 spirabunt,
1097 2704 1211 2740 etiam
1227 2706 1404 2739 recentes
1421 2700 1624 2738 interdum
1641 2699 1749 2751 phy-

342 2766 453 2816 sicos,
484 2766 555 2805 sed
573 2767 675 2805 iusto
693 2769 849 2818 parcius
870 2775 1067 2827 euotasse,1
1090 2766 1250 2806 laudans
1272 2779 1315 2805 v.
1338 2766 1466 2818 Spix
1491 2779 1532 2805 ιι.
1559 2779 1600 2806 v.
1619 2768 1748 2805 Mar-
