<?xml version="1.0" encoding="UTF-8"?>
<!DOCTYPE html PUBLIC "-//W3C//DTD XHTML 1.0 Transitional//EN"
    "http://www.w3.org/TR/xhtml1/DTD/xhtml1-transitional.dtd">
<html xmlns="http://www.w3.org/1999/xhtml" xml:lang="en" lang="en">
 <head>
  <title>
</title>
<meta http-equiv="Content-Type" content="text/html;charset=utf-8" />
  <meta name='ocr-system' content='tesseract 3.04.00' />
  <meta name='ocr-capabilities' content='ocr_page ocr_carea ocr_par ocr_line ocrx_word'/>
</head>
<body>
  <div class='ocr_page' id='page_1' title='image "./meteorologicorum01arisuoft_0373.png"; bbox 0 0 1812 3158; ppageno 0'>
   <div class='ocr_carea' id='block_1_1' title="bbox 426 322 1546 406">
    <p class='ocr_par' dir='ltr' id='par_1_1' title="bbox 426 322 1546 406">
     <span class='ocr_line' id='line_1_1' title="bbox 426 322 1546 406; baseline -0.012 -25"><span class='ocrx_word' id='word_1_1' title='bbox 426 338 665 406; x_wconf 37' lang='lat' dir='ltr'>,LIBRUM</span> <span class='ocrx_word' id='word_1_2' title='bbox 695 337 936 379; x_wconf 89' lang='lat' dir='ltr'>PRIMUM.</span> <span class='ocrx_word' id='word_1_3' title='bbox 993 337 1114 377; x_wconf 86' lang='lat' dir='ltr'><strong>cAP.</strong></span> <span class='ocrx_word' id='word_1_4' title='bbox 1133 336 1210 376; x_wconf 92' lang='lat' dir='ltr'><strong>III.</strong></span> <span class='ocrx_word' id='word_1_5' title='bbox 1451 322 1546 369; x_wconf 89' lang='grc'><strong>333</strong></span> 
     </span>
    </p>
   </div>
   <div class='ocr_carea' id='block_1_2' title="bbox 110 442 1565 2872">
    <p class='ocr_par' dir='ltr' id='par_1_2' title="bbox 110 442 1565 2872">
     <span class='ocr_line' id='line_1_2' title="bbox 111 442 1550 510; baseline -0.009 -13"><span class='ocrx_word' id='word_1_6' title='bbox 111 455 179 507; x_wconf 85' lang='grc' dir='ltr'><strong>ζον</strong></span> <span class='ocrx_word' id='word_1_7' title='bbox 208 457 281 510; x_wconf 79' lang='grc' dir='ltr'><strong>γῆς</strong></span> <span class='ocrx_word' id='word_1_8' title='bbox 308 467 435 510; x_wconf 82' lang='grc' dir='ltr'><em>φασι,</em></span> <span class='ocrx_word' id='word_1_9' title='bbox 475 452 542 494; x_wconf 80' lang='grc' dir='ltr'><strong>καὶ</strong></span> <span class='ocrx_word' id='word_1_10' title='bbox 571 450 611 494; x_wconf 81' lang='grc' dir='ltr'><strong>οἶ</strong></span> <span class='ocrx_word' id='word_1_11' title='bbox 641 449 716 504; x_wconf 73' lang='grc' dir='ltr'><strong>μὲν</strong></span> <span class='ocrx_word' id='word_1_12' title='bbox 745 450 952 501; x_wconf 77' lang='grc' dir='ltr'><em>ποδιαῖον,</em></span> <span class='ocrx_word' id='word_1_13' title='bbox 985 446 1022 489; x_wconf 79' lang='grc' dir='ltr'><strong>οἳ</strong></span> <span class='ocrx_word' id='word_1_14' title='bbox 1053 446 1098 488; x_wconf 79' lang='grc' dir='ltr'><strong>δὲ</strong></span> <span class='ocrx_word' id='word_1_15' title='bbox 1128 443 1412 494; x_wconf 83' lang='grc' dir='ltr'><em>ὀκταπλάσιον,</em></span> <span class='ocrx_word' id='word_1_16' title='bbox 1444 442 1550 486; x_wconf 79' lang='grc' dir='ltr'><strong><em>οἶδὲ</em></strong></span> 
     </span>
     <span class='ocr_line' id='line_1_3' title="bbox 111 513 1548 572; baseline -0.009 -8"><span class='ocrx_word' id='word_1_17' title='bbox 111 519 576 565; x_wconf 74' lang='grc' dir='ltr'><em>ἔννεακαιὸεκαπλάσιον.</em></span> <span class='ocrx_word' id='word_1_18' title='bbox 602 544 660 551; x_wconf 89' lang='lat'>—</span> <span class='ocrx_word' id='word_1_19' title='bbox 717 522 850 572; x_wconf 83' lang='lat' dir='ltr'><strong>Quam</strong></span> <span class='ocrx_word' id='word_1_20' title='bbox 879 520 1022 571; x_wconf 87' lang='lat' dir='ltr'><strong>exigua</strong></span> <span class='ocrx_word' id='word_1_21' title='bbox 1055 518 1105 560; x_wconf 89' lang='lat' dir='ltr'><strong>sit</strong></span> <span class='ocrx_word' id='word_1_22' title='bbox 1131 523 1266 555; x_wconf 86' lang='lat' dir='ltr'><strong>terrae</strong></span> <span class='ocrx_word' id='word_1_23' title='bbox 1301 513 1548 567; x_wconf 81' lang='lat' dir='ltr'>magnitudo,</span> 
     </span>
     <span class='ocr_line' id='line_1_4' title="bbox 110 579 1549 644; baseline -0.008 -12"><span class='ocrx_word' id='word_1_24' title='bbox 110 594 232 632; x_wconf 83' lang='lat' dir='ltr'><strong>totius</strong></span> <span class='ocrx_word' id='word_1_25' title='bbox 261 590 602 644; x_wconf 83' lang='lat' dir='ltr'><strong>respectu-caeli,</strong></span> <span class='ocrx_word' id='word_1_26' title='bbox 645 579 906 628; x_wconf 61' lang='lat' dir='ltr'><strong>docuit&#39;olim</strong></span> <span class='ocrx_word' id='word_1_27' title='bbox 936 583 1287 627; x_wconf 85' lang='lat' dir='ltr'><strong>Aristarchus</strong></span> <span class='ocrx_word' id='word_1_28' title='bbox 1325 583 1549 632; x_wconf 87' lang='lat' dir='ltr'><strong>Samius,</strong></span> 
     </span>
     <span class='ocr_line' id='line_1_5' title="bbox 113 651 1550 713; baseline -0.008 -14"><span class='ocrx_word' id='word_1_29' title='bbox 113 661 182 713; x_wconf 87' lang='lat' dir='ltr'><strong>qui</strong></span> <span class='ocrx_word' id='word_1_30' title='bbox 209 662 377 700; x_wconf 89' lang='lat' dir='ltr'><strong>eandem</strong></span> <span class='ocrx_word' id='word_1_31' title='bbox 404 659 602 698; x_wconf 86' lang='lat' dir='ltr'><strong>rationem</strong></span> <span class='ocrx_word' id='word_1_32' title='bbox 625 657 734 696; x_wconf 87' lang='lat' dir='ltr'><strong>inter</strong></span> <span class='ocrx_word' id='word_1_33' title='bbox 759 662 970 708; x_wconf 82' lang='lat' dir='ltr'><strong>utramque</strong></span> <span class='ocrx_word' id='word_1_34' title='bbox 996 651 1401 698; x_wconf 75' lang='lat' dir='ltr'><strong>intercedere&#39;dixit,</strong></span> <span class='ocrx_word' id='word_1_35' title='bbox 1431 664 1550 703; x_wconf 86' lang='lat' dir='ltr'><strong>quam</strong></span> 
     </span>
     <span class='ocr_line' id='line_1_6' title="bbox 112 719 1551 778; baseline -0.009 -10"><span class='ocrx_word' id='word_1_36' title='bbox 112 729 219 767; x_wconf 89' lang='lat' dir='ltr'><strong>inter</strong></span> <span class='ocrx_word' id='word_1_37' title='bbox 239 734 421 767; x_wconf 79' lang='lat' dir='ltr'><strong>centrum</strong></span> <span class='ocrx_word' id='word_1_38' title='bbox 443 733 483 765; x_wconf 89' lang='lat' dir='ltr'><strong>et</strong></span> <span class='ocrx_word' id='word_1_39' title='bbox 500 724 754 778; x_wconf 86' lang='lat' dir='ltr'><strong>superficiem</strong></span> <span class='ocrx_word' id='word_1_40' title='bbox 773 723 987 776; x_wconf 82' lang='lat' dir='ltr'><strong>sphaerae,</strong></span> <span class='ocrx_word' id='word_1_41' title='bbox 1015 721 1123 775; x_wconf 87' lang='lat' dir='ltr'><strong>quod</strong></span> <span class='ocrx_word' id='word_1_42' title='bbox 1133 750 1145 768; x_wconf 89' lang='lat'><strong>,</strong></span> <span class='ocrx_word' id='word_1_43' title='bbox 1175 734 1266 758; x_wconf 88' lang='lat' dir='ltr'><strong>cum</strong></span> <span class='ocrx_word' id='word_1_44' title='bbox 1287 719 1438 758; x_wconf 89' lang='lat' dir='ltr'><strong>nullam</strong></span> <span class='ocrx_word' id='word_1_45' title='bbox 1456 731 1551 757; x_wconf 89' lang='lat' dir='ltr'><strong>cen-</strong></span> 
     </span>
     <span class='ocr_line' id='line_1_7' title="bbox 115 787 1551 847; baseline -0.008 -12"><span class='ocrx_word' id='word_1_46' title='bbox 115 804 224 835; x_wconf 85' lang='lat' dir='ltr'><strong>trum</strong></span> <span class='ocrx_word' id='word_1_47' title='bbox 261 802 464 847; x_wconf 82' lang='lat' dir='ltr'><strong>tamquam</strong></span> <span class='ocrx_word' id='word_1_48' title='bbox 504 799 696 846; x_wconf 89' lang='lat' dir='ltr'><strong>punctum</strong></span> <span class='ocrx_word' id='word_1_49' title='bbox 735 791 885 831; x_wconf 89' lang='lat' dir='ltr'><strong>habere</strong></span> <span class='ocrx_word' id='word_1_50' title='bbox 920 797 1039 843; x_wconf 87' lang='lat' dir='ltr'><strong>queat</strong></span> <span class='ocrx_word' id='word_1_51' title='bbox 1071 787 1410 842; x_wconf 88' lang='lat' dir='ltr'><strong>magnitudinem,</strong></span> <span class='ocrx_word' id='word_1_52' title='bbox 1437 787 1551 832; x_wconf 87' lang='lat' dir='ltr'><strong>nullo</strong></span> 
     </span>
     <span class='ocr_line' id='line_1_8' title="bbox 115 855 1554 914; baseline -0.008 -11"><span class='ocrx_word' id='word_1_53' title='bbox 115 866 194 903; x_wconf 91' lang='lat' dir='ltr'><strong>alio</strong></span> <span class='ocrx_word' id='word_1_54' title='bbox 230 863 351 902; x_wconf 90' lang='lat' dir='ltr'><strong>modo</strong></span> <span class='ocrx_word' id='word_1_55' title='bbox 381 861 728 914; x_wconf 85' lang='lat' dir='ltr'><strong>interpretandum</strong></span> <span class='ocrx_word' id='word_1_56' title='bbox 756 866 834 909; x_wconf 89' lang='lat' dir='ltr'><strong>est,</strong></span> <span class='ocrx_word' id='word_1_57' title='bbox 872 873 990 910; x_wconf 87' lang='lat' dir='ltr'><strong>quam</strong></span> <span class='ocrx_word' id='word_1_58' title='bbox 1011 857 1209 896; x_wconf 81' lang='lat' dir='ltr'><strong>infinitam</strong></span> <span class='ocrx_word' id='word_1_59' title='bbox 1241 869 1327 894; x_wconf 84' lang='lat' dir='ltr'><strong>esse</strong></span> <span class='ocrx_word' id='word_1_60' title='bbox 1354 855 1554 906; x_wconf 89' lang='lat' dir='ltr'><strong>magnitu-</strong></span> 
     </span>
     <span class='ocr_line' id='line_1_9' title="bbox 115 923 1550 980; baseline -0.008 -9"><span class='ocrx_word' id='word_1_61' title='bbox 115 932 251 970; x_wconf 83' lang='lat' dir='ltr'><strong>dinem</strong></span> <span class='ocrx_word' id='word_1_62' title='bbox 282 932 383 970; x_wconf 88' lang='lat' dir='ltr'><strong>caeli</strong></span> <span class='ocrx_word' id='word_1_63' title='bbox 423 944 513 968; x_wconf 91' lang='lat' dir='ltr'><strong>cum</strong></span> <span class='ocrx_word' id='word_1_64' title='bbox 541 923 814 980; x_wconf 81' lang='lat' dir='ltr'><strong>magnitudine</strong></span> <span class='ocrx_word' id='word_1_65' title='bbox 853 927 1006 965; x_wconf 85' lang='lat' dir='ltr'><strong>orbitae</strong></span> <span class='ocrx_word' id='word_1_66' title='bbox 1039 924 1241 964; x_wconf 85' lang='lat' dir='ltr'><strong>terrestris</strong></span> <span class='ocrx_word' id='word_1_67' title='bbox 1268 929 1550 975; x_wconf 81' lang='lat' dir='ltr'><strong>comparatam.</strong></span> 
     </span>
     <span class='ocr_line' id='line_1_10' title="bbox 117 987 1553 1050; baseline -0.008 -11"><span class='ocrx_word' id='word_1_68' title='bbox 117 1002 209 1050; x_wconf 84' lang='lat' dir='ltr'><strong>Qua</strong></span> <span class='ocrx_word' id='word_1_69' title='bbox 240 1000 291 1038; x_wconf 89' lang='lat' dir='ltr'><strong>de</strong></span> <span class='ocrx_word' id='word_1_70' title='bbox 320 998 515 1038; x_wconf 82' lang='lat' dir='ltr'><strong>sententia</strong></span> <span class='ocrx_word' id='word_1_71' title='bbox 549 994 901 1036; x_wconf 86' lang='lat' dir='ltr'><strong>Archimedes</strong></span> <span class='ocrx_word' id='word_1_72' title='bbox 945 994 1043 1032; x_wconf 89' lang='lat' dir='ltr'><strong>haec</strong></span> <span class='ocrx_word' id='word_1_73' title='bbox 1069 993 1191 1031; x_wconf 89' lang='lat' dir='ltr'><strong>habet</strong></span> <span class='ocrx_word' id='word_1_74' title='bbox 1219 991 1414 1044; x_wconf 84' lang='lat' dir='ltr'><strong>(Arenar.</strong></span> <span class='ocrx_word' id='word_1_75' title='bbox 1441 1003 1483 1042; x_wconf 89' lang='lat' dir='ltr'><strong>p.</strong></span> <span class='ocrx_word' id='word_1_76' title='bbox 1511 987 1553 1041; x_wconf 89' lang='lat'><strong>5)</strong></span> 
     </span>
     <span class='ocr_line' id='line_1_11' title="bbox 116 1047 1554 1118; baseline -0.008 -12"><span class='ocrx_word' id='word_1_77' title='bbox 116 1068 254 1116; x_wconf 89' lang='lat' dir='ltr'><strong>verba,</strong></span> <span class='ocrx_word' id='word_1_78' title='bbox 286 1081 387 1118; x_wconf 89' lang='lat' dir='ltr'><strong>quae</strong></span> <span class='ocrx_word' id='word_1_79' title='bbox 407 1080 455 1104; x_wconf 93' lang='lat' dir='ltr'><strong>eo</strong></span> <span class='ocrx_word' id='word_1_80' title='bbox 474 1065 674 1104; x_wconf 86' lang='lat' dir='ltr'><strong>lubentius</strong></span> <span class='ocrx_word' id='word_1_81' title='bbox 691 1064 826 1112; x_wconf 86' lang='lat' dir='ltr'><strong>affero,</strong></span> <span class='ocrx_word' id='word_1_82' title='bbox 852 1075 945 1101; x_wconf 88' lang='lat' dir='ltr'><strong>cum</strong></span> <span class='ocrx_word' id='word_1_83' title='bbox 969 1075 1021 1099; x_wconf 82' lang='lat' dir='ltr'><strong>ex</strong></span> <span class='ocrx_word' id='word_1_84' title='bbox 1040 1060 1181 1099; x_wconf 83' lang='lat' dir='ltr'><strong>iisdem</strong></span> <span class='ocrx_word' id='word_1_85' title='bbox 1199 1064 1345 1111; x_wconf 86' lang='lat' dir='ltr'><strong>pateat,</strong></span> <span class='ocrx_word' id='word_1_86' title='bbox 1376 1047 1554 1096; x_wconf 78' lang='lat' dir='ltr'><strong>Aristar-</strong></span> 
     </span>
     <span class='ocr_line' id='line_1_12' title="bbox 116 1126 1556 1174; baseline -0.008 -1"><span class='ocrx_word' id='word_1_87' title='bbox 116 1135 237 1173; x_wconf 90' lang='lat' dir='ltr'><strong>chum</strong></span> <span class='ocrx_word' id='word_1_88' title='bbox 256 1134 555 1174; x_wconf 88' lang='lat' dir='ltr'><strong>revolutionem</strong></span> <span class='ocrx_word' id='word_1_89' title='bbox 574 1140 707 1171; x_wconf 90' lang='lat' dir='ltr'><strong>terrae</strong></span> <span class='ocrx_word' id='word_1_90' title='bbox 725 1145 898 1170; x_wconf 87' lang='lat' dir='ltr'><strong>annuam</strong></span> <span class='ocrx_word' id='word_1_91' title='bbox 917 1130 1020 1168; x_wconf 87' lang='lat' dir='ltr'><strong>circa</strong></span> <span class='ocrx_word' id='word_1_92' title='bbox 1040 1129 1166 1167; x_wconf 87' lang='lat' dir='ltr'><strong>solem</strong></span> <span class='ocrx_word' id='word_1_93' title='bbox 1195 1126 1443 1165; x_wconf 88' lang='lat' dir='ltr'><strong>immobilem</strong></span> <span class='ocrx_word' id='word_1_94' title='bbox 1475 1131 1556 1163; x_wconf 89' lang='lat' dir='ltr'><strong>sta-</strong></span> 
     </span>
     <span class='ocr_line' id='line_1_13' title="bbox 117 1189 1556 1253; baseline -0.007 -12"><span class='ocrx_word' id='word_1_95' title='bbox 117 1203 258 1240; x_wconf 84' lang='lat' dir='ltr'><strong>tuisse:</strong></span> <span class='ocrx_word' id='word_1_96' title='bbox 279 1197 519 1241; x_wconf 74' lang='grc' dir='ltr'><em>ῧποτίθεται</em></span> <span class='ocrx_word' id='word_1_97' title='bbox 537 1196 614 1253; x_wconf 81' lang='grc' dir='ltr'><strong>γὰρ</strong></span> <span class='ocrx_word' id='word_1_98' title='bbox 636 1196 688 1239; x_wconf 78' lang='grc' dir='ltr'><em>τὰ</em></span> <span class='ocrx_word' id='word_1_99' title='bbox 710 1196 786 1250; x_wconf 75' lang='grc' dir='ltr'><strong>μὲν</strong></span> <span class='ocrx_word' id='word_1_100' title='bbox 805 1195 964 1249; x_wconf 81' lang='grc' dir='ltr'><em>ἀπλανῆ</em></span> <span class='ocrx_word' id='word_1_101' title='bbox 980 1197 1063 1236; x_wconf 84' lang='grc' dir='ltr'><em>τῶν</em></span> <span class='ocrx_word' id='word_1_102' title='bbox 1085 1192 1247 1249; x_wconf 75' lang='grc' dir='ltr'><em>ἄστρων</em></span> <span class='ocrx_word' id='word_1_103' title='bbox 1267 1192 1334 1233; x_wconf 82' lang='grc' dir='ltr'><strong>καὶ</strong></span> <span class='ocrx_word' id='word_1_104' title='bbox 1351 1190 1422 1232; x_wconf 82' lang='grc' dir='ltr'><em>τὸν</em></span> <span class='ocrx_word' id='word_1_105' title='bbox 1441 1189 1556 1232; x_wconf 81' lang='grc' dir='ltr'><em>ἅλιον</em></span> 
     </span>
     <span class='ocr_line' id='line_1_14' title="bbox 116 1257 1556 1321; baseline -0.007 -12"><span class='ocrx_word' id='word_1_106' title='bbox 116 1267 247 1321; x_wconf 81' lang='grc' dir='ltr'><em>με’νειν</em></span> <span class='ocrx_word' id='word_1_107' title='bbox 267 1266 475 1321; x_wconf 59' lang='grc' dir='ltr'><em>ἀκίνητον</em></span> <span class='ocrx_word' id='word_1_108' title='bbox 504 1266 579 1307; x_wconf 84' lang='grc' dir='ltr'><em>τὰν</em></span> <span class='ocrx_word' id='word_1_109' title='bbox 600 1264 645 1306; x_wconf 76' lang='grc' dir='ltr'><strong>δὲ</strong></span> <span class='ocrx_word' id='word_1_110' title='bbox 661 1268 736 1320; x_wconf 78' lang='grc' dir='ltr'><strong>γᾶν</strong></span> <span class='ocrx_word' id='word_1_111' title='bbox 764 1263 1057 1320; x_wconf 74' lang='grc' dir='ltr'><em>περιφέρεσθαι</em></span> <span class='ocrx_word' id='word_1_112' title='bbox 1086 1262 1176 1317; x_wconf 82' lang='grc' dir='ltr'><em>περὶ</em></span> <span class='ocrx_word' id='word_1_113' title='bbox 1208 1260 1280 1303; x_wconf 85' lang='grc' dir='ltr'><em>τὸν</em></span> <span class='ocrx_word' id='word_1_114' title='bbox 1309 1257 1424 1301; x_wconf 79' lang='grc' dir='ltr'><em>ἅλιον</em></span> <span class='ocrx_word' id='word_1_115' title='bbox 1452 1257 1556 1300; x_wconf 79' lang='grc' dir='ltr'><em>κατὰ</em></span> 
     </span>
     <span class='ocr_line' id='line_1_15' title="bbox 117 1326 1558 1391; baseline -0.006 -15"><span class='ocrx_word' id='word_1_116' title='bbox 117 1333 266 1376; x_wconf 77' lang='grc' dir='ltr'><em>κύκλου</em></span> <span class='ocrx_word' id='word_1_117' title='bbox 286 1334 553 1391; x_wconf 78' lang='grc' dir='ltr'><em>περιφέρειαν,</em></span> <span class='ocrx_word' id='word_1_118' title='bbox 584 1331 630 1382; x_wconf 85' lang='grc' dir='ltr'><strong>ὅς</strong></span> <span class='ocrx_word' id='word_1_119' title='bbox 650 1333 758 1374; x_wconf 76' lang='grc' dir='ltr'><em>ἐστιν</em></span> <span class='ocrx_word' id='word_1_120' title='bbox 786 1333 829 1374; x_wconf 74' lang='grc' dir='ltr'><strong>ἓν</strong></span> <span class='ocrx_word' id='word_1_121' title='bbox 856 1332 968 1389; x_wconf 77' lang='grc' dir='ltr'><em>μέσῳ</em></span> <span class='ocrx_word' id='word_1_122' title='bbox 997 1335 1055 1389; x_wconf 75' lang='grc' dir='ltr'><em>τῷ</em></span> <span class='ocrx_word' id='word_1_123' title='bbox 1084 1329 1226 1387; x_wconf 76' lang='grc' dir='ltr'><em>δρόμῳ</em></span> <span class='ocrx_word' id='word_1_124' title='bbox 1247 1329 1448 1382; x_wconf 77' lang='grc' dir='ltr'><strong><em>κείμενος·</em></strong></span> <span class='ocrx_word' id='word_1_125' title='bbox 1481 1326 1558 1368; x_wconf 83' lang='grc' dir='ltr'><em>τὰν</em></span> 
     </span>
     <span class='ocr_line' id='line_1_16' title="bbox 119 1393 1558 1458; baseline -0.006 -14"><span class='ocrx_word' id='word_1_126' title='bbox 119 1402 164 1443; x_wconf 76' lang='grc' dir='ltr'><strong>δὲ</strong></span> <span class='ocrx_word' id='word_1_127' title='bbox 193 1405 274 1444; x_wconf 81' lang='grc' dir='ltr'><em>τῶν</em></span> <span class='ocrx_word' id='word_1_128' title='bbox 307 1401 498 1444; x_wconf 83' lang='grc' dir='ltr'><em>ἀπλανῶν</em></span> <span class='ocrx_word' id='word_1_129' title='bbox 528 1407 721 1458; x_wconf 76' lang='grc' dir='ltr'><em>σφαῖραν,</em></span> <span class='ocrx_word' id='word_1_130' title='bbox 753 1402 843 1456; x_wconf 83' lang='grc' dir='ltr'><em>περὶ</em></span> <span class='ocrx_word' id='word_1_131' title='bbox 862 1400 908 1442; x_wconf 87' lang='grc' dir='ltr'><em>τὸ</em></span> <span class='ocrx_word' id='word_1_132' title='bbox 932 1399 1032 1441; x_wconf 82' lang='grc' dir='ltr'><em>αὐτὸ</em></span> <span class='ocrx_word' id='word_1_133' title='bbox 1065 1398 1228 1455; x_wconf 78' lang='grc' dir='ltr'><em>κέντρον</em></span> <span class='ocrx_word' id='word_1_134' title='bbox 1256 1400 1316 1439; x_wconf 84' lang='grc' dir='ltr'><em>τῶ</em></span> <span class='ocrx_word' id='word_1_135' title='bbox 1346 1393 1448 1437; x_wconf 82' lang='grc' dir='ltr'><em>ἇλίω</em></span> <span class='ocrx_word' id='word_1_136' title='bbox 1476 1411 1558 1436; x_wconf 87' lang='grc' dir='ltr'><em>κει-</em></span> 
     </span>
     <span class='ocr_line' id='line_1_17' title="bbox 117 1460 1553 1527; baseline -0.007 -15"><span class='ocrx_word' id='word_1_137' title='bbox 117 1469 264 1523; x_wconf 76' lang='grc' dir='ltr'><em>μέναν,</em></span> <span class='ocrx_word' id='word_1_138' title='bbox 295 1474 354 1527; x_wconf 82' lang='grc' dir='ltr'><em>τῷ</em></span> <span class='ocrx_word' id='word_1_139' title='bbox 376 1470 538 1526; x_wconf 69' lang='grc' dir='ltr'><em>μεγέθει</em></span> <span class='ocrx_word' id='word_1_140' title='bbox 565 1468 812 1511; x_wconf 82' lang='grc' dir='ltr'><em>ταλικαῦταν</em></span> <span class='ocrx_word' id='word_1_141' title='bbox 842 1466 971 1520; x_wconf 72' lang='grc' dir='ltr'><em>εἶμεν,</em></span> <span class='ocrx_word' id='word_1_142' title='bbox 1013 1466 1116 1509; x_wconf 80' lang='grc' dir='ltr'><em>ὥστε</em></span> <span class='ocrx_word' id='word_1_143' title='bbox 1144 1464 1216 1508; x_wconf 89' lang='grc' dir='ltr'><em>τὸν</em></span> <span class='ocrx_word' id='word_1_144' title='bbox 1243 1463 1412 1515; x_wconf 75' lang='grc' dir='ltr'><em>κύκλον,</em></span> <span class='ocrx_word' id='word_1_145' title='bbox 1450 1460 1553 1503; x_wconf 71' lang='grc' dir='ltr'><em>καθ’</em></span> 
     </span>
     <span class='ocr_line' id='line_1_18' title="bbox 120 1530 1560 1593; baseline -0.006 -12"><span class='ocrx_word' id='word_1_146' title='bbox 120 1536 167 1579; x_wconf 77' lang='grc' dir='ltr'><strong>ὃν</strong></span> <span class='ocrx_word' id='word_1_147' title='bbox 193 1537 268 1579; x_wconf 82' lang='grc' dir='ltr'><em>τὰν</em></span> <span class='ocrx_word' id='word_1_148' title='bbox 296 1541 371 1592; x_wconf 78' lang='grc' dir='ltr'><strong>γᾶν</strong></span> <span class='ocrx_word' id='word_1_149' title='bbox 399 1536 639 1580; x_wconf 75' lang='grc' dir='ltr'><em>ὕποτίθεται</em></span> <span class='ocrx_word' id='word_1_150' title='bbox 658 1537 966 1593; x_wconf 72' lang='grc' dir='ltr'><em>περιφέρεσθαι,</em></span> <span class='ocrx_word' id='word_1_151' title='bbox 997 1533 1191 1576; x_wconf 79' lang='grc' dir='ltr'><em>τοιαύταν</em></span> <span class='ocrx_word' id='word_1_152' title='bbox 1211 1533 1312 1586; x_wconf 69' lang='grc' dir='ltr'><em>ἔχειν</em></span> <span class='ocrx_word' id='word_1_153' title='bbox 1341 1530 1560 1585; x_wconf 77' lang='grc' dir='ltr'><em>ἀναλογίαν</em></span> 
     </span>
     <span class='ocr_line' id='line_1_19' title="bbox 120 1597 1560 1655; baseline -0.003 -10"><span class='ocrx_word' id='word_1_154' title='bbox 120 1606 214 1646; x_wconf 82' lang='grc' dir='ltr'><em>ποτὶ</em></span> <span class='ocrx_word' id='word_1_155' title='bbox 239 1604 315 1646; x_wconf 84' lang='grc' dir='ltr'><em>τὰν</em></span> <span class='ocrx_word' id='word_1_156' title='bbox 344 1610 426 1647; x_wconf 86' lang='grc' dir='ltr'><em>τῶν</em></span> <span class='ocrx_word' id='word_1_157' title='bbox 456 1606 646 1647; x_wconf 81' lang='grc' dir='ltr'><em>ἀπλανῶν</em></span> <span class='ocrx_word' id='word_1_158' title='bbox 674 1603 950 1652; x_wconf 81' lang='grc' dir='ltr'><em>ἀποστασίαν,</em></span> <span class='ocrx_word' id='word_1_159' title='bbox 989 1602 1078 1642; x_wconf 76' lang='grc' dir='ltr'><em>οἵαν</em></span> <span class='ocrx_word' id='word_1_160' title='bbox 1107 1600 1183 1654; x_wconf 64' lang='grc' dir='ltr'><em>ἔχει</em></span> <span class='ocrx_word' id='word_1_161' title='bbox 1212 1600 1259 1642; x_wconf 84' lang='grc' dir='ltr'><em>τὸ</em></span> <span class='ocrx_word' id='word_1_162' title='bbox 1289 1598 1454 1655; x_wconf 78' lang='grc' dir='ltr'><em>κέντρον</em></span> <span class='ocrx_word' id='word_1_163' title='bbox 1485 1597 1560 1647; x_wconf 83' lang='grc' dir='ltr'><em>τὰς</em></span> 
     </span>
     <span class='ocr_line' id='line_1_20' title="bbox 123 1669 1561 1728; baseline -0.004 -15"><span class='ocrx_word' id='word_1_164' title='bbox 123 1673 302 1727; x_wconf 83' lang='grc' dir='ltr'><em>σφαίρας</em></span> <span class='ocrx_word' id='word_1_165' title='bbox 327 1674 420 1714; x_wconf 83' lang='grc' dir='ltr'><em>ποτὶ</em></span> <span class='ocrx_word' id='word_1_166' title='bbox 448 1672 523 1714; x_wconf 81' lang='grc' dir='ltr'><em>τὰν</em></span> <span class='ocrx_word' id='word_1_167' title='bbox 553 1671 801 1728; x_wconf 72' lang='grc' dir='ltr'><em>ἐπιφάνειαν.</em></span> <span class='ocrx_word' id='word_1_168' title='bbox 858 1671 1077 1710; x_wconf 89' lang='lat' dir='ltr'><strong>Rhetorico</strong></span> <span class='ocrx_word' id='word_1_169' title='bbox 1110 1677 1255 1710; x_wconf 85' lang='lat' dir='ltr'><strong>ornatu</strong></span> <span class='ocrx_word' id='word_1_170' title='bbox 1287 1669 1439 1709; x_wconf 85' lang='lat' dir='ltr'><strong>incedit</strong></span> <span class='ocrx_word' id='word_1_171' title='bbox 1466 1670 1561 1708; x_wconf 89' lang='lat' dir='ltr'><strong>Se-</strong></span> 
     </span>
     <span class='ocr_line' id='line_1_21' title="bbox 122 1737 1565 1794; baseline -0.004 -14"><span class='ocrx_word' id='word_1_172' title='bbox 122 1756 254 1790; x_wconf 83' lang='lat' dir='ltr'><strong>neca,</strong></span> <span class='ocrx_word' id='word_1_173' title='bbox 285 1756 375 1781; x_wconf 89' lang='lat' dir='ltr'><strong>cum</strong></span> <span class='ocrx_word' id='word_1_174' title='bbox 395 1756 574 1794; x_wconf 79' lang='lat' dir='ltr'><strong>prooem¹</strong></span> <span class='ocrx_word' id='word_1_175' title='bbox 596 1743 646 1780; x_wconf 89' lang='lat' dir='ltr'><strong>ad</strong></span> <span class='ocrx_word' id='word_1_176' title='bbox 667 1740 760 1780; x_wconf 81' lang='lat' dir='ltr'><strong>libr.</strong></span> <span class='ocrx_word' id='word_1_177' title='bbox 772 1741 805 1779; x_wconf 92' lang='grc' dir='ltr'><strong>Ι.</strong></span> <span class='ocrx_word' id='word_1_178' title='bbox 830 1740 993 1789; x_wconf 83' lang='lat' dir='ltr'><strong>Quaest.</strong></span> <span class='ocrx_word' id='word_1_179' title='bbox 1006 1744 1087 1777; x_wconf 86' lang='lat' dir='ltr'><strong>nat.</strong></span> <span class='ocrx_word' id='word_1_180' title='bbox 1109 1739 1236 1778; x_wconf 83' lang='lat' dir='ltr'><strong>dicat:</strong></span> <span class='ocrx_word' id='word_1_181' title='bbox 1267 1741 1359 1776; x_wconf 85' lang='lat' dir='ltr'><strong>Hoc</strong></span> <span class='ocrx_word' id='word_1_182' title='bbox 1377 1746 1433 1776; x_wconf 82' lang='lat' dir='ltr'><strong>est</strong></span> <span class='ocrx_word' id='word_1_183' title='bbox 1457 1737 1565 1776; x_wconf 81' lang='lat' dir='ltr'><strong>illud</strong></span> 
     </span>
     <span class='ocr_line' id='line_1_22' title="bbox 120 1805 1559 1868; baseline -0.003 -22"><span class='ocrx_word' id='word_1_184' title='bbox 120 1820 331 1858; x_wconf 74' lang='lat' dir='ltr'><strong>punctum,</strong></span> <span class='ocrx_word' id='word_1_185' title='bbox 352 1812 459 1861; x_wconf 78' lang='lat' dir='ltr'><strong>quod</strong></span> <span class='ocrx_word' id='word_1_186' title='bbox 471 1813 579 1848; x_wconf 85' lang='lat' dir='ltr'><strong>inter</strong></span> <span class='ocrx_word' id='word_1_187' title='bbox 598 1819 655 1868; x_wconf 58' lang='grc' dir='ltr'><strong>φτ</strong></span> <span class='ocrx_word' id='word_1_188' title='bbox 672 1816 810 1860; x_wconf 81' lang='lat' dir='ltr'><strong>gentes</strong></span> <span class='ocrx_word' id='word_1_189' title='bbox 824 1808 940 1858; x_wconf 85' lang='lat' dir='ltr'><strong>ferro</strong></span> <span class='ocrx_word' id='word_1_190' title='bbox 960 1815 997 1845; x_wconf 78' lang='lat' dir='ltr'><strong>et</strong></span> <span class='ocrx_word' id='word_1_191' title='bbox 1015 1809 1104 1857; x_wconf 80' lang='lat' dir='ltr'><strong>igni</strong></span> <span class='ocrx_word' id='word_1_192' title='bbox 1122 1807 1334 1845; x_wconf 77' lang='lat' dir='ltr'><strong>dividitur.</strong></span> <span class='ocrx_word' id='word_1_193' title='bbox 1380 1805 1417 1843; x_wconf 92' lang='lat' dir='ltr'><em>O</em></span> <span class='ocrx_word' id='word_1_194' title='bbox 1436 1819 1559 1857; x_wconf 83' lang='lat' dir='ltr'><strong>quam</strong></span> 
     </span>
     <span class='ocr_line' id='line_1_23' title="bbox 123 1874 1560 1926; baseline -0.003 -13"><span class='ocrx_word' id='word_1_195' title='bbox 123 1878 290 1915; x_wconf 74' lang='lat' dir='ltr'><strong>ridiculi</strong></span> <span class='ocrx_word' id='word_1_196' title='bbox 316 1886 410 1915; x_wconf 79' lang='lat' dir='ltr'><strong>sunt</strong></span> <span class='ocrx_word' id='word_1_197' title='bbox 437 1878 671 1916; x_wconf 79' lang='lat' dir='ltr'><strong>mortalium</strong></span> <span class='ocrx_word' id='word_1_198' title='bbox 699 1877 872 1914; x_wconf 77' lang='lat' dir='ltr'><strong>termini.</strong></span> <span class='ocrx_word' id='word_1_199' title='bbox 911 1880 953 1913; x_wconf 86' lang='lat' dir='ltr'><strong>et</strong></span> <span class='ocrx_word' id='word_1_200' title='bbox 981 1888 1020 1926; x_wconf 89' lang='lat' dir='ltr'><strong>q.</strong></span> <span class='ocrx_word' id='word_1_201' title='bbox 1046 1888 1078 1913; x_wconf 80' lang='lat' dir='ltr'><strong>s,</strong></span> <span class='ocrx_word' id='word_1_202' title='bbox 1108 1874 1316 1913; x_wconf 88' lang='lat' dir='ltr'><strong>Plinius</strong></span> <span class='ocrx_word' id='word_1_203' title='bbox 1345 1874 1455 1910; x_wconf 75' lang='lat' dir='ltr'><strong>Hist.</strong></span> <span class='ocrx_word' id='word_1_204' title='bbox 1474 1880 1560 1911; x_wconf 86' lang='lat' dir='ltr'><strong>nat.</strong></span> 
     </span>
     <span class='ocr_line' id='line_1_24' title="bbox 123 1934 1562 1996; baseline -0.004 -12"><span class='ocrx_word' id='word_1_205' title='bbox 123 1946 180 1994; x_wconf 91' lang='lat' dir='ltr'><strong>II,</strong></span> <span class='ocrx_word' id='word_1_206' title='bbox 199 1947 251 1983; x_wconf 83' lang='lat'><strong>68</strong></span> <span class='ocrx_word' id='word_1_207' title='bbox 280 1934 356 1983; x_wconf 63' lang='lat' dir='ltr'><strong>ait‘:</strong></span> <span class='ocrx_word' id='word_1_208' title='bbox 387 1947 485 1983; x_wconf 85' lang='lat' dir='ltr'><strong>Hae</strong></span> <span class='ocrx_word' id='word_1_209' title='bbox 505 1953 563 1983; x_wconf 80' lang='lat' dir='ltr'><strong>tot</strong></span> <span class='ocrx_word' id='word_1_210' title='bbox 576 1946 779 1996; x_wconf 74' lang='lat' dir='ltr'><strong>portiones</strong></span> <span class='ocrx_word' id='word_1_211' title='bbox 798 1951 946 1990; x_wconf 82' lang='lat' dir='ltr'><strong>terrae,</strong></span> <span class='ocrx_word' id='word_1_212' title='bbox 974 1945 1096 1980; x_wconf 89' lang='lat' dir='ltr'><strong>immo</strong></span> <span class='ocrx_word' id='word_1_213' title='bbox 1114 1956 1220 1989; x_wconf 76' lang='lat' dir='ltr'><strong>vero,</strong></span> <span class='ocrx_word' id='word_1_214' title='bbox 1251 1951 1294 1980; x_wconf 82' lang='lat' dir='ltr'><strong>ut</strong></span> <span class='ocrx_word' id='word_1_215' title='bbox 1309 1943 1449 1991; x_wconf 74' lang='lat' dir='ltr'><strong>plures</strong></span> <span class='ocrx_word' id='word_1_216' title='bbox 1470 1949 1562 1980; x_wconf 83' lang='lat' dir='ltr'><strong>tra-</strong></span> 
     </span>
     <span class='ocr_line' id='line_1_25' title="bbox 125 2004 1562 2063; baseline -0.003 -13"><span class='ocrx_word' id='word_1_217' title='bbox 125 2014 279 2058; x_wconf 66' lang='lat' dir='ltr'><strong>didere,</strong></span> <span class='ocrx_word' id='word_1_218' title='bbox 310 2014 450 2052; x_wconf 69' lang='lat' dir='ltr'><strong>mundi·</strong></span> <span class='ocrx_word' id='word_1_219' title='bbox 465 2020 664 2062; x_wconf 73' lang='lat' dir='ltr'><strong>punctus,</strong></span> <span class='ocrx_word' id='word_1_220' title='bbox 698 2025 820 2063; x_wconf 83' lang='lat' dir='ltr'><strong>neque</strong></span> <span class='ocrx_word' id='word_1_221' title='bbox 845 2014 950 2048; x_wconf 83' lang='lat' dir='ltr'><strong>enim</strong></span> <span class='ocrx_word' id='word_1_222' title='bbox 967 2004 1025 2049; x_wconf 68' lang='lat' dir='ltr'><strong>est</strong></span> <span class='ocrx_word' id='word_1_223' title='bbox 1046 2010 1167 2048; x_wconf 69' lang='lat' dir='ltr'><strong>aliud</strong></span> <span class='ocrx_word' id='word_1_224' title='bbox 1184 2017 1292 2047; x_wconf 85' lang='lat' dir='ltr'><strong>terra</strong></span> <span class='ocrx_word' id='word_1_225' title='bbox 1311 2012 1354 2048; x_wconf 82' lang='lat' dir='ltr'><strong>in</strong></span> <span class='ocrx_word' id='word_1_226' title='bbox 1376 2011 1562 2047; x_wconf 74' lang='lat' dir='ltr'><strong>universo</strong></span> 
     </span>
     <span class='ocr_line' id='line_1_26' title="bbox 128 2064 1562 2132; baseline -0.003 -12"><span class='ocrx_word' id='word_1_227' title='bbox 128 2107 314 2120; x_wconf 86' lang='lat'><strong>.....</strong></span> <span class='ocrx_word' id='word_1_228' title='bbox 343 2103 399 2110; x_wconf 89' lang='lat'><em>-</em></span> <span class='ocrx_word' id='word_1_229' title='bbox 432 2094 548 2119; x_wconf 85' lang='grc' dir='ltr'><em>συνε</em></span> <span class='ocrx_word' id='word_1_230' title='bbox 562 2082 787 2132; x_wconf 89' lang='grc' dir='ltr'><em>στηκυῖα</em></span> <span class='ocrx_word' id='word_1_231' title='bbox 815 2074 996 2132; x_wconf 80' lang='grc' dir='ltr'><em>φύσις,</em></span> <span class='ocrx_word' id='word_1_232' title='bbox 1032 2082 1251 2117; x_wconf 80' lang='lat' dir='ltr'><strong>concretior</strong></span> <span class='ocrx_word' id='word_1_233' title='bbox 1272 2064 1439 2124; x_wconf 71' lang='grc' dir='ltr'><em>ηαίιινα,</em></span> <span class='ocrx_word' id='word_1_234' title='bbox 1469 2091 1562 2116; x_wconf 91' lang='lat' dir='ltr'><strong>cum</strong></span> 
     </span>
     <span class='ocr_line' id='line_1_27' title="bbox 127 2145 1562 2198; baseline -0.002 -12"><span class='ocrx_word' id='word_1_235' title='bbox 127 2148 318 2186; x_wconf 85' lang='lat' dir='ltr'><strong>maiorem</strong></span> <span class='ocrx_word' id='word_1_236' title='bbox 335 2146 478 2186; x_wconf 83' lang='lat' dir='ltr'><strong>habeat</strong></span> <span class='ocrx_word' id='word_1_237' title='bbox 496 2148 729 2186; x_wconf 88' lang='lat' dir='ltr'><strong>densitatem</strong></span> <span class='ocrx_word' id='word_1_238' title='bbox 749 2159 861 2198; x_wconf 87' lang='lat' dir='ltr'><strong>aqua,</strong></span> <span class='ocrx_word' id='word_1_239' title='bbox 890 2160 1006 2198; x_wconf 90' lang='lat' dir='ltr'><strong>quam</strong></span> <span class='ocrx_word' id='word_1_240' title='bbox 1027 2145 1113 2185; x_wconf 76' lang='lat' dir='ltr'><strong>ae&#39;r.</strong></span> <span class='ocrx_word' id='word_1_241' title='bbox 1155 2148 1220 2185; x_wconf 90' lang='lat' dir='ltr'><strong>De</strong></span> <span class='ocrx_word' id='word_1_242' title='bbox 1241 2145 1434 2183; x_wconf 86' lang='lat' dir='ltr'><strong>densitate</strong></span> <span class='ocrx_word' id='word_1_243' title='bbox 1454 2146 1562 2183; x_wconf 86' lang='lat' dir='ltr'><strong>enim</strong></span> 
     </span>
     <span class='ocr_line' id='line_1_28' title="bbox 118 2211 1561 2266; baseline -0.001 -14"><span class='ocrx_word' id='word_1_244' title='bbox 118 2214 195 2252; x_wconf 64' lang='lat' dir='ltr'><strong>*hie</strong></span> <span class='ocrx_word' id='word_1_245' title='bbox 212 2215 296 2253; x_wconf 88' lang='lat' dir='ltr'><strong>illic</strong></span> <span class='ocrx_word' id='word_1_246' title='bbox 314 2212 593 2266; x_wconf 77' lang='grc' dir='ltr'><em>συνεστηκέναι</em></span> <span class='ocrx_word' id='word_1_247' title='bbox 607 2220 837 2266; x_wconf 80' lang='lat' dir='ltr'><strong>usurpatur,</strong></span> <span class='ocrx_word' id='word_1_248' title='bbox 862 2215 991 2252; x_wconf 87' lang='lat' dir='ltr'><strong>veluti</strong></span> <span class='ocrx_word' id='word_1_249' title='bbox 1011 2213 1117 2266; x_wconf 90' lang='lat' dir='ltr'><strong>apud</strong></span> <span class='ocrx_word' id='word_1_250' title='bbox 1138 2213 1246 2252; x_wconf 86' lang='lat' dir='ltr'><strong>The</strong></span> <span class='ocrx_word' id='word_1_251' title='bbox 1259 2226 1282 2250; x_wconf 96' lang='lat' dir='ltr'><strong>o</strong></span> <span class='ocrx_word' id='word_1_252' title='bbox 1294 2211 1418 2264; x_wconf 88' lang='lat' dir='ltr'><strong>phra</strong></span> <span class='ocrx_word' id='word_1_253' title='bbox 1430 2226 1447 2250; x_wconf 85' lang='lat' dir='ltr'><strong>s</strong></span> <span class='ocrx_word' id='word_1_254' title='bbox 1458 2218 1561 2251; x_wconf 89' lang='lat' dir='ltr'><strong>tum</strong></span> 
     </span>
     <span class='ocr_line' id='line_1_29' title="bbox 131 2279 1562 2334; baseline -0.001 -13"><span class='ocrx_word' id='word_1_255' title='bbox 131 2281 292 2321; x_wconf 78' lang='lat' dir='ltr'><strong>Hister.</strong></span> <span class='ocrx_word' id='word_1_256' title='bbox 318 2283 498 2331; x_wconf 80' lang='lat' dir='ltr'><strong>plantar.</strong></span> <span class='ocrx_word' id='word_1_257' title='bbox 529 2283 618 2330; x_wconf 88' lang='lat' dir='ltr'><strong>IX,</strong></span> <span class='ocrx_word' id='word_1_258' title='bbox 646 2285 689 2328; x_wconf 85' lang='lat'><strong>2,</strong></span> <span class='ocrx_word' id='word_1_259' title='bbox 719 2285 758 2320; x_wconf 85' lang='lat'><strong>2.</strong></span> <span class='ocrx_word' id='word_1_260' title='bbox 786 2295 829 2334; x_wconf 88' lang='lat' dir='ltr'><strong>p.</strong></span> <span class='ocrx_word' id='word_1_261' title='bbox 851 2281 934 2320; x_wconf 82' lang='lat'><strong>284</strong></span> <span class='ocrx_word' id='word_1_262' title='bbox 965 2280 1030 2320; x_wconf 86' lang='lat' dir='ltr'><strong>ed.</strong></span> <span class='ocrx_word' id='word_1_263' title='bbox 1060 2279 1378 2329; x_wconf 87' lang='lat' dir='ltr'><strong>Schneider,</strong></span> <span class='ocrx_word' id='word_1_264' title='bbox 1417 2280 1486 2318; x_wconf 90' lang='lat' dir='ltr'><strong>ubi</strong></span> <span class='ocrx_word' id='word_1_265' title='bbox 1512 2279 1562 2319; x_wconf 90' lang='lat' dir='ltr'><strong>de</strong></span> 
     </span>
     <span class='ocr_line' id='line_1_30' title="bbox 127 2337 1564 2401; baseline -0.001 -13"><span class='ocrx_word' id='word_1_266' title='bbox 127 2349 262 2388; x_wconf 86' lang='lat' dir='ltr'><strong>resina</strong></span> <span class='ocrx_word' id='word_1_267' title='bbox 294 2348 461 2386; x_wconf 89' lang='lat' dir='ltr'><strong>dicitur:</strong></span> <span class='ocrx_word' id='word_1_268' title='bbox 506 2346 694 2399; x_wconf 84' lang='grc' dir='ltr'><em>βελτίστη</em></span> <span class='ocrx_word' id='word_1_269' title='bbox 723 2342 749 2398; x_wconf 76' lang='grc' dir='ltr'>ἦ</span> <span class='ocrx_word' id='word_1_270' title='bbox 777 2337 1038 2401; x_wconf 74' lang='grc' dir='ltr'><em>τερμινθίνη·</em></span> <span class='ocrx_word' id='word_1_271' title='bbox 1085 2346 1151 2386; x_wconf 85' lang='grc' dir='ltr'><strong>καὶ</strong></span> <span class='ocrx_word' id='word_1_272' title='bbox 1189 2344 1266 2400; x_wconf 81' lang='grc' dir='ltr'><strong>γὰρ</strong></span> <span class='ocrx_word' id='word_1_273' title='bbox 1297 2351 1564 2398; x_wconf 79' lang='grc' dir='ltr'><em>συνεστηκυῖα</em></span> 
     </span>
     <span class='ocr_line' id='line_1_31' title="bbox 131 2410 1563 2469; baseline -0.001 -14"><span class='ocrx_word' id='word_1_274' title='bbox 131 2415 197 2455; x_wconf 85' lang='grc' dir='ltr'><strong>καὶ</strong></span> <span class='ocrx_word' id='word_1_275' title='bbox 239 2411 491 2467; x_wconf 77' lang='grc' dir='ltr'><em>εὖωὸεστάτη</em></span> <span class='ocrx_word' id='word_1_276' title='bbox 530 2413 597 2454; x_wconf 84' lang='grc' dir='ltr'><strong>καὶ</strong></span> <span class='ocrx_word' id='word_1_277' title='bbox 626 2412 859 2468; x_wconf 75' lang='grc' dir='ltr'><em>κουφοτάτῃ</em></span> <span class='ocrx_word' id='word_1_278' title='bbox 888 2416 939 2469; x_wconf 83' lang='grc' dir='ltr'><em>τῇ</em></span> <span class='ocrx_word' id='word_1_279' title='bbox 967 2411 1096 2469; x_wconf 78' lang='grc' dir='ltr'><em>ὀσμῇ,</em></span> <span class='ocrx_word' id='word_1_280' title='bbox 1141 2410 1233 2453; x_wconf 81' lang='grc' dir='ltr'><em>ἀλλ’</em></span> <span class='ocrx_word' id='word_1_281' title='bbox 1268 2410 1396 2466; x_wconf 81' lang='grc' dir='ltr'><em>ὀλίγη.</em></span> <span class='ocrx_word' id='word_1_282' title='bbox 1462 2414 1563 2454; x_wconf 87' lang='lat' dir='ltr'><strong>Inde</strong></span> 
     </span>
     <span class='ocr_line' id='line_1_32' title="bbox 131 2478 1563 2536; baseline -0.001 -14"><span class='ocrx_word' id='word_1_283' title='bbox 131 2483 383 2536; x_wconf 84' lang='lat' dir='ltr'><strong>Polybius</strong></span> <span class='ocrx_word' id='word_1_284' title='bbox 414 2485 428 2531; x_wconf 82' lang='lat'>(</span> <span class='ocrx_word' id='word_1_285' title='bbox 445 2483 519 2531; x_wconf 86' lang='grc' dir='ltr'>ΙΙΙ,</span> <span class='ocrx_word' id='word_1_286' title='bbox 547 2485 619 2531; x_wconf 88' lang='grc'><strong>55,</strong></span> <span class='ocrx_word' id='word_1_287' title='bbox 646 2478 700 2533; x_wconf 89' lang='grc'><strong>4)</strong></span> <span class='ocrx_word' id='word_1_288' title='bbox 730 2482 868 2521; x_wconf 87' lang='lat' dir='ltr'><strong>nivem</strong></span> <span class='ocrx_word' id='word_1_289' title='bbox 897 2489 1016 2522; x_wconf 81' lang='lat' dir='ltr'><strong>vocat</strong></span> <span class='ocrx_word' id='word_1_290' title='bbox 1045 2484 1357 2533; x_wconf 84' lang='grc' dir='ltr'><em>συνεστηκυῖαν,</em></span> <span class='ocrx_word' id='word_1_291' title='bbox 1389 2495 1490 2534; x_wconf 87' lang='lat' dir='ltr'><strong>quae</strong></span> <span class='ocrx_word' id='word_1_292' title='bbox 1511 2496 1563 2521; x_wconf 82' lang='lat' dir='ltr'><strong>ex</strong></span> 
     </span>
     <span class='ocr_line' id='line_1_33' title="bbox 129 2544 1563 2602; baseline -0.002 -12"><span class='ocrx_word' id='word_1_293' title='bbox 129 2551 283 2602; x_wconf 86' lang='lat' dir='ltr'><strong>liquido</strong></span> <span class='ocrx_word' id='word_1_294' title='bbox 303 2552 345 2589; x_wconf 90' lang='lat' dir='ltr'><strong>in</strong></span> <span class='ocrx_word' id='word_1_295' title='bbox 368 2550 542 2602; x_wconf 86' lang='lat' dir='ltr'><strong>rigidum</strong></span> <span class='ocrx_word' id='word_1_296' title='bbox 569 2554 714 2587; x_wconf 85' lang='lat' dir='ltr'><strong>statum</strong></span> <span class='ocrx_word' id='word_1_297' title='bbox 742 2563 935 2588; x_wconf 83' lang='lat' dir='ltr'><strong>conversa</strong></span> <span class='ocrx_word' id='word_1_298' title='bbox 964 2556 1004 2587; x_wconf 83' lang='lat' dir='ltr'><strong>et</strong></span> <span class='ocrx_word' id='word_1_299' title='bbox 1034 2555 1218 2588; x_wconf 87' lang='lat' dir='ltr'><strong>concreta</strong></span> <span class='ocrx_word' id='word_1_300' title='bbox 1248 2549 1310 2587; x_wconf 86' lang='lat' dir='ltr'><strong>sit.</strong></span> <span class='ocrx_word' id='word_1_301' title='bbox 1360 2544 1563 2602; x_wconf 75' lang='grc' dir='ltr'><em>ἀφωρι-</em></span> 
     </span>
     <span class='ocr_line' id='line_1_34' title="bbox 133 2614 1564 2672; baseline -0.001 -15"><span class='ocrx_word' id='word_1_302' title='bbox 133 2629 196 2669; x_wconf 87' lang='grc' dir='ltr'><strong>σμ</strong></span> <span class='ocrx_word' id='word_1_303' title='bbox 210 2616 230 2657; x_wconf 85' lang='grc' dir='ltr'><strong>ε’</strong></span> <span class='ocrx_word' id='word_1_304' title='bbox 236 2633 290 2670; x_wconf 87' lang='grc' dir='ltr'><strong>νη</strong></span> <span class='ocrx_word' id='word_1_305' title='bbox 321 2614 388 2672; x_wconf 79' lang='grc' dir='ltr'><strong>φῦ</strong></span> <span class='ocrx_word' id='word_1_306' title='bbox 400 2630 447 2657; x_wconf 92' lang='grc' dir='ltr'><strong>σι</strong></span> <span class='ocrx_word' id='word_1_307' title='bbox 460 2631 480 2664; x_wconf 90' lang='grc' dir='ltr'><strong><em>ς</em></strong></span> <span class='ocrx_word' id='word_1_308' title='bbox 506 2623 638 2656; x_wconf 90' lang='lat' dir='ltr'><strong>autem</strong></span> <span class='ocrx_word' id='word_1_309' title='bbox 659 2616 847 2655; x_wconf 90' lang='lat' dir='ltr'><strong>tribuitur</strong></span> <span class='ocrx_word' id='word_1_310' title='bbox 865 2629 988 2668; x_wconf 87' lang='lat' dir='ltr'><strong>aquae</strong></span> <span class='ocrx_word' id='word_1_311' title='bbox 1007 2616 1145 2655; x_wconf 86' lang='lat' dir='ltr'><strong>eadem</strong></span> <span class='ocrx_word' id='word_1_312' title='bbox 1162 2615 1458 2667; x_wconf 82' lang='lat' dir='ltr'><strong>significatione,</strong></span> <span class='ocrx_word' id='word_1_313' title='bbox 1487 2630 1564 2668; x_wconf 87' lang='lat' dir='ltr'><strong>qua</strong></span> 
     </span>
     <span class='ocr_line' id='line_1_35' title="bbox 133 2683 1563 2735; baseline 0 -12"><span class='ocrx_word' id='word_1_314' title='bbox 133 2699 240 2724; x_wconf 87' lang='lat' dir='ltr'><strong>nunc</strong></span> <span class='ocrx_word' id='word_1_315' title='bbox 257 2686 389 2724; x_wconf 87' lang='lat' dir='ltr'><strong>dicere</strong></span> <span class='ocrx_word' id='word_1_316' title='bbox 407 2687 600 2731; x_wconf 85' lang='lat' dir='ltr'><strong>solemus,</strong></span> <span class='ocrx_word' id='word_1_317' title='bbox 631 2697 770 2735; x_wconf 87' lang='lat' dir='ltr'><strong>aquam</strong></span> <span class='ocrx_word' id='word_1_318' title='bbox 791 2684 837 2722; x_wconf 86' lang='lat' dir='ltr'><strong>vi</strong></span> <span class='ocrx_word' id='word_1_319' title='bbox 859 2683 1075 2735; x_wconf 81' lang='lat' dir='ltr'><strong>expansiva</strong></span> <span class='ocrx_word' id='word_1_320' title='bbox 1097 2683 1270 2735; x_wconf 81' lang='lat' dir='ltr'><strong>gaudere</strong></span> <span class='ocrx_word' id='word_1_321' title='bbox 1289 2685 1410 2733; x_wconf 93' lang='lat' dir='ltr'><strong>nulla,</strong></span> <span class='ocrx_word' id='word_1_322' title='bbox 1436 2684 1493 2722; x_wconf 86' lang='lat' dir='ltr'><strong>ita</strong></span> <span class='ocrx_word' id='word_1_323' title='bbox 1517 2690 1563 2723; x_wconf 87' lang='lat' dir='ltr'><strong>ut</strong></span> 
     </span>
     <span class='ocr_line' id='line_1_36' title="bbox 136 2751 1563 2804; baseline 0 -14"><span class='ocrx_word' id='word_1_324' title='bbox 136 2766 412 2804; x_wconf 87' lang='lat' dir='ltr'><strong>quemcunque</strong></span> <span class='ocrx_word' id='word_1_325' title='bbox 427 2754 471 2792; x_wconf 86' lang='lat' dir='ltr'><strong>in</strong></span> <span class='ocrx_word' id='word_1_326' title='bbox 490 2752 622 2792; x_wconf 88' lang='lat' dir='ltr'><strong>locum</strong></span> <span class='ocrx_word' id='word_1_327' title='bbox 641 2752 820 2804; x_wconf 86' lang='lat' dir='ltr'><strong>deposita</strong></span> <span class='ocrx_word' id='word_1_328' title='bbox 838 2751 910 2800; x_wconf 84' lang='lat' dir='ltr'><strong>sit,</strong></span> <span class='ocrx_word' id='word_1_329' title='bbox 942 2765 1029 2790; x_wconf 90' lang='lat' dir='ltr'><strong>eum</strong></span> <span class='ocrx_word' id='word_1_330' title='bbox 1049 2752 1246 2800; x_wconf 87' lang='lat' dir='ltr'><strong>obtineat,</strong></span> <span class='ocrx_word' id='word_1_331' title='bbox 1279 2765 1410 2803; x_wconf 88' lang='lat' dir='ltr'><strong>neque</strong></span> <span class='ocrx_word' id='word_1_332' title='bbox 1437 2752 1563 2790; x_wconf 86' lang='lat' dir='ltr'><strong>maio-</strong></span> 
     </span>
     <span class='ocr_line' id='line_1_37' title="bbox 135 2813 1563 2872; baseline 0.001 -15"><span class='ocrx_word' id='word_1_333' title='bbox 135 2833 222 2858; x_wconf 89' lang='lat' dir='ltr'><strong>rem</strong></span> <span class='ocrx_word' id='word_1_334' title='bbox 243 2832 439 2872; x_wconf 84' lang='lat' dir='ltr'><strong>occupare</strong></span> <span class='ocrx_word' id='word_1_335' title='bbox 458 2826 635 2870; x_wconf 87' lang='lat' dir='ltr'><strong>conetur,</strong></span> <span class='ocrx_word' id='word_1_336' title='bbox 657 2818 992 2871; x_wconf 86' lang='lat' dir='ltr'><strong>quemadmodum</strong></span> <span class='ocrx_word' id='word_1_337' title='bbox 1016 2820 1101 2860; x_wconf 81' lang='lat' dir='ltr'><strong>ae&#39;r.</strong></span> <span class='ocrx_word' id='word_1_338' title='bbox 1131 2841 1186 2848; x_wconf 94' lang='lat'><strong>—</strong></span> <span class='ocrx_word' id='word_1_339' title='bbox 1216 2815 1331 2858; x_wconf 75' lang='grc' dir='ltr'><strong>οὐθ’</strong></span> <span class='ocrx_word' id='word_1_340' title='bbox 1363 2813 1563 2872; x_wconf 78' lang='grc' dir='ltr'><em>δρῶμεν</em></span> 
     </span>
    </p>
   </div>
  </div>
 </body>
</html>
