1774 3198
0 3090 18 3198 buna-t*
12 3062 16 3071 e

780 238 799 254 Χ

438 359 659 401 LIBRUM
687 357 926 398 PRIMUM.
985 355 1099 396 GAP.
1115 355 1232 396 XIII.
1314 374 1316 379 ·
1451 342 1546 387 475

112 496 164 503 —
195 498 245 505 —-
276 471 361 527 ἄγει
382 471 427 513 δὲ
449 474 613 525 πλῆθος
639 467 813 521 ὕδατος,
845 466 1010 517 οὐδενὸς
1037 465 1205 509 ἔλαττον
1232 466 1315 506 τῶν
1343 460 1447 506 κατὰ
1476 461 1551 517 τὴν

105 540 282 583 Ἰταλίαν
311 542 506 593 ποταμῶν
536 537 604 579 διὰ
630 536 677 579 τὸ
706 536 782 585 τὰς
810 535 946 594 ῥύσεις
981 535 1056 585 τὰς
1090 535 1155 576 ἐπὶ
1182 532 1235 576 τὰ
1263 532 1384 574 πεδία
1410 529 1552 574 νευού-

111 625 208 661 σας,
241 607 320 650 ἀπό
344 624 386 650 τε
414 610 495 649 τῶν
514 605 790 648 ’niuem-nai
816 609 898 647 τῶν
922 604 1160 646 Ἀπεννίνων
1185 600 1292 658 ὀρῶν
1321 601 1378 649 εἰς
1405 603 1552 642 τοῦτον

111 676 320 729 ἐμπίπτειν
350 673 513 723 ἁπάσας
540 674 607 715 καὶ
634 672 910 727 πανταχόθεν.
955 674 1130 730 μεγίστῳ
1162 671 1206 713 δὲ
1244 670 1311 712 καὶ
1349 667 1552 724 καλλίστῳ

113 743 281 799 ῥεύματι
319 743 483 800 φέρεται
522 766 570 773 -—
611 767 669 774 —-
697 742 931 784 ἀναπλεῖται
962 742 1007 783 δὲ
1035 741 1079 782 ἐκ
1107 743 1179 794 τῆς
1206 737 1429 791 θαλάττης.
1450 734 1555 777 κατὰ

111 810 159 854 τὸ
191 810 324 865 στόμα
352 811 399 853 τὸ
430 808 678 863 καλούμενον
705 809 883 863 ”Ολανα,
933 809 1077 864 σχεδὸν
1106 809 1170 849 ἐπὶ
1200 806 1420 860 δισχιλίους
1456 818 1555 846 στα-

113 879 239 927 δίους.
296 883 484 920 Fortasse
515 881 636 932 igitur
663 881 902 920 Aristoteles
933 880 1112 933 scripsit:
1152 877 1219 918 καὶ
1247 875 1338 930 περὶ
1366 872 1441 928 τὴν
1468 873 1557 915 Λι-

111 946 303 1001 γυστικὴν
334 946 408 988 οὗκ
436 945 615 987 ἐλάττων
650 950 724 987 τοῦ
757 945 988 1002 Ἠριδανοῦ
1024 945 1283 987 καταπίνεται
1320 938 1558 989 ὃῬοδανὸς

111 1013 317 1068 ποταμός,
347 1016 414 1056 καὶ
439 1013 560 1056 πάλιν
590 1013 812 1056 ἀναδίδωσι
852 1013 945 1056 κατ’
980 1012 1104 1055 ἄλλον
1132 1010 1273 1054 τόπον.
1314 1007 1335 1051 ὃ
1364 1009 1404 1051 δ’
1424 1008 1558 1065 ,Ἠρι-

114 1082 239 1131 δανὸς
266 1082 453 1136 ποταμὸς
480 1081 774 1137 ναυσιπέρατός
799 1082 920 1124 ἔστιν.
978 1084 1210 1123 Posteriora
1234 1081 1359 1120 verba
1389 1087 1486 1119 tunc
1507 1092 1556 1117 eo

113 1152 270 1192 addidit
289 1154 468 1200 consilio,
500 1159 544 1192 ut
565 1158 733 1204 quantus
752 1153 803 1191 sit
818 1152 1042 1190 Rhodanus
1063 1153 1251 1190 eluceret.
1290 1149 1558 1200 Nequaquam

112 1221 236 1273 igitur
262 1234 364 1273 opus
381 1227 441 1260 est
459 1220 726 1272 explicatione
753 1219 1114 1259 Vicomercati
1140 1217 1273 1264 valde,
1300 1216 1411 1269 quod
1430 1230 1558 1254 unus-

114 1289 282 1340 quisque
304 1289 468 1338 sentiet,
498 1288 758 1340 complicata,
788 1289 821 1326 si
839 1287 975 1327 levem
996 1288 1160 1326 omnino
1191 1286 1438 1325 admittimus
1466 1297 1560 1322 cor-

113 1356 355 1405 rectionem,
384 1370 464 1409 quo
485 1356 634 1395 ducere
652 1356 819 1395 videtur
840 1362 935 1394 nota
957 1355 1105 1394 codicis
1133 1354 1276 1407 optimi
1305 1355 1352 1392 E.
1413 1351 1560 1403 Qualia

113 1430 245 1462 autem
263 1422 389 1462 hodie
409 1425 600 1476 leguntur
619 1424 759 1474 verba,
788 1424 868 1462 iam
898 1422 1220 1476 Olympiodo
1233 1422 1277 1460 ri
1305 1426 1432 1459 aetate
1456 1420 1562 1458 lecta

114 1504 200 1530 esse
222 1492 388 1530 minime
408 1505 613 1544 negamus,
644 1506 737 1530 cum
757 1493 826 1530 ille
843 1492 1071 1544 scripserit:
1102 1489 1170 1530 καὶ
1199 1488 1290 1543 περὶ
1318 1485 1394 1540 τὴν
1422 1486 1560 1540 Λιγυ-

114 1556 255 1610 στικὴν
284 1556 358 1599 οὐκ
387 1557 566 1599 ἐλάττων
594 1561 669 1599 τοῦ
700 1554 898 1598 Ῥοδανοῦ
939 1557 1200 1598 καταπίνεται
1235 1552 1443 1608 ποταμός,
1485 1551 1561 1607 οὐχ

115 1622 177 1665 ὅτι
200 1622 418 1677 Ῥοδανός,
461 1624 554 1667 ἀλλ’
593 1623 657 1667 ὅτι
697 1624 820 1673 ἄλλος
852 1623 941 1673 ἴσος
979 1623 1090 1681 αὐτῷ
1120 1624 1394 1665 καταπίνεται.
1439 1614 1562 1671 οὗτος

117 1691 162 1732 δὲ
200 1688 222 1733 ὅ
251 1689 446 1741 Ῥοδανὸς
486 1691 617 1742 οὕτως
657 1693 741 1734 ἐστὶ
769 1692 981 1748 μέγιστος,
1020 1691 1123 1735 ὥστε
1152 1693 1219 1734 καὶ
1247 1695 1346 1740 ναῦς
1375 1690 1418 1732 ἓν
1448 1689 1561 1747 αὐτῷ

115 1762 241 1810 πλεῖν,
273 1757 372 1815 ὅπερ
403 1758 493 1818 ἔστί
515 1761 582 1802 καὶ
612 1760 677 1801 ἐπὶ
709 1765 782 1803 τοῦ
811 1763 975 1804 Νείλου.
1002 1787 1054 1794 -—
1084 1765 1301 1802 Praeterea
1318 1762 1430 1800 istius
1449 1760 1564 1799 modi

46 1843 50 1847 ·
115 1829 252 1869 fluviis
277 1830 495 1881 antiquitus
521 1831 829 1871 adnumeratum
860 1846 944 1871 esse
970 1833 1090 1871 etiam
1117 1832 1275 1883 Tigrim
1307 1831 1440 1869 obiter
1470 1843 1563 1868 mo-

115 1910 303 1947 neamus,
343 1897 394 1936 de
426 1911 506 1950 quo
543 1899 687 1938 Nero
725 1901 917 1940 Caesar
955 1901 1065 1953 apud
1094 1900 1228 1939 Schol-
1258 1900 1467 1939 Lucani
1490 1900 1560 1949 In,

115 1967 194 2005 261
211 1981 220 2004 ;

288 2034 451 2086 Quique
474 2042 747 2085 pererratam
776 2035 1001 2075 subductus
1034 2035 1212 2076 Persida
1248 2037 1393 2088 Tigris

284 2102 472 2153 Deserit,
503 2111 542 2140 et
570 2104 699 2155 longo·
725 2111 940 2142 terrarum
968 2114 1131 2143 tractus
1159 2104 1287 2142 hiatu

286 2169 447 2207 Reddit
477 2172 697 2221 quaesitas
726 2174 814 2209 iam
842 2186 926 2210 non
955 2171 1256 2224 quaerentibus
1284 2170 1431 2233 undas3

120 2246 195 2285 cfr.
224 2246 402 2284 Senec.
436 2249 606 2298 Quaest.
629 2257 719 2287 nat.
754 2252 827 2294 III,
846 2254 916 2295 26,
939 2251 979 2288 4.
1010 2251 1138 2288 Plin·
1163 2248 1282 2288 Hist.
1305 2255 1391 2286 nat.
1414 2248 1487 2297 IV,
1507 2252 1563 2288 27

119 2320 160 2352 et
181 2326 281 2365 quae
303 2321 551 2353 monuerunt
575 2316 867 2356 D’Anville
888 2317 1207 2368 I'Eaphrateqet
1228 2317 1264 2354 le
1290 2318 1417 2368 Tigre
1435 2315 1565 2368 (Paris

121 2382 244 2419 1781.
267 2378 325 2432 8.)
356 2394 397 2432 p.
416 2384 610 2422 73—109
641 2390 681 2422 et
707 2383 1015 2436 Bernhardy
1042 2383 1093 2422 ad
1119 2384 1335 2435 Dionys.
1366 2385 1563 2437 Perieg.

118 2462 160 2487 v.
184 2451 280 2488 988.
310 2462 353 2501 p.
376 2447 474 2488 794.

700 2550 768 2589 CA
782 2565 819 2590 1².
862 2553 982 2592 XIV.

231 2643 297 2680 De
321 2642 505 2680 locorum
529 2640 813 2679 mutationibus
833 2655 972 2694 agens,
1002 2644 1135 2682 omnia
1155 2651 1264 2684 certa
1286 2646 1376 2685 vice
1398 2660 1565 2698 permu-

122 2708 219 2757 tari,
246 2709 351 2747 bona
371 2710 413 2748 in
432 2709 653 2756 deteriora,
688 2709 791 2747 mala
810 2711 854 2748 in
874 2712 1041 2750 meliora
1059 2714 1243 2751 converti
1262 2714 1476 2753 arbitratus
1494 2720 1565 2755 est.

120 2777 193 2814 Est
217 2782 350 2815 autem
369 2776 447 2815 hoc
469 2783 587 2828 caput
605 2778 749 2828 procul
770 2776 892 2815 dubio
912 2779 1036 2828 illud,
1068 2780 1176 2830 quod
1195 2782 1410 2821 sententias
1430 2790 1565 2823 nostra

124 2843 244 2881 etiam
263 2850 390 2883 aetate
406 2844 633 2882 utilissimas
649 2850 689 2882 et
704 2845 915 2896 opiniones
933 2847 1108 2885 maxime
1124 2849 1354 2899 probabiles
1374 2852 1565 2890 continet·
