1774 3198
413 358 634 399 LIBRUM
663 359 903 400 PRIMUM.
964 360 1083 400 CAP.
1103 361 1220 401 XIII.
1453 352 1550 397 469

103 473 189 512 Nili
207 473 343 512 fontes
362 472 496 511 medio
518 484 621 512 aevo
640 472 810 512 Iesuitae
819 472 1004 512 Lusitani
1024 473 1104 511 iam
1125 473 1200 511 sibi
1220 470 1464 512 videbantur
1482 487 1551 513 re-

102 541 268 593 perisse.
298 541 372 579 cfr.
403 541 644 580 Collesso
674 540 988 581 adfMartial.
1021 542 1159 592 Spect.
1183 539 1257 580 lib.
1290 554 1355 593 ep.
1377 546 1414 581 3.
1442 554 1485 594 p.
1507 544 1546 582 5.

103 608 189 658 (ed.
209 609 252 647 in
273 623 390 647 usum
412 597 640 661 Delphini).

215 680 279 716 22.
319 677 512 716 Strabo
540 678 599 717 X.
630 691 672 730 p.
695 681 790 727 690,
813 680 880 718 Bt*
907 674 1093 717 Αἰτωλοὶ
1119 673 1197 728 μὲν
1220 675 1357 717 τοίνυν
1388 675 1454 717 καὶ
1479 673 1548 717 ’A-

100 746 296 798 καρνᾶνες
327 738 550 798 ὃμοροῦσιν
579 741 790 798 ἀλλήλοις,
819 742 946 796 μέσον
965 742 1124 796 ἔχοντες
1150 741 1222 784 τόν
1243 742 1443 801 Ἀχελῷον
1471 760 1548 786 πο-

99 808 254 863 ταμόν,
295 809 441 866 ῥέοντα
468 809 548 852 ἀπὸ
579 814 662 853 τῶν
692 809 853 866 ἄρκτων
890 812 957 853 καὶ
985 814 1060 852 τοῦ
1087 811 1249 853 Πίνδου
1279 810 1383 868 πρὸς
1410 810 1545 854 νότον.

99 880 330 919 Secundum
361 880 605 921 Eustath.
635 881 687 920 ad
715 881 938 933 Dionys.
967 881 1231 933 Perieget.
1272 882 1370 921 496.
1400 895 1442 934 p.
1464 882 1546 923 194

97 961 150 986 ex
180 947 371 987 Chalcide
406 955 543 988 monte
572 949 768 1001 originem
798 948 921 988 habet
942 949 1160 989 Achelous.
1190 972 1245 980 -
1301 951 1367 989 De
1394 949 1546 989 Inacho

97 1016 276 1054 eiusdem
295 1016 471 1067 regionis
489 1016 618 1056 fluvio
646 1031 689 1056 v.
711 1017 902 1057 Strabo
915 1031 953 1056 n.
973 1018 1069 1057 VII.
1097 1031 1138 1069 p.
1162 1020 1242 1057 502
1262 1015 1318 1057 Α.
1363 1017 1544 1057 Omnino

95 1084 170 1123 cfr.
204 1083 478 1143 Spanhem.
518 1085 569 1124 ad
600 1084 911 1124 Callimach.
945 1087 1100 1136 Hymn.
1129 1086 1176 1123 in
1207 1082 1370 1123 Pallad.
1413 1099 1455 1125 v.
1476 1088 1543 1125 50.

95 1153 215 1191 Tom.
233 1154 285 1192 H.
315 1166 356 1204 p.
379 1152 473 1201 664,
504 1152 555 1190 de
575 1152 724 1192 Inacho
742 1153 954 1204 Epirotico
974 1152 1105 1204 deque
1124 1151 1203 1190 hoc
1220 1149 1545 1192 Aristotelis

93 1221 183 1259 loco
206 1226 297 1272 apte
317 1220 594 1258 disserentem.
625 1240 676 1246 —
723 1215 880 1270 Ἰναχός
909 1220 955 1258 Ρ.
985 1219 1101 1258 male.
1133 1242 1190 1249 —-
1222 1216 1458 1273 Στρυμμών
1486 1221 1542 1260 A.

92 1289 169 1327 cfr.
200 1286 506 1326 Tzachucke
534 1286 585 1325 ad
615 1285 857 1339 Pompon.
887 1288 1083 1327 Melam.
1108 1290 1158 1337 H,
1180 1291 1217 1337 2,
1234 1291 1272 1326 2.
1295 1309 1351 1315 —
1379 1285 1544 1335 Νέσσος

92 1358 139 1395 F.
170 1354 283 1395 Cam.
318 1343 397 1409 ’γρῖ
420 1354 466 1394 G.
497 1360 537 1393 et
564 1355 620 1393 ita
652 1354 781 1394 edidit
808 1354 1175 1394 Schneiderus
1203 1355 1246 1393 in
1279 1357 1390 1393 Hist.
1411 1344 1543 1394 einim.

91 1425 174 1473 VI,
208 1426 286 1470 28,
318 1425 363 1462 1:
407 1418 577 1462 σπάνιον
607 1418 686 1475 γοῖρ
715 1419 763 1462 τό
793 1420 908 1475 γένος
935 1418 982 1462 τὸ
1013 1423 1095 1461 τῶν
1125 1417 1298 1461 λεόντων
1326 1419 1434 1472 ἐστὶ,
1476 1421 1543 1462 καὶ

91 1487 165 1530 οὐκ
186 1488 228 1530 ἓν
246 1491 385 1545 πολλῷ
412 1489 585 1543 γίγνεται
607 1487 746 1545 τόπῳ,
777 1487 882 1529 ἀλλὰ
901 1492 976 1542 τῆς
997 1486 1200 1542 Εὐρώπης
1229 1484 1394 1541 ἁπάσης
1419 1487 1463 1529 ἓν
1483 1492 1543 1546 τῷ

87 1554 240 1609 μεταξύ
271 1560 343 1597 τοῦ
366 1554 569 1612 Ἀχελῴου
599 1557 666 1597 καὶ
687 1560 761 1597 τοῦ
784 1544 949 1597 Νέσσου
977 1559 1181 1608 ποταμοῦ.
1213 1563 1254 1596 et
1271 1559 1381 1606 VIII,
1402 1561 1472 1605 27,
1493 1561 1541 1596 6:

90 1622 147 1665 ἔτι
178 1624 223 1665 δὲ
253 1623 410 1672 λέοντες
437 1624 512 1677 μὲν
540 1625 582 1665 ἓν
610 1628 662 1679 τῇ
692 1622 872 1679 Εὐρώπῃ
898 1625 1057 1676 μᾶλλον
1087 1624 1154 1664 καὶ
1177 1626 1251 1677 τῆς
1268 1621 1472 1678 Εὐρώπης
1499 1623 1543 1665 ἐν

89 1694 149 1747 τῷ
185 1690 338 1744 μεταξὺ
377 1690 492 1748 τόπῳ
532 1695 606 1733 τοῦ
642 1690 846 1748 Ἀχελῴου
883 1691 950 1732 καὶ
989 1694 1066 1747 τοῦ,
1103 1690 1266 1732 Νέσσου
1301 1689 1444 1743 μόνον.
1487 1715 1537 1723 -·
1562 1711 1568 1721 =

89 1758 226 1807 Νέσος
255 1762 308 1800 Ν.
337 1783 393 1790 —-
450 1763 532 1800 Pro
562 1758 715 1814 εῈβρος
742 1764 790 1801 F.
819 1762 873 1801 H.
904 1762 957 1800 N.
988 1762 1036 1799 A.
1071 1760 1265 1799 exhibent
1294 1753 1444 1812 Εὖρος.
1485 1783 1542 1791 --

90 1830 322 1881 Strymonis
350 1829 547 1881 anguillae
577 1829 793 1868 laudantur
831 1829 1122 1869 Aristoteli
1160 1826 1328 1868 Histor.
1366 1830 1539 1870 animal.

88 1898 213 1947 Vm,
250 1898 297 1946 4,
331 1899 370 1936 5.

200 1968 269 2004 23.
304 1959 459 2015 ὁμοίως
488 1961 539 2016 δή
570 1965 627 2005 H.
659 1965 713 2004 N.
744 1985 798 1994 -—
834 1963 1067 2019 μαρτυρίας
1095 1967 1144 2004 F.
1172 1965 1227 2003 H.
1248 1966 1359 2004 Cam.
1383 1967 1426 2005 S.
1448 1965 1539 2007 Cas.

85 2055 142 2064 —
160 2034 225 2072 De
246 2027 324 2071 ὖπό
348 2038 440 2071 ante
459 2028 613 2079 τόπους
632 2034 779 2071 omisso
796 2034 871 2071 cfr.
894 2033 946 2071 ad
968 2034 1000 2082 I,
1024 2036 1089 2082 12,
1114 2036 1178 2073 19.
1197 2056 1254 2063 —
1282 2030 1327 2072 ἐκ
1348 2047 1539 2087 προαγω-

85 2103 159 2153 γῆς
178 2100 230 2139 Ν.
255 2101 525 2153 malesIunge
541 2096 732 2153 ὑψηλούς
751 2097 795 2139 ἐκ
813 2101 1101 2154 προσαγωγῆς,
1131 2101 1226 2138 loca
1247 2115 1356 2152 quae
1370 2103 1539 2151 paula-

88 2172 165 2206 tim
186 2168 434 2219 adsurgunt.
479 2171 540 2208 Ita
558 2169 666 2220 apud
686 2170 723 2207 T
737 2167 1107 2219 heophrastum
1126 2167 1296 2207 His-tor.
1315 2169 1449 2219 plant.
1468 2172 1538 2219 III,

90 2239 157 2280 10,
172 2237 207 2274 5.
229 2248 267 2286 p.
280 2237 334 2274 94
345 2231 456 2296 ὓτὴν
475 2233 518 2273 δὲ
534 2233 700 2289 μορφὴν
719 2234 928 2281 κιττῶὸες,
959 2230 1066 2286 πλήν
1083 2232 1127 2273 ἐκ
1144 2236 1414 2287 προσαγωγῆς
1428 2236 1539 2286 μᾶλ-

89 2302 160 2341 λον
188 2296 213 2352 ἦ
242 2298 476 2354 περιφέρεια
504 2309 545 2341 et
566 2316 603 2354 q.
621 2317 652 2341 s.
683 2303 757 2341 cfr.
778 2303 885 2340 infra
906 2303 938 2350 1,
960 2302 1022 2350 14,
1045 2305 1085 2341 7.
1120 2303 1173 2349 11,
1197 2305 1233 2349 8,
1259 2305 1326 2340 35.
1512 2338 1521 2343 .

202 2372 270 2408 24.
311 2365 419 2421 εἴπερ
451 2367 493 2408 ἐν
521 2372 567 2409 F.
597 2371 650 2409 H.
684 2370 736 2408 N.
794 2369 933 2409 Verba
972 2365 1065 2407 ἀλλ’
1099 2364 1161 2407 ἀεὶ
1201 2365 1251 2420 δὴ
1292 2364 1371 2407 ἀπὸ
1414 2365 1535 2417 ὄντος

87 2432 338 2487 ἕταμιεύετο,
369 2437 411 2475 in
431 2438 573 2488 quibus
599 2432 649 2488 δή
670 2437 863 2475 omittunt
881 2438 927 2475 F.
945 2437 995 2474 H.
1018 2436 1072 2474 N.
1092 2437 1138 2474 P.
1163 2436 1274 2475 Cam.
1297 2437 1383 2475 Cas.
1413 2451 1535 2488 pror·—

86 2519 154 2544 sus
172 2503 376 2557 superflua
392 2511 497 2554 sunt,
513 2519 641 2557 neque
658 2505 802 2556 legisse
821 2518 866 2542 ea
881 2503 1047 2542 videtur
1061 2500 1366 2542 Alexander
1389 2504 1460 2543 fol.
1482 2508 1535 2544 88

86 2586 218 2621 vers0,
248 2586 340 2610 cum
360 2572 482 2611 dicat:
513 2569 603 2611 οὔτε
623 2569 700 2625 γὰρ
720 2566 745 2623 ἦ
768 2572 816 2623 γῆ
845 2566 1000 2623 ἐξήρκει
1026 2566 1075 2609 ἂν
1094 2574 1184 2616 ταῖς
1212 2567 1414 2610 τοσούτου
1432 2567 1536 2610 ὕδα-

87 2654 159 2686 τος
185 2636 409 2691 ὑποδοχαῖς
419 2670 430 2689 ,
462 2636 554 2679 οὔτε
583 2637 634 2679 τὰ
663 2637 764 2693 νέφη
797 2638 832 2678 εἷ
858 2631 930 2690 ἦν,
962 2636 1028 2677 καὶ
1057 2633 1108 2677 τά
1138 2636 1239 2691 νέφη
1267 2636 1534 2692 προϋπάρχον

87 2705 135 2746 τὸ
164 2704 278 2762 ὕδωρ
308 2711 388 2747 πᾶν
417 2706 560 2760 ἔχοντα
592 2706 634 2747 ἐν
656 2704 796 2753 αὐτοῖς
814 2703 862 2746 τὸ
886 2701 1214 2758 ὑποθησόμενον,
1242 2703 1532 2759 ἠθροισμένον,

90 2773 157 2813 καὶ
187 2772 244 2827 μὴ
274 2773 322 2816 τὸ
352 2775 427 2827 μὲν
458 2774 656 2828 ἐγίγνετο,
703 2771 750 2814 τό
782 2771 828 2813 δὲ
857 2770 1112 2827 κατεφέρετο.
1184 2775 1311 2812 Tacet
1349 2774 1532 2825 Olym-

90 2843 355 2894 piodorus.
