1774 3198
425 349 647 418 munim
677 375 1000 416 SECUNDUM.
1048 375 1161 417 cAP.
1177 377 1250 419 1v.
1350 390 1355 395 ·
1474 371 1567 416 547

125 489 252 529 didit.
312 492 455 543 Quare
475 489 750 540 probabilius
769 497 847 538 est,
871 491 1059 540 primum
1086 489 1212 530 huius
1245 493 1383 543 operis
1413 490 1568 533 librum

125 557 404 607 intellexisse,
435 559 482 596 in
508 558 628 595 euius
658 558 802 604 initio,
835 570 926 596 cum
952 556 1245 597 elementor-*um
1270 560 1382 598 inter
1397 573 1441 599 se
1463 561 1565 600 ordo

126 631 167 660 et
182 626 290 675 situs
309 625 538 673 doceretur,
560 624 719 662 dictum
741 631 816 670 est,
846 625 949 670 eiu-«s,
980 624 1096 676 quod
1111 639 1138 663 a
1155 626 1278 664 nobis
1297 634 1566 678 nuncupatur

125 691 214 738 ae’r,
236 699 410 742 partem
434 705 546 741 eam,
585 704 694 743 quae
720 699 858 729 terrae
883 693 1084 741 proxima
1101 699 1183 741 est,
1215 695 1317 744 quia
1336 693 1567 744 vaporibus

122 759 287 809 referta
302 760 374 805 sit,
392 766 432 796 et
451 758 787 808 adspirationem
804 766 946 796 terrae
964 757 1141 808 habeat,
1166 759 1352 798 calidam
1369 767 1411 798 et
1428 759 1566 800 humi-

123 824 225 862 dam
247 839 347 864 esse.
409 827 497 876 Quo
523 827 569 862 in
587 825 676 863 loeo
690 826 962 875 perspicuum
983 832 1058 873 est,
1090 826 1203 863 ae'ris
1226 827 1409 866 calorem
1429 836 1468 867 et
1483 829 1566 868 hu-

121 903 278 930 morem
297 892 356 930 ad
374 906 573 943 vaporem
592 899 633 929 et
650 892 959 930 exhalationem
979 899 1121 931 terrae
1138 893 1293 944 referri
1304 910 1317 932 :
1338 896 1564 947 quodper-

123 957 220 996 inde
240 966 312 1009 est,
332 975 380 997 ae
397 961 436 996 si
456 960 645 1008 dixisset,
664 959 801 997 ae'rem
821 973 871 997 ex
891 967 1065 1010 utraque
1084 950 1367 1010 exhalatione,
1385 961 1564 1003 humida

122 1031 163 1060 et
182 1027 298 1064 sicca
322 1027 550 1064 constitui:
580 1025 921 1077 quemadmodum
945 1039 1054 1064 nunc
1076 1026 1208 1066 docet.
1265 1025 1352 1065 Sed
1374 1032 1563 1079 quaestio

122 1098 184 1127 est
205 1092 255 1130 de
285 1107 463 1144 vapore,
504 1107 634 1145 quam
662 1094 821 1131 caeteri
845 1107 1006 1144 quoque
1039 1094 1289 1143 interpretes
1318 1097 1563 1146 attulerunt,

123 1171 308 1207 quonam
327 1160 447 1198 modo
473 1159 666 1216 frigidus
694 1159 776 1198 hoc
805 1161 851 1197 in
880 1159 971 1197 loeo
997 1166 1228 1207 statuatur,
1260 1163 1336 1211 qui
1355 1162 1403 1200 in
1420 1165 1564 1213 priori

121 1223 227 1263 libro
254 1226 419 1264 calidus
440 1231 603 1278 positus
622 1234 698 1265 est.
756 1227 826 1264 ‚An
847 1239 966 1274 vero,
996 1227 1344 1276 quemadmodum
1362 1231 1408 1267 in
1425 1232 1564 1282 priori

118 1291 227 1329 libro
248 1293 406 1333 dictum
422 1301 496 1341 est,
518 1307 655 1344 vapor
674 1301 760 1331 tum
765 1291 977 1348 frigidus,
997 1298 1083 1329 tum
1101 1292 1267 1331 calidus
1287 1295 1375 1333 dic-i
1385 1303 1527 1346 potest
1539 1298 1562 1336 ?

118 1358 322 1410 Frigidus
353 1361 521 1412 quidem
552 1360 738 1399 subiecto
765 1367 805 1398 et
834 1360 1046 1408 materia,
1079 1359 1169 1407 vel,
1209 1368 1257 1398 ut
1284 1359 1358 1401 hic
1388 1362 1558 1414 dicitur,

117 1434 266 1476 suapte
294 1435 476 1477 natura,
505 1429 701 1480 quoniam
734 1440 893 1478 aqueus
912 1433 997 1473 est,
1025 1432 1146 1482 etneae
1172 1440 1291 1483 aqua
1318 1428 1560 1471 adscendit:

117 1494 282 1532 calidus
302 1508 398 1533 vero
412 1523 423 1543 ,
455 1496 564 1547 quod
583 1496 628 1532 vi
655 1494 813 1533 caloris
835 1492 1084 1540 adscendet,
1120 1496 1194 1544 qui
1219 1495 1308 1531 nisi
1334 1495 1560 1548 calefieret,

119 1561 372 1598 adscendere
406 1576 491 1599 non
518 1568 677 1612 posset.
746 1558 833 1598 Sed
864 1566 953 1597 tum
980 1562 1172 1611 quaestio
1209 1562 1260 1599 de
1287 1560 1558 1603 exhalatione

116 1620 248 1665 steea'
265 1635 306 1665 et
334 1628 479 1665 calida
508 1629 675 1676 existit,
714 1640 846 1678 quae,
882 1627 1081 1678 quoniam
1112 1640 1163 1664 ex
1189 1633 1309 1666 terra
1335 1631 1558 1679 emittitur,

106 1693 288 1744 frigida
317 1702 464 1745 suapte
489 1703 672 1740 natura,
701 1701 748 1732 ut
769 1701 911 1743 terra,
942 1692 1022 1731 hoc
1045 1693 1165 1731 modo
1185 1695 1395 1734 diceretur
1401 1723 1416 1743 ,
1447 1710 1559 1748 quae

118 1768 258 1798 tamen
273 1769 473 1814 perpetuo
494 1762 639 1799 calida
660 1760 830 1799 dicitur.
873 1763 945 1801 An
962 1760 1071 1799 haee
1089 1775 1251 1813 quoque
1256 1759 1448 1816 frigida,
1469 1778 1556 1803 non

116 1841 232 1865 secus
263 1841 316 1865 ac
346 1842 455 1880 quae
486 1829 663 1884 humida
691 1835 776 1874 est,
813 1835 968 1878 suapte
997 1836 1159 1866 natura
1188 1829 1277 1867 diei
1300 1836 1462 1880 potest,
1502 1831 1554 1870 ob

115 1908 287 1946 eamque
309 1908 483 1934 causam
505 1895 766 1948 refrigerari
790 1896 1072 1934 inter-durnin
1093 1909 1328 1946 progressu
1357 1897 1556 1935 concede-

116 1962 216 1999 tur?
272 1963 430 2001 Calida
468 1970 608 2001 tamen
636 1964 870 2014 plurimum
906 1963 1086 2012 dieitur,
1130 1964 1333 2014 quoniam
1369 1963 1553 2004 calorem

115 2026 274 2068 diutius
299 2031 468 2077 retinet,
499 2045 574 2069 nee
602 2038 693 2068 tam
707 2031 845 2083 sac-ile
867 2037 1010 2081 potest
1032 2029 1303 2082 refrigerari,
1331 2037 1472 2080 utpote
1493 2033 1555 2071 ad

114 2097 226 2146 ignis
249 2105 448 2135 naturam
467 2099 645 2151 propius
670 2098 897 2135 accedens.-
928 2096 1043 2148 quod
1066 2104 1208 2133 autem
1234 2096 1391 2134 dicitur
1416 2110 1553 2148 vapo-

114 2176 203 2200 rem
223 2164 354 2201 veluti
371 2164 584 2202 humidum
593 2164 738 2216 facile
760 2164 999 2209 terminari,
1030 2177 1078 2199 ex
1095 2161 1162 2199 his
1181 2175 1292 2213 quae
1312 2163 1549 2202 insecundo

116 2228 165 2264 de
189 2237 282 2267 ortu
309 2238 350 2267 et
369 2232 545 2269 interitu
569 2233 617 2269 de
636 2229 805 2268 humido
827 2231 946 2267 diota
967 2236 1088 2276 sunt,
1120 2235 1160 2266 et
1181 2230 1227 2266 in
1247 2234 1398 2279 quarto
1419 2231 1550 2268 etiam

114 2294 237 2332 huius
259 2298 396 2345 operis
417 2297 629 2343 dicentur,
654 2297 791 2347 facile
812 2302 954 2346 potest
979 2294 1186 2345 intelligi,
1221 2294 1429 2345 siquidem
1454 2302 1549 2334 tra-

117 2361 252 2399 ditum
284 2370 367 2411 est,
406 2363 742 2402 humidissimum
773 2376 858 2400 esse
888 2361 1003 2414 quod
1027 2358 1164 2399 alieno
1199 2362 1377 2398 termino
1405 2360 1548 2411 facile

115 2430 381 2477 terminatur,
412 2430 758 2481 quemadmodum
777 2431 946 2475 siccum,
978 2428 1090 2480 quod
1115 2427 1311 2478 difficile,
1347 2440 1441 2466 cum
1467 2427 1548 2466 Ιιοσ

108 2496 249 2547 facile
276 2511 370 2544 suo,
409 2499 516 2536 illud
537 2498 706 2549 difficile
737 2498 1015 2535 terminatur.-
1067 2493 1182 2547 quod
1208 2493 1549 2545 quemadmodum

115 2549 256 2601 verum
279 2567 358 2614 sit,
388 2566 473 2603 illis
492 2567 534 2602 in
555 2566 656 2603 locis
673 2565 930 2615 explicatum
948 2570 1023 2602 est.
1043 2583 1101 2592 —-
1137 2561 1249 2598 Haec
1277 2560 1371 2600 Vic
1384 2573 1405 2598 o
1418 2574 1547 2601 mer-

118 2637 280 2681 catus,
318 2633 386 2683 qui
419 2638 580 2684 poterat
610 2632 798 2670 conferre
828 2630 877 2667 de
903 2636 1041 2680 partt.
1072 2627 1246 2667 animal.
1274 2629 1333 2677 11,
1366 2631 1404 2667 3.
1462 2628 1546 2667 Sed

117 2702 242 2735 totam
257 2699 541 2749 quaestionem,
562 2699 613 2737 de
630 2712 705 2750 qua
718 2699 837 2748 longa
853 2697 970 2735 etiam
982 2695 1050 2734 Ac
1061 2707 1178 2734 cora
1189 2692 1264 2731 mb
1275 2693 1360 2732 oni
1383 2699 1442 2733 est
1462 2694 1544 2733 ‹lis-

116 2764 282 2815 putatio,
300 2765 558 2804 diiudicamus
575 2766 746 2818 simplici
762 2764 1042 2804 observatione
1059 2762 1110 2801 ad
1131 2762 1197 2814 §.8
1210 2761 1326 2810 facta,
1350 2761 1400 2799 nd
1422 2755 1443 2799 ὃ
1463 2756 1543 2814 ἀήρ

116 2832 384 2883 supplendum
404 2847 487 2873 esse
507 2828 528 2873 ὅ
546 2831 636 2887 περὶ
657 2829 733 2884 τὴν
753 2834 839 2885 γῆν.
897 2832 984 2872 Cfr.
1005 2833 1113 2871 enim
1132 2832 1167 2878 Ι,
1181 2832 1235 2925 ἑὲ
1252 2829 1327 2902 Ξόε
1359 2823 1463 2868 ἀλλὰ
1483 2827 1550 2867 δεῖ
