1774 3198
409 321 635 365 LIBRUM
655 322 898 364 PRIMUM.
957 323 1077 364 CAP.
1095 323 1217 365 XIV.
1446 312 1543 358 481

110 435 246 489 Θῆβαι
275 434 532 489 καλούμεναι.
576 437 670 477 Vid.
701 437 1034 477 Herodotum
1063 439 1093 478 l.
1114 439 1141 477 l.
1173 435 1238 476 ἐπὶ
1269 432 1418 476 τούτου
1445 434 1549 490 πλὴν

107 507 182 544 τοῦ
219 503 432 557 Θηβαϊκοῦ
461 502 590 557 νόμου
618 505 755 545 πᾶσαν
780 502 994 558 Αἴγυπτον
1032 500 1132 545 εἶναι
1173 503 1275 552 ξ’λος.
1333 506 1550 558 Homeri

103 574 215 611 locus
242 580 300 612 est
326 575 451 612 Iliad.
474 570 513 622 ι’,
537 575 612 612 381
638 587 721 626 sqq.
744 593 802 603 —-
837 574 939 613 Cum
967 574 1154 612 omnibus
1180 574 1284 623 istis,
1322 586 1424 625 quae
1457 572 1500 612 h.
1524 575 1540 613 l

105 647 145 679 et
163 641 283 682 infra,
297 640 333 690 §.
346 645 398 680 26
420 641 469 680 de
489 643 677 694 Aegypto
698 648 833 680 narrat
852 642 1197 691 Aristoteles,
1228 641 1474 680 conferenda
1492 648 1551 680 est

105 708 314 747 adnotatio
333 706 595 747 Sekoliastae
621 709 672 748 ad
695 708 1044 762 Apollonium
1073 708 1330 748 Rhodium
1359 710 1430 756 JV,
1466 713 1549 748 262

103 789 140 827 p.
159 779 265 815 585:
302 772 413 822 Τοὺς
439 775 692 829 Αἰγυπτίους
719 773 1020 823 παλαιοτάτους
1048 772 1152 815 εἶναι’
1177 789 1324 830 φησιν,
1364 771 1548 830 ιΗρόδο-

103 858 176 890 τος
206 842 252 883 δὲ
276 841 453 897 Φρύγας.
486 841 658 897 Κόσμης
687 843 731 884 δὲ
751 842 793 884 ἓν
813 842 963 900 πρώτῳ
984 844 1295 897 Αἰγυπτιακῶν,
1336 843 1403 884 καὶ
1422 843 1550 885 Λέων

103 909 147 950 ἐν
175 909 324 966 πρώτῳ
354 913 436 951 τῶν
464 909 568 966 πρὸς
595 909 670 965 τὴν
697 909 856 966 μητέρα
879 911 957 952 ’καὶ
986 908 1187 960 Κνωσσὸς
1214 911 1256 952 ἓν
1268 902 1549 967 ἷΓεωγραφι-

103 980 186 1018 κῶν
224 981 299 1030 τῆς
330 975 489 1028 Ἀσίας,
529 977 693 1020 πάντων
725 977 1021 1033 ἀρχαιοτάτους
1047 979 1299 1033 Αἰγυπτίους
1328 979 1443 1034 φασί.
1481 980 1548 1021 καὶ

104 1046 148 1086 ἐν
177 1044 378 1102 Αἰγύπτῳ
409 1044 575 1102 πρώτην
616 1050 835 1100 κτισθῆναι
871 1045 990 1087 πόλιν
1025 1046 1183 1101 Θήβας.
1242 1047 1328 1087 Καὶ
1354 1045 1548 1102 Νικάνωρ

104 1113 149 1155 δὲ
178 1114 340 1163 τούτοις
369 1120 585 1170 συμφωνεῖ
607 1115 673 1155 καὶ
696 1113 946 1170 Ἀρχέμαχος
975 1113 1018 1155 ἓν
1047 1120 1138 1162 ταῖς
1156 1113 1451 1165 Μετωνυμίαις
1481 1114 1548 1155 καὶ

102 1180 339 1238 Ξεναγόρας
367 1182 410 1222 ἓν
434 1172 588 1239 ’πρώτῳ
618 1180 807 1236 Χρόνων.
864 1182 950 1222 Καὶ
969 1179 1116 1229 Ἵππυς
1127 1181 1162 1234 '‘)
1192 1180 1237 1221 δὲ
1265 1179 1363 1228 τοὺς
1385 1181 1549 1235 Αἴγυπ-

99 1250 213 1298 τιόυς
242 1247 538 1302 ἀρχαιοτάτους
565 1248 762 1304 γεγονέναι
791 1247 892 1303 λέγει
930 1249 996 1290 καὶ
1032 1246 1222 1304 πρώτους
1259 1246 1546 1301 στοχάσασθαι

98 1321 174 1371 τῆς
200 1321 274 1358 τοῦ
303 1316 423 1370 ἀέρος
451 1315 645 1373 κράσεως.
688 1317 754 1358 καὶ
783 1314 1062 1371 γονιμώτατον
1086 1314 1184 1358 εἶναι
1214 1315 1261 1358 τὸ
1292 1319 1366 1357 τοῦ
1394 1317 1547 1359 Νείλου

97 1378 305 1441 &deuna-m
344 1385 571 1441 Μέμφιδος
598 1387 792 1440 praebent
819 1387 871 1425 H.
892 1387 941 1424 A.
963 1387 1032 1425 Er.
1057 1387 1167 1424 Cam.
1192 1387 1235 1426 S.
1259 1387 1348 1424 Cas.
1368 1386 1545 1438 Reliqui,

99 1456 242 1506 quibus
273 1455 392 1494 etiam
412 1458 459 1495 Β.
481 1438 741 1506 adstipulatus
762 1460 834 1503 est,
857 1451 1068 1507 Μέμφιος.
1086 1475 1142 1481 —
1179 1449 1289 1492 κάτω
1315 1467 1392 1505 pro
1414 1450 1547 1494 κάτω-

98 1523 176 1562 θεν
196 1525 245 1564 F.
269 1524 323 1562 N.
357 1523 425 1575 qui
446 1523 566 1561 etiam
586 1522 733 1561 deinde
756 1519 841 1561 ἄνω
859 1535 937 1573 pro
957 1517 1120 1560 ἄνωθεν
1141 1520 1347 1560 exhibent.

213 1614 280 1651 13.
313 1612 449 1651 πλεῖον
473 1624 550 1663 pro
572 1609 694 1651 πλείω
718 1614 767 1651 Ε.
787 1610 841 1650 Ν.
865 1609 1029 1650 πλείονα
1053 1611 1099 1648 F.
1119 1611 1170 1648 A.
1196 1612 1265 1648 Er.
1297 1610 1411 1650 Cam.
1434 1612 1479 1650 P.
1505 1613 1546 1651 S.

100 1681 188 1719 Cas.
214 1702 269 1708 —-
298 1676 543 1732 προχώσεως
564 1680 607 1717 F.
636 1678 688 1718 N.
710 1700 768 1707 —-
793 1681 858 1718 De
889 1674 969 1718 ἀεὶ
999 1678 1207 1729 μᾶλλον
1234 1678 1332 1718 vide
1365 1678 1546 1718 Sohae-

99 1749 180 1786 fer
211 1746 262 1784 ad
292 1748 506 1798 Gregor.
529 1746 764 1786 Corinth.
787 1760 828 1798 p.
845 1749 912 1786 52.
930 1748 1023 1785 170.
1053 1752 1093 1784 et
1112 1752 1251 1784 contra
1274 1746 1542 1798 disputantem

98 1815 313 1855 Bakium
341 1814 391 1852 ad
424 1814 680 1852 Cleomed.
711 1817 888 1854 Meteor.
905 1816 938 1864 I,
959 1819 996 1853 5.
1027 1828 1068 1866 p.
1091 1815 1185 1852 321.
1226 1813 1307 1851 Sed
1325 1814 1421 1853 vide
1444 1829 1546 1854 eun-

98 1882 191 1920 dem
220 1881 474 1920 Schaefer
508 1882 559 1920 ad
589 1882 851 1935 Plutarch.
890 1883 1008 1920 Tom.
1038 1882 1091 1920 V.
1131 1895 1172 1931 p.
1207 1884 1270 1920 68.
1330 1883 1544 1922 Lobeck

96 1949 376 2002 Aglaopham.
407 1951 440 1989 I.
470 1964 512 2001 p.
534 1952 629 1988 385.
647 1971 703 1977 —-
740 1945 991 2000 μεταβάλλοι
1017 1947 1128 1986 Cam.
1158 1970 1215 1977 -
1271 1946 1447 2000 εὐθενεῖ,
1489 1951 1545 1990 si-

97 2018 177 2056 cuti
198 2017 465 2066 exhibuimus,
496 2006 642 2056 cums—
660 2017 782 2055 habet
821 2019 868 2056 E.
909 2022 950 2056 et
979 2016 1239 2055 scribendum
1269 2030 1354 2055 esse
1382 2025 1546 2057 censent

97 2084 318 2123 Thomas
348 2087 633 2137 Magister,
672 2084 916 2123 Photius:
963 2081 1142 2123 εὐθενεῖν
1172 2081 1214 2123 ἐν
1239 2086 1298 2138 τῷ
1316 2074 1544 2136 ἷλεκτέον,

100 2148 188 2202 οὗχὶ
223 2148 434 2203 evi-&meru
463 2155 691 2192 Zonaras
718 2153 866 2190 Lexic.
896 2166 937 2203 p.
958 2155 1060 2201 920,
1089 2151 1307 2189 secundum
1330 2166 1450 2203 quem
1466 2155 1545 2191 At-

98 2220 167 2257 tici
192 2218 376 2258 dicebant
404 2217 582 2258 εὐθενεῖν
592 2248 603 2267 ,
637 2220 755 2258 Iones
785 2215 986 2269 εὐθηνεῖν.
1046 2219 1146 2258 Cod.
1165 2219 1343 2256 Urbinas
1371 2220 1407 2256 T
1419 2219 1544 2257 heo-

97 2286 288 2339 phrast.
321 2286 680 2336 Caues.plantar.
710 2287 763 2335 V,
786 2287 850 2335 11,
876 2289 914 2324 3.
945 2299 987 2337 Ρ.
1015 2288 1096 2325 567
1126 2285 1266 2323 habuit
1293 2282 1544 2336 εὖσθενοῧσι,

96 2355 237 2407 priore
259 2343 303 2392 75-
325 2354 483 2404 punctis
507 2353 716 2402 damnato,
755 2367 845 2391 cum
875 2353 1022 2404 reliqui
1051 2353 1271 2404 praebeant
1309 2349 1542 2405 εὖθηνοῧσι.

99 2421 248 2460 Sfmilis
270 2421 452 2459 lectionis
468 2421 640 2460 varietas
670 2427 730 2459 est
764 2420 813 2458 de
838 2422 972 2458 ventis
1001 2423 1035 2471 §.
1060 2421 1128 2459 44.
1159 2434 1200 2471 p.
1225 2421 1317 2459 774.
1359 2422 1406 2460 In
1429 2423 1540 2459 Hist.

77 2526 79 2529 .
99 2489 274 2527 animal.
313 2489 437 2538 VIII,
479 2490 525 2539 7,
560 2492 615 2527 20
653 2483 823 2539 εὐθηνεῖ
854 2488 1048 2540 praetulit
1088 2486 1317 2526 Schneid
1330 2503 1397 2527 er.
1456 2490 1538 2529 Cfr.

144 2642 178 2687 *)
202 2645 323 2679 Schol.
347 2643 459 2678 Paris.
478 2640 635 2678 Ἵππων.
662 2644 727 2678 cfr.
752 2645 919 2689 Heyne
947 2647 1069 2689 opusc.
1091 2646 1189 2679 acad.
1214 2645 1297 2679 Vol.
1319 2646 1365 2681 Π.
1397 2656 1433 2689 p.
1458 2647 1539 2684 337.

189 2704 368 2735 Meteoroz.
395 2708 460 2739 vet.
488 2702 608 2735 Graec.
636 2708 667 2734 et
690 2704 788 2735 Rom.
825 2700 866 2744 I,
891 2704 924 2736 3.
957 2713 993 2746 p.
1018 2704 1075 2737 29.
1112 2708 1187 2736 not.
1214 2705 1269 2736 12.
1294 2701 1356 2736 ubi
1380 2703 1424 2736 de
1450 2702 1541 2736 Pali-

190 2767 314 2792 corum
341 2758 536 2792 crateribus
560 2758 755 2792 laudandus
780 2757 886 2792 etia'm
910 2765 986 2793 erat
1014 2771 1052 2795 v.
1075 2759 1204 2793 Hoff
1228 2759 1298 2793 1.1.
1332 2759 1378 2794 11.
1411 2771 1446 2804 p.
1471 2759 1540 2794 248

191 2820 227 2849 et
250 2817 476 2861 Ruhkopf
506 2816 550 2850 ad
574 2816 744 2850 Seneo.
776 2818 916 2860 Epistol.
942 2817 1114 2860 LXXIX,
1138 2818 1196 2902 :31
