1774 3198
287 321 382 366 590
501 332 944 371 COMMENTARIUS
969 333 1030 372 IN
1050 334 1449 374 METEOROLOG.

286 455 369 479 esse
382 441 573 492 delapsos.
630 442 743 491 Quae
761 443 884 481 verba
903 456 954 481 ex
970 443 1153 486 uberiore
1171 445 1564 495 Meteorologicorum
1585 447 1669 485 edi-

286 507 392 545 tione
416 508 535 558 petita
563 520 647 544 esse
672 508 861 547 videntur
896 507 996 560 (qua
1027 509 1076 547 de
1104 523 1149 548 re
1173 510 1216 547 in
1241 511 1530 561 Prolegomenis
1554 512 1670 561 inque

287 573 583 611 Commentariis
598 573 647 610 ad
665 573 811 612 librum
828 575 1000 625 primum
1018 576 1104 626 plus
1123 576 1240 613 semel
1261 573 1446 629 egimus):
1473 578 1550 614 iam
1567 578 1670 615 enim

287 639 601 676 casaubonus
622 639 874 691 monuit,{nos
892 640 1113 680 Aristotelis
1133 641 1261 678 locum
1280 640 1397 679 hodie
1412 655 1491 680 non
1508 643 1673 693 amplius

285 703 444 743 habere.
501 704 646 754 Tetigit
672 710 802 743 tamen
831 707 992 745 eandem
1015 720 1100 746 rem
1124 699 1290 745 Ar'istot.
1317 707 1420 745 infra
1447 709 1496 756 II,
1534 711 1582 757 8,
1609 708 1674 747 47.

285 770 406 820 Apud
434 770 765 808 Plutarchum
791 773 868 811 1.l.
898 787 936 823 Ρ.
958 776 1008 812 90
1048 773 1364 811 Aristotelis
1398 774 1586 811 sententia
1613 773 1676 811 his

287 836 497 886 exponitur
515 836 666 874 verbis:
697 834 970 889 Ἀριστοτέλης
998 835 1063 877 διὰ
1091 835 1164 888 τὴν
1190 839 1260 876 τοῦ
1288 841 1448 890 ψυχροῦ
1477 835 1675 888 πανταχό-

285 903 361 940 θεν
391 899 703 953 ἀντιπερίστασιν
731 899 915 942 κάτωθεν
944 903 1008 942 καὶ
1027 901 1183 942 ἄνωθεν
1199 901 1299 955 αὐτῇ
1318 901 1582 955 περιστάντος.
1614 900 1673 941 Τὸ

287 965 361 1019 γὰρ
397 965 550 1018 θερμὸν
588 964 770 1020 ἀνωτέρω
806 967 988 1020 γενέσθαι
1027 967 1203 1017 σπεύδει,
1255 966 1322 1008 ἅτε
1351 966 1398 1019 δὴ
1427 971 1575 1022 κοῦφον
1603 965 1648 1007 ὄν
1661 979 1672 989 ⁸

288 1031 354 1071 διὰ
387 1035 503 1071 τοῦτο
543 1031 583 1071 ἒν
612 1030 816 1084 ἀπολείψει
853 1032 1056 1086 γινομένης
1090 1037 1161 1085 τῆς
1198 1035 1319 1086 ξηρᾶς
1355 1031 1673 1085 ἀναθυμιάσεως,

287 1101 336 1151 τῇ
356 1095 552 1151 σφηνώσει
582 1098 645 1136 καὶ
673 1104 756 1145 τοῖς
785 1098 1027 1152 ἀντελιγμοῖς
1045 1098 1564 1152 ὃιαταράττεσθαι-Ρειιιίο
1578 1101 1677 1138 ube-

286 1166 366 1202 rius
394 1165 497 1215 apud
525 1165 770 1203 Galenum
791 1169 949 1203 Histor.
965 1167 1115 1215 philos.
1148 1181 1178 1204 e.
1199 1172 1248 1204 21
1281 1174 1320 1205 et
1354 1167 1552 1205 uberrime
1571 1165 1676 1217 apud

289 1231 561 1268 stobaeum
597 1231 735 1281 Eclog.
759 1231 877 1280 phy-⁹.
907 1232 999 1269 Vol.
1023 1233 1055 1269 Ι.
1086 1245 1127 1281 p.
1153 1235 1229 1270 628
1252 1246 1334 1282 sqq.
1373 1233 1434 1271 ed.
1464 1235 1675 1270 Heeren.

286 1297 326 1334 Is
344 1296 442 1333 adeo
461 1297 639 1346 apprime
656 1293 829 1347 Sequitur
848 1297 1152 1334 Aristotelis
1174 1298 1316 1344 verba,
1345 1299 1468 1347 qualia
1485 1311 1588 1334 nunc
1605 1297 1677 1334 ha-

286 1363 434 1408 bemus,
463 1362 562 1399 utin
578 1362 657 1399 fine
676 1364 799 1412 p.634
817 1361 1087 1412 adscripserit:
1116 1361 1180 1400 καὶ
1199 1361 1286 1414 περὶ
1314 1361 1386 1412 μὲν
1415 1364 1583 1413 σεισμῶν
1612 1360 1677 1400 καὶ

287 1430 367 1467 τῶν
395 1424 525 1466 ἄλλων
551 1429 631 1466 τῶν
657 1426 743 1479 περὶ
771 1430 840 1478 γῆν
870 1423 1123 1478 παθημάτων
1161 1426 1222 1464 ἐπὶ
1257 1429 1462 1466 τοσοῦτον.
1527 1429 1677 1466 Confer

289 1496 404 1533 etiam
434 1496 673 1532 Senecam
705 1495 869 1544 Quaest.
893 1501 1029 1533 natur.
1059 1495 1139 1542 VI,
1169 1497 1241 1538 13,
1281 1494 1347 1543 qui
1376 1493 1677 1543 Theophra-

289 1569 413 1599 stum
447 1561 580 1598 eadem
596 1559 800 1597 tradidisse
828 1565 960 1596 narrat
984 1565 1020 1596 et
1040 1560 1291 1597 Stratonis
1319 1559 1496 1596 adiunxit
1521 1565 1676 1596 senten-

288 1629 402 1673 tiam,
434 1627 500 1676 qui
527 1626 664 1676 dogma
687 1621 1060 1676 ἇντιπεριστάσεως,
1093 1626 1152 1662 uti
1180 1639 1297 1675 supra
1325 1626 1401 1662 iam
1427 1625 1677 1675 exposuimus

292 1693 358 1743 (ad
380 1694 414 1737 l,
437 1697 498 1738 12,
526 1690 601 1742 11)
631 1692 743 1742 paulo
779 1692 942 1741 amplius
971 1692 1152 1728 excoluit.
1208 1693 1297 1730 Huc
1321 1687 1485 1740 denique
1507 1690 1679 1740 pertinet

291 1757 662 1805 Callisthenes,
691 1758 756 1807 qui
776 1770 819 1794 ea
839 1757 887 1794 de
906 1770 950 1794 re
969 1758 1096 1794 obiter
1119 1757 1197 1807 egit
1214 1758 1255 1794 in
1275 1756 1583 1803 Hellenicis‚
1613 1756 1678 1793 ubi

289 1824 527 1862 mentionem
558 1824 741 1860 iniecerat
757 1822 912 1860 Helices
938 1828 978 1859 et
1004 1825 1130 1861 Burae
1159 1829 1286 1860 terrae
1315 1828 1426 1860 motu
1459 1822 1678 1859 dirutarum

291 1889 380 1942 (cfr.
401 1889 450 1926 ad
468 1892 499 1937 I,
523 1892 559 1935 6,
579 1887 640 1938 8),
670 1894 766 1925 teste
795 1890 984 1924 Seneca
1014 1889 1181 1936 Quae-st.
1202 1896 1291 1924 nat.
1316 1889 1387 1935 VI,
1411 1892 1476 1934 23,
1500 1892 1539 1926 3.

397 1954 463 1993 Ad
486 1955 617 1991 Stoam
639 1959 889 1990 transeamus.
943 1954 1078 1989 Zeno
1107 1952 1181 1989 tria
1199 1953 1392 1989 recensuit
1412 1965 1552 2002 genera
1577 1964 1678 2001 χασ-

290 2019 454 2071 ματιάν,
482 2017 733 2070 βρασματίαν
766 2024 805 2056 et
830 2016 1036 2067 κλιματιάν
1075 2015 1330 2068 (emendante
1357 2016 1382 2054 S
1395 2017 1488 2055 ehn
1500 2018 1579 2055 eid
1592 2031 1676 2055 ero

290 2087 431 2136 Eclog,
449 2085 566 2134 phy-3·
589 2086 706 2122 Tom.
726 2086 772 2123 II.
801 2097 841 2134 p.
865 2087 955 2130 112,
983 2097 1071 2121 cum
1090 2084 1207 2133 vulgo
1226 2085 1419 2133 legeretur
1440 2082 1678 2133 καυματίαν)

290 2159 446 2191 auctore
475 2152 696 2200 Diogene
723 2149 935 2187 Lae'rtio
963 2157 1057 2187 sect.
1076 2148 1165 2187 154.
1221 2150 1402 2198 Quorum
1419 2150 1528 2199 prius
1550 2149 1680 2187 omisit

291 2216 596 2258 Heraclides
623 2216 806 2265 Allegor.
837 2215 996 2254 Homer,
1027 2217 1092 2253 38.
1122 2227 1161 2264 p.
1189 2217 1263 2257 125
1302 2214 1364 2252 ed.
1393 2214 1591 2252 Schow:
1626 2211 1678 2251 τὰ

291 2281 366 2336 γάρ
395 2297 456 2321 τοι
486 2282 654 2330 σεισμῶν
686 2278 944 2332 διαφέροντα,
986 2284 1070 2325 τοῖς
1097 2275 1331 2330 παθήμασιν
1357 2277 1393 2318 οἳ
1421 2277 1577 2332 φυσικοὶ
1614 2276 1678 2316 λε’-

290 2361 425 2401 γουσιν
452 2343 546 2386 εἶναι
577 2344 643 2384 ἴσα
672 2345 740 2384 καί
763 2360 872 2391 τινας
906 2345 1033 2392 ἰδίους
1065 2346 1318 2398 χαρακτῆρας
1357 2342 1560 2394 ὀνομάτων
1596 2341 1679 2381 ἔπι-

290 2412 510 2467 γράφουσιν
545 2409 701 2461 αὐτοῖς,
746 2411 998 2464 βρασματίαν
1034 2410 1122 2451 τινὰ
1158 2410 1223 2450 καὶ
1251 2409 1456 2461 κλιματίαν
1481 2421 1678 2461 προσαγο-

293 2476 489 2532 ρεύοντες,
517 2478 583 2516 ubi
601 2485 689 2516 ante
707 2479 958 2529 Heynium
985 2479 1185 2528 legebatur
1213 2475 1442 2527 κληματίαν.
1480 2476 1572 2513 Duo
1591 2481 1679 2511 tan-

291 2553 376 2584 tum
397 2545 556 2596 agnovit
582 2543 890 2582 Posidonius
919 2540 1122 2595 (βραστάς
1146 2549 1185 2581 et
1213 2538 1475 2592 ἓπικλιντάς),
1512 2540 1678 2577 alterum

293 2612 589 2658 succussionem,
604 2621 739 2662 ‘quum
757 2615 863 2646 terra
880 2610 1073 2660 quatiatur
1099 2616 1139 2647 et
1157 2622 1309 2646 sursum
1327 2621 1372 2645 ac
1389 2606 1570 2644 deorsum
1588 2618 1678 2642 mo-

293 2683 451 2714 veatur:
472 2677 638 2714 alterum
655 2675 959 2725 inclinationem,
979 2689 1053 2726 qua
1072 2675 1113 2712 in
1132 2675 1252 2713 latera
1268 2678 1379 2712 nutet
1394 2670 1535 2720 navigii
1555 2683 1678 2719 more,

293 2747 391 2780 teste
419 2744 607 2780 Seneca
638 2743 804 2791 Quaest.
826 2748 964 2780 natur.
993 2741 1059 2790 VI,
1084 2743 1156 2791 21,
1181 2744 1227 2788 2,
1255 2739 1322 2789 qui
1338 2735 1496 2797 tertium
1516 2735 1679 2784 addidit,
