1812 3158
440 372 660 417 LIBRUM
690 372 931 414 PRIMUM.
992 372 1110 412 CAP.
1133 372 1206 414 IV.
1304 401 1310 405 .
1449 358 1544 404 365

108 490 176 533 διὰ
201 488 442 545 βαρύτητα.ξ
468 488 617 543 γίνεται
643 486 718 540 μὲν
747 485 825 543 γὰρ
854 485 902 527 τὸ
933 482 1058 541 ὓγρὸν
1086 481 1327 537 θερμότητα
1363 485 1547 539 προσλα·

106 557 186 612 βὸν
216 556 309 612 ἀήρ.
351 555 430 609 ἕχει
459 555 507 597 δέ
528 572 569 597 τι
601 555 667 597 καὶ
697 553 856 610 βάρους
885 551 907 596 ὅ
927 552 1022 608 ἀήρ.
1080 555 1183 594 cum
1203 560 1375 605 utraque
1394 567 1547 606 evapo-

107 629 212 668 ratio
244 623 489 680 θερμότητα
516 631 633 664 nacta
661 625 713 664 sit
742 621 814 677 (τὸ
845 619 994 677 ἀνάγον
1022 623 1116 675 πῦρ,
1146 628 1191 660 ut
1209 622 1317 660 infra
1333 620 1546 674 loquitur),

106 697 202 749 quia
231 710 254 734 a
283 696 377 735 solis
413 695 547 733 calore
583 700 831 746 provocatur
869 688 1218 746 (θερμαινομένης
1254 691 1328 742 τῆς
1359 691 1435 743 γῆς
1468 684 1548 728 ὕπὸ

107 766 183 803 τοῦ
210 759 366 816 ἡλίου),
396 777 487 802 cum
509 763 643 816 potius
671 761 978 808 Aristoteli,
1009 761 1114 798 sanis
1130 758 1332 811 prioribus
1352 759 1432 797 illis
1452 771 1551 797 ver-

107 832 183 882 bis,
215 831 430 870 djcendum
449 831 592 870 fuisset
618 827 693 882 τὴν
720 825 939 884 ὗγροτὲραν
967 823 1226 882 ὑφίστασθαι
1256 823 1327 866 διὰ
1354 823 1402 865 τὸ
1427 817 1552 878 ’ἧττον

107 895 290 952 θερμόν,
329 913 420 938 cum
456 899 602 937 deinde
630 897 960 948 Alexander,
989 902 1208 948 utrumque
1234 895 1477 934 vocabulum
1505 890 1553 933 τὸ

108 968 264 1020 κοῦφον
293 974 334 1006 et
362 964 409 1007 τὸ
427 963 560 1020 βάρος
587 965 824 1021 (utrumque
844 967 952 1005 enim
971 963 1161 1017 explicat)
1189 963 1331 1015 legisse
1350 963 1555 1012 videatur,

107 1048 199 1074 cum
230 1031 298 1074 διὰ
326 1032 374 1075 τὸ
405 1036 562 1089 κοῦφον
588 1035 698 1074 idem
723 1034 979 1086 explicuisset
1006 1046 1082 1084 per
1112 1028 1180 1070 διὰ
1210 1027 1285 1082 τὴν
1314 1026 1555 1083 κουφότητά

106 1117 150 1142 τε
179 1102 246 1143 καὶ
275 1100 518 1157 θερμότητα
527 1133 539 1151 ,
569 1101 671 1141 mihi
691 1103 824 1141 visum
853 1108 914 1140 est
939 1102 982 1140 in
1012 1103 1148 1141 locum
1175 1099 1364 1140 vocabuli
1396 1094 1556 1150 θερμόν

107 1171 347 1211 substituere
370 1171 612 1212 vocabulum
639 1168 814 1223 κοῦφον,
853 1170 917 1209 cui
944 1184 1037 1208 cum
1068 1171 1263 1222 glossator
1290 1166 1453 1219 quidam
1482 1165 1557 1204 ad-

107 1240 329 1291 scripsisset
351 1239 444 1278 talia
468 1239 636 1277 fortasse
665 1239 821 1292 κοῦφον
849 1234 927 1291 γὰρ
958 1234 1026 1277 διὰ
1053 1233 1101 1277 τό
1131 1232 1293 1290 θερμόν
1302 1266 1315 1285 ,
1355 1235 1557 1288 posterius

108 1307 152 1346 in
166 1308 322 1346 textum
341 1307 507 1359 irrepsit
524 1312 564 1345 et
579 1307 692 1358 prius
718 1307 895 1358 legitima
920 1320 990 1345 sua
1009 1319 1063 1344 ex
1080 1305 1175 1344 sede
1194 1304 1366 1357 expulit.

222 1379 258 1428 3.
286 1376 566 1425 Elementum,
596 1374 705 1427 quod
724 1371 792 1413 διὰ
821 1369 1044 1427 συνήθειαν
1072 1379 1245 1412 vocatur
1266 1372 1384 1424 ignis,
1410 1385 1559 1411 revera

108 1449 244 1482 autem
263 1444 313 1482 ab
330 1444 422 1495 igne
438 1443 623 1483 diversus
640 1448 718 1492 est,
748 1438 963 1494 ἀνώνυμον
982 1448 1041 1481 est
1059 1442 1284 1482 Aristoteli.
1323 1441 1365 1479 H
1377 1440 1558 1479 eracli-

110 1517 188 1550 tus
215 1510 289 1550 hac
307 1511 707 1563 significatione'usus
726 1517 787 1549 est
801 1511 1001 1551 vocabulo
1018 1524 1115 1564 πρη
1127 1507 1217 1561 στή
1229 1522 1253 1562 ρ
1272 1508 1316 1547 in
1330 1509 1559 1560 fragmento

108 1579 219 1631 apud
248 1579 509 1624 Clement.
538 1579 889 1618 Alexandrin.
919 1579 1071 1616 Str-om.
1086 1578 1142 1627 V,
1163 1575 1230 1614 14.
1250 1579 1401 1628 p.711.
1433 1573 1560 1628 <Vide

111 1646 554 1687 Schleiermacher
579 1646 643 1686 1.L
663 1660 704 1699 p.
718 1649 799 1686 378
812 1643 888 1699 sq.)
902 1643 955 1697 ἰ).
998 1647 1062 1684 De
1080 1644 1249 1697 penuria
1265 1643 1559 1684 vocabulorum

154 1797 189 1842 *)
215 1799 319 1846 Quod
343 1798 381 1832 in
399 1797 532 1833 crimen
546 1798 657 1834 vertit
679 1797 936 1833 Aristoteli
961 1798 1313 1834 Schleiermacherus
1337 1790 1561 1834 contendens

200 1857 245 1890 ab
260 1855 443 1890 Heraclito
467 1867 532 1890 sua
552 1862 732 1891 mutuasse
754 1856 934 1901 taciteque
955 1867 1056 1890 suum
1074 1859 1113 1891 in
1124 1868 1227 1891 usum
1242 1855 1465 1892 convertisse
1481 1854 1562 1899 phi-

197 1914 401 1958 losophum.
436 1914 540 1959 Quod
558 1913 642 1948 inde
660 1914 704 1948 ab
724 1914 877 1959 antiquis
900 1913 1120 1958 temporibus
1144 1915 1404 1957 saepenumero
1427 1913 1561 1946 factum

200 1976 274 2013 est,
306 1976 347 2004 ut
368 1969 601 2004 Aristotelem
624 1977 835 2005 accusarent
860 1970 1021 2015 priorum
1049 1971 1347 2015 philosophorum
1371 1969 1562 2014 opiniones

199 2038 243 2061 ac
267 2026 460 2061 sententias
483 2028 734 2072 defraudasse,
766 2033 826 2062 aut
852 2029 1017 2063 consulto
1047 2038 1107 2062 eas
1140 2029 1375 2062 detrectatum
1399 2027 1494 2070 isse,
1522 2033 1562 2061 ut

199 2083 368 2128 reliquias
391 2094 457 2128 pro
482 2085 554 2119 suis
577 2086 738 2120 vendere
764 2091 899 2130 posset.
939 2086 1005 2119 cfr·
1031 2085 1206 2120 Euseb.
1242 2088 1367 2128 Praep.
1395 2086 1559 2127 Evangel.

200 2141 286 2184 XV,
309 2142 345 2176 6.
366 2153 402 2185 p.
419 2143 500 2177 802.
537 2143 767 2187 Porphyr.
798 2144 855 2175 vit.
881 2143 1021 2185 Pyrhag.
1055 2154 1091 2186 p.
1116 2143 1198 2176 205.
1246 2142 1327 2188 Qua
1350 2141 1387 2175 in
1412 2152 1454 2175 re
1477 2140 1562 2174 satis

200 2202 256 2231 est
279 2198 461 2244 ablegasse
486 2200 531 2232 ad
553 2200 641 2233 tales
667 2201 788 2240 locos,
818 2200 943 2243 quales
965 2200 1072 2232 Ethic.
1098 2200 1231 2232 Nicom.
1255 2201 1313 2242 X,
1349 2200 1414 2232 10:
1462 2194 1564 2241 πρῶ-

202 2264 268 2287 τον
289 2252 359 2296 μὲν
386 2248 451 2288 οὖν
474 2254 512 2288 εἴ
532 2268 570 2289 τι
595 2253 692 2289 κατεῖ
721 2257 828 2299 μέρος
855 2255 1004 2300 εἴρηται
1032 2252 1152 2290 καλῶς
1185 2252 1257 2289 find
1290 2252 1365 2289 τῶν
1386 2266 1562 2299 προγενε-

203 2309 341 2352 στέρων
365 2308 609 2355 πειραθῶμεν
630 2309 813 2346 ἐπελθεῖν.
842 2311 879 2346 Si
895 2311 975 2356 quis
992 2313 1069 2346 ullo
1092 2311 1130 2345 in
1149 2313 1232 2345 loco
1257 2310 1563 2345 Aristotelem

207 2364 419 2409 scriptorem
446 2368 644 2411 quendam,
676 2367 777 2402 cuius
803 2378 914 2412 opera
939 2368 1106 2415 legisset,
1129 2368 1180 2402 ita
1202 2367 1294 2403 velit
1315 2372 1499 2409 tractasse,
1524 2372 1564 2400 ut

202 2421 348 2456 nomine
372 2421 448 2456 eius
472 2433 545 2456 non
574 2425 691 2458 adlato
709 2424 897 2469 opiniones
922 2424 998 2459 eius
1015 2430 1194 2469 tamquam
1218 2435 1298 2458 suas
1322 2423 1561 2468 proposuerit,

204 2478 241 2512 id
257 2479 410 2513 fortasse
422 2480 466 2513 de
483 2480 520 2513 H
530 2479 607 2524 ipp
619 2490 642 2514 o
654 2486 780 2515 crate
803 2483 912 2517 valet.
935 2481 1033 2515 Illius
1053 2481 1148 2516 enim
1165 2481 1282 2517 obiter
1304 2487 1441 2515 tantum
1463 2493 1563 2515 men-

203 2534 339 2570 tionem
374 2535 461 2570 facit
501 2538 601 2571 Polit.
635 2538 727 2579 VII,
759 2536 806 2581 4,
847 2538 910 2572 ubi
935 2538 1098 2583 quemvis
1124 2538 1229 2573 alium
1253 2549 1422 2586 magnum
1443 2538 1563 2575 virum

203 2597 382 2638 tamquam
411 2595 616 2638 exemplum
641 2596 806 2638 proferre
831 2601 992 2640 poterat:
1018 2600 1054 2630 et
1077 2594 1154 2629 aliis
1177 2595 1215 2629 in
1238 2597 1341 2640 locis,
1364 2596 1426 2630 ubi
1449 2595 1562 2640 ipsius

204 2649 414 2684 sententiam
437 2650 583 2693 refellit,
610 2662 742 2686 nomen
772 2651 848 2686 eius
866 2657 973 2696 tacet,
998 2657 1038 2686 ut
1057 2655 1205 2686 Meteor.
1234 2654 1263 2696 Ι,
1289 2655 1346 2688 13.
1391 2653 1563 2688 Attamen

204 2708 317 2741 multa
341 2718 388 2741 ex
405 2707 544 2752 scriptis
568 2707 664 2742 illius
686 2709 831 2753 petiisse
841 2708 1073 2744 Aristotelem
1096 2709 1195 2744 testis
1218 2710 1322 2745 nobis
1347 2716 1401 2745 est
1429 2711 1563 2745 Gale-

205 2773 291 2797 nus
314 2766 357 2798 de
374 2770 521 2799 natural.
541 2764 665 2807 facult.
692 2767 721 2810 I,
744 2769 779 2801 2.
802 2768 909 2802 Tom.
930 2768 976 2802 11.
1001 2778 1035 2811 p.
1051 2767 1074 2802 5
1096 2768 1157 2811 (V.
1179 2779 1216 2812 p.
1229 2769 1264 2803 9.
1286 2769 1343 2803 ed.
1359 2766 1560 2811 Charter.):

206 2815 267 2854 ὅτι
299 2817 338 2856 δὲ
370 2824 442 2856 καὶ
467 2819 708 2867 Ἱπποκράτης
741 2818 857 2857 οὕτως
887 2821 1100 2868 ἐγίνωσκεν,
1138 2820 1406 2867 Ἀριστοτέλους
1427 2821 1479 2859 ὢν
1505 2823 1560 2860 ἔτι

207 2874 397 2922 πρότερος,
421 2877 459 2913 ἐν
472 2877 607 2922 ἑτέροις
629 2874 720 2923 ἡμῖν
744 2875 989 2915 ἐπιδέδεικται
1014 2885 1050 2914 et
1067 2882 1174 2925 paulo
1198 2888 1279 2925 post
1300 2894 1336 2927 p.
1351 2885 1396 2916 10
1418 2882 1557 2917 Chart.:
