1760 3138
462 381 683 422 LIBRUM
711 349 948 421 PRmUM.
1005 383 1123 422 CAP.
1144 385 1198 423 11.
1470 377 1564 422 327
1622 421 1630 429 ,

129 491 393 535 ἅπτεσθαι
423 491 597 548 λέγεται,
629 485 687 535 ὧν
714 490 767 534 τοὶ
787 491 895 549 ἄκρα
924 491 1012 546 ἅμα
1038 517 1083 524 -
1111 493 1212 550 λέγω
1243 493 1282 536 δ’
1308 492 1407 549 εἶναι
1428 486 1566 540 συνε-

124 561 185 615 χέ
191 578 229 613 ς,
260 560 360 604 ὅταν
383 558 509 603 ταύτό
528 560 689 615 γένηται
715 561 782 603 καὶ
800 557 843 603 ’ἓν
862 559 909 603 τό
930 559 1123 618 ἑκατέρου
1142 562 1270 619 πέρας
1291 559 1352 612 οἷς
1371 561 1564 606 ἅπτονται

127 630 194 670 καὶ
224 627 359 685 ὥσπερ
387 629 571 683 σημαίνει
597 626 778 682 τοῦνομα
794 659 807 678 ,
849 628 1077 683 συνέχηται.
1119 633 1193 671 cfr.
1224 633 1348 684 Phys.
1376 636 1563 674 Ausa-ult.

127 700 210 749 VI,
245 701 282 740 1.
321 713 363 752 p.
384 702 462 738 231
476 727 489 748 ,
514 712 559 747 a,
588 698 659 737 ubi
679 699 895 738 discrimen
921 699 1025 738 illud
1043 699 1192 738 diserte
1213 701 1429 753 exponitur
1457 701 1566 741 hisce

126 767 288 806 verbis:
335 767 531 818 συνεχῆ
565 763 661 817 μέν,
703 757 760 806 ὧν
787 763 839 806 τά
869 763 1019 817 ἔσχατα
1048 763 1110 815 ἓν,
1148 761 1416 820 ἁπτόμενα
1445 765 1485 808 δ’
1509 760 1564 809 ὧν

127 831 228 885 ἅμα,
260 833 417 888 ἒφεξῆ
429 848 449 880 ς
477 831 536 883 δ’,
566 825 624 874 ὧν
641 833 770 886 μηδὲν
797 831 948 886 μεταξύ
970 832 1164 887 συγγενές.
1207 836 1425 887 Contiguus
1442 836 1565 888 igitur

124 903 179 940 ita
199 910 258 941 est
278 903 452 941 mundus
483 909 687 941 extremae
716 904 814 942 caeli
838 904 963 955 parti,
1000 913 1064 949 ut,
1095 904 1436 955 quemadmodum
1462 905 1564 942 bene

125 971 296 1022 exponit
327 972 736 1010 vicomercatus
753 998 764 1015 ,
803 972 911 1010 nihil
932 973 1037 1009 inter
1059 981 1267 1023 utrumque
1293 972 1469 1009 medium
1498 974 1562 1018 sit,

123 1051 194 1076 seu
210 1052 370 1087 corpuS,
399 1052 469 1076 seu
488 1040 673 1088 spatium
696 1052 860 1090 corpore
880 1052 1067 1077 vacuum.
1119 1039 1294 1078 Causam
1311 1046 1461 1086 autem,
1491 1053 1562 1079 cur

124 1106 339 1144 continuus
358 1119 520 1146 necesse
543 1107 595 1145 sit
613 1105 788 1146 mundus
808 1119 1000 1158 supremo
1022 1107 1135 1145 coelo
1157 1120 1255 1144 mox
1273 1106 1385 1144 addit
1403 1107 1446 1145 in
1464 1120 1562 1145 ver-

123 1173 184 1211 bis
213 1169 315 1212 ὣστε
343 1175 478 1213 πᾶσαν
510 1170 637 1213 αὐτοῦ
664 1169 737 1225 την
767 1170 938 1225 δύναμιν
967 1174 1245 1227 κυβερνᾶσθαι
1276 1171 1444 1213 ἐκεῖθεν.
1501 1174 1562 1213 Ut

124 1241 230 1279 enim
258 1241 384 1292 ipsius
411 1242 735 1281 Aristotelis
765 1242 902 1280 verbis
922 1249 1085 1281 utamur
1116 1243 1238 1292 Phys.
1260 1242 1430 1280 ausona.
1447 1241 1499 1290 V,
1520 1240 1559 1278 4.

122 1321 163 1360 p.
186 1311 281 1356 228,
299 1321 341 1346 a:
372 1305 455 1347 ἐπεὶ
472 1306 640 1361 συνεχὴς
656 1311 769 1348 πᾶσα
788 1307 954 1361 κίνησις,
978 1306 1054 1362 τήν
1070 1324 1112 1349 τε
1132 1305 1270 1356 ἅπλῶς
1288 1307 1386 1360 μίαν
1407 1304 1557 1361 ἀνάγκη

122 1374 195 1414 καὶ·
222 1376 369 1427 συνεχῆ
405 1370 504 1415 εἶναι
543 1373 652 1431 εἴπερ
686 1378 797 1416 πᾶσα
832 1374 1010 1431 διαιρετή
1024 1409 1034 1428 ,
1078 1377 1144 1417 καὶ
1178 1376 1213 1418 εἷ
1243 1372 1433 1428 συνεχής,
1469 1374 1557 1427 μία.

122 1444 333 1483 Caeterum
357 1456 477 1493 cave,
509 1458 562 1482 ne
586 1458 678 1483 cum
708 1446 1079 1485 vicomercato
1108 1446 1150 1484 in
1178 1445 1288 1483 hisce
1315 1443 1558 1496 principium

120 1524 306 1562 agnoscas
327 1511 574 1563 astrologiae,
606 1512 722 1564 quale
741 1526 763 1550 a
782 1514 1071 1564 posterioribus
1090 1513 1343 1566 propositum
1364 1516 1432 1558 est,
1453 1510 1556 1550 hoc:

122 1587 167 1616 ut
186 1593 316 1617 omnes
348 1581 476 1617 omnis
503 1582 685 1618 materiei
707 1580 937 1632 affectiones
962 1596 987 1618 a
1008 1583 1257 1629 superiorum
1287 1587 1462 1616 motuum
1490 1591 1558 1616 or-

122 1646 215 1684 dine
233 1646 443 1694 pendeant.
482 1648 641 1685 Vereor
662 1648 781 1696 enim,
798 1661 851 1685 ne
868 1649 1011 1699 procul
1030 1648 1204 1686 abfuerit
1220 1645 1557 1693 Aristoteles,

120 1720 166 1752 ut
187 1719 337 1751 tantam
356 1712 465 1751 hisce
488 1713 626 1751 verbis
644 1715 728 1752 vim
749 1715 877 1753 inesse
897 1715 1112 1754 arbitratus
1135 1715 1206 1764 sit,
1234 1719 1275 1751 et
1293 1712 1414 1763 magis
1438 1712 1557 1750 etiam

120 1795 291 1828 vereor,
329 1786 382 1819 ne
409 1794 511 1832 quae
538 1779 581 1818 in
611 1779 715 1820 hanc
746 1783 983 1820 sententiam
1010 1782 1198 1820 disseruit
1223 1781 1557 1820 Ptolemaeus

123 1849 139 1901 (
149 1850 363 1888 Tetrabibl.
383 1850 416 1894 Ι,
437 1849 483 1898 2)
512 1848 601 1899 ipse
619 1862 794 1902 unquam
814 1850 1107 1902 subscripserit.
1166 1840 1247 1888 Prd
1267 1844 1353 1887 ἄνω
1371 1849 1419 1886 Ε.
1439 1846 1558 1886 habet

122 1913 296 1956 ἄνωθεν.
326 1939 383 1946 -
438 1917 599 1956 Deinde
618 1923 710 1969 post
730 1915 862 1956 αἰτίαν
884 1919 938 1956 Η.
961 1918 1016 1956 Ν.
1043 1917 1196 1956 addunt
1213 1911 1325 1955 εἶναι.
1359 1915 1451 1966 τῆς
1478 1929 1556 1954 κι-

119 1981 176 2036 νή
190 1997 244 2024 σε
256 1998 288 2024 ω
301 1998 321 2031 ς
347 1985 502 2024 referas
531 1985 584 2023 ad
603 1982 741 2032 τέλος,
771 1977 879 2037 ‹iuod
907 1991 1019 2036 patet
1035 1998 1088 2023 ex
1108 1985 1199 2023 loco
1217 1985 1342 2033 Plz73.
1366 1983 1554 2022 Ausa-ult.

120 2054 194 2102 IV,
213 2052 254 2091 4.
284 2065 326 2104 p.
347 2056 426 2091 211
443 2080 453 2099 ,
472 2066 496 2091 a
523 2053 595 2091 ubi
620 2051 719 2091 haec
740 2052 950 2104 leguntur:
991 2050 1057 2091 καὶ
1083 2048 1155 2091 τόν
1183 2046 1358 2105 οὐρανόν
1384 2045 1550 2100 μάλιστ’
1580 2086 1584 2088 .

121 2115 296 2170 οἰόμεθα
315 2117 358 2158 ἓν
375 2116 505 2174 τόπῳ,
538 2116 602 2159 ὅτι
623 2117 683 2160 ἀεὶ
703 2117 746 2158 ἓν
769 2117 931 2171 κινήσει.
988 2121 1085 2158 Non
1106 2120 1176 2158 abs
1205 2133 1252 2158 re
1273 2116 1374 2156 mihi
1392 2116 1556 2156 videtur

121 2187 264 2224 afferre
285 2186 560 2226 definitionem
581 2189 672 2237 loci,
693 2201 811 2238 quam
831 2188 1044 2239 proposuit
1062 2187 1400 2226 Aristoteles:
1430 2182 1556 2231 τόπος

123 2250 208 2291 ἐστὶ
233 2249 280 2292 τὸ
306 2255 381 2292 τοῦ
400 2252 655 2311 περιέχοντος
675 2252 813 2306 πέρας.
851 2255 924 2293 cfr.
950 2254 999 2291 de
1023 2255 1130 2292 coelo
1163 2255 1234 2302 IV,
1256 2258 1295 2293 3.
1327 2267 1369 2305 p.
1395 2257 1496 2301 310,
1515 2252 1555 2291 b.

119 2321 171 2358 E.
194 2320 343 2358 omittit
360 2318 493 2360 πάντα
511 2329 602 2373 post
624 2319 818 2374 σώματα;
845 2323 1009 2360 inverso
1024 2322 1168 2361 ordine
1188 2317 1323 2359 πάντα
1346 2317 1390 2359 δὲ
1409 2315 1460 2358 τοὶ
1477 2315 1554 2359 σώ-

121 2401 235 2437 ματα
254 2388 385 2426 ταῦτα
406 2388 452 2426 Α.
474 2389 582 2428 Cam.
601 2391 671 2428 Er.
728 2391 943 2440 angatum
965 2389 1149 2426 ordinem
1167 2394 1303 2426 tuetur
1323 2388 1442 2425 etiam
1459 2389 1551 2438 Bag.

123 2457 226 2494 Mox
253 2454 343 2493 cod.
374 2457 422 2494 F.
450 2453 764 2508 πεπερασμένοις
786 2453 926 2502 τόποις
953 2453 1167 2506 διέστηκεν.
1224 2455 1293 2493 Ad
1309 2455 1436 2494 verba
1464 2453 1552 2504 περὶ

124 2519 246 2561 αὐτόν
285 2536 337 2560 ex
372 2524 608 2574 antegressis
644 2523 915 2574 supplendum
944 2529 1004 2561 est
1030 2517 1159 2574 ὁπερὶ
1181 2517 1267 2573 τήν,
1283 2523 1357 2574 γῆν
1387 2517 1551 2573 κόσμος,

123 2604 337 2642 suppresso
367 2586 488 2635 3209:
526 2591 708 2640 loquitur
736 2591 842 2627 euim
867 2590 917 2628 de
935 2578 1051 2640 parte
1071 2589 1232 2639 mundi,
1260 2596 1392 2628 terrae
1410 2589 1554 2636 vicina,

124 2671 238 2709 quem
260 2652 332 2696 τὸν
355 2655 445 2707 περὶ
472 2654 584 2711 μέσῳ
614 2653 740 2695 τόπον
767 2663 886 2695 vocat
915 2656 979 2707 (cle
997 2648 1178 2706 generat.
1205 2666 1241 2694 et
1261 2659 1408 2695 interit.
1436 2657 1489 2704 II,
1512 2660 1549 2695 9.

126 2738 163 2775 P·
174 2726 268 2773 335,
278 2723 336 2775 a),
356 2722 398 2763 ἓν
412 2715 444 2779 ᾧ
458 2720 643 2777 ἦγένεσις
658 2720 840 2776 τυγχάνει
859 2716 977 2763 οὖσα.
1007 2723 1130 2762 Unde
1148 2725 1252 2763 male
1272 2724 1551 2763 Vicomerc.

127 2789 216 2843 περὶ
245 2788 378 2831 αὐτῶν
407 2791 663 2830 scribendum
691 2804 775 2829 esse
807 2791 960 2830 censuit
990 2798 1032 2830 et
1051 2793 1105 2830 ita
1131 2792 1237 2844 legit.
1257 2792 1309 2830 G.
1334 2790 1401 2843 qui
1421 2796 1553 2829 tamen

127 2859 292 2898 minime
311 2860 515 2899 damnavit
531 2866 715 2898 nostrum
735 2857 824 2912 περὶ
843 2854 978 2898 αὐτόν.
1029 2861 1183 2899 Eorum
1197 2859 1332 2912 igitur,
1361 2871 1460 2909 quae
1476 2856 1553 2894 hoc
