1774 3198
311 350 404 394 586
523 358 962 399 COMMENTARIUS
988 360 1047 400 IN
1075 360 1474 402 METEOROLOG.

310 469 472 514 cecidit,
500 469 690 516 exsultat,
717 480 768 506 ac
796 471 957 521 saepius
974 470 1156 519 pellitur,
1184 473 1304 507 toties
1331 478 1360 509 a
1380 470 1466 510 solo
1489 474 1533 510 in
1549 486 1695 512 novum

309 536 502 583 impetum
519 535 660 572 missa.
716 532 765 571 Si
784 548 878 572 vero
902 536 946 572 in
972 535 1262 585 stagnantibus
1286 538 1400 587 aquis
1426 538 1567 575 delata
1589 546 1695 584 sunt,

308 600 378 637 hic
406 602 490 651 ipse
519 613 634 636 casas
654 601 792 636 vicina
811 602 991 637 concutit
996 601 1134 653 fluctu
1143 628 1156 645 ,
1185 615 1300 651 quem
1319 601 1494 640 subitum
1514 611 1697 640 vastum-

309 680 385 716 que
410 663 563 702 illisum
581 679 630 702 ex
650 665 734 701 alto
748 666 907 713 pondus
929 667 1056 704 eiicit.
1111 667 1158 704 In
1185 667 1294 704 Plac.
1321 668 1425 718 apud
1446 668 1696 719 Plutarch.

305 732 330 769 l.
352 732 379 769 1.
408 745 448 781 p.
468 735 520 769 90
550 731 598 768 de
619 731 862 769 Anaximene
879 730 972 768 haec
989 732 1189 780 leguntur:
1219 729 1473 783 ’Ἀναξιμένης
1500 730 1698 783 ξηρότητα

307 797 371 835 καὶ
401 793 619 848 ἀραιότητα
643 797 714 846 τῆς
741 797 820 846 γῆςΧ
838 794 966 834 αἰτίαν
993 798 1071 834 τῶν
1100 799 1268 847 σεισμῶν
1297 789 1350 836 ὧν
1370 795 1441 848 τὴν
1459 797 1532 848 μὲν
1553 796 1698 848 αὐχμοὶ

306 863 479 914 γεννῶσι,
510 859 581 911 τὴν
613 860 655 900 δὲ
684 860 910 911 ἐπομβρίαι.
968 863 1075 911 Quin
1094 862 1148 900 ibi
1167 863 1438 913 corrigendum
1457 865 1507 901 sit
1531 878 1581 901 ex
1600 865 1699 901 Ga—

305 930 421 967 leno
451 930 619 967 c.XXI.
648 923 844 979 ὑγρότητα
870 937 944 978 pro
973 924 1210 978 ἀραιότητα,
1239 930 1297 966 uti
1316 929 1443 967 voluit
1473 930 1699 974 Corsini,

307 996 437 1033 nullus
469 994 625 1032 dubito:
663 994 732 1031 sed
753 993 998 1033 >monendum
1023 993 1205 1039 videtur,
1241 995 1498 1044 interpretem
1527 995 1632 1032 hunc
1656 995 1699 1031 in

307 1061 559 1098 adnotatione
570 1059 825 1108 Anaxagorae
843 1059 1071 1096 sententiam
1092 1073 1179 1097 cum
1199 1061 1451 1099 Anaximenis
1469 1060 1698 1098 confudisse.

308 1130 513 1167 Caeterum
543 1132 633 1175 post
657 1123 868 1175 ἐπομβρίαι
895 1125 1072 1162 lacunam
1101 1126 1342 1164 statuendam
1368 1141 1449 1164 esse
1477 1140 1591 1165 nemo
1619 1139 1700 1164 non

307 1194 432 1241 videt,
463 1190 694 1240 comparatis
722 1190 1027 1228 Aristotelis
1057 1196 1095 1227 et
1123 1192 1346 1229 Senecae
1381 1194 1533 1231 verbis:
1572 1192 1700 1242 expli-

309 1260 408 1298 catio
429 1258 532 1295 enim
552 1262 682 1311 terrae
700 1261 876 1291 motuum
889 1268 1050 1305 prorsus
1070 1255 1199 1303 deest,
1226 1269 1298 1293 nec
1316 1270 1427 1295 causa
1444 1259 1570 1296 adlata
1587 1257 1701 1295 suffi-

308 1326 375 1372 cit,
400 1323 476 1361 nisi
492 1321 631 1360 modus
651 1320 907 1370 generationis
926 1320 1103 1359 addatur.
1161 1322 1279 1371 Quod
1305 1322 1447 1360 deinde
1473 1336 1512 1373 p.
1532 1327 1580 1362 91
1603 1322 1701 1360 dici-

306 1397 386 1436 tur,
402 1388 688 1428 Anaximenem
703 1385 932 1422 arbitratum
949 1399 1044 1433 esse,
1061 1386 1241 1424 tellurem
1261 1394 1422 1438 propter
1439 1378 1774 1459 latitudinem·

309 1471 384 1508 qua
397 1454 571 1506 praedita
585 1453 646 1499 sit,
663 1449 745 1488 ab'ri
761 1450 932 1489 insidere
945 1448 1028 1498 (διὰ
1039 1447 1082 1489 τὸ
1102 1449 1251 1497 πλάτος
1268 1450 1496 1502 ἐποχεῖσθαι
1511 1454 1568 1506 τῷ
1585 1449 1683 1504 ἀέρι)
1685 1480 1700 1498 ,

309 1523 482 1572 adeoque
502 1518 709 1569 aliquando
727 1517 880 1554 concuti
900 1523 938 1555 et
954 1516 1162 1555 fluctuare:
1190 1519 1231 1555 id
1251 1518 1409 1555 minime
1435 1531 1523 1556 cum
1551 1518 1702 1555 Anaxi-a

310 1589 433 1627 menis
463 1586 648 1636 opinione
677 1583 878 1633 congruit:
919 1583 1066 1633 quippe
1096 1583 1161 1633 qui
1193 1583 1362 1633 partium
1391 1589 1519 1621 terrae
1549 1584 1702 1621 ruinam

308 1663 506 1705 tamquam
529 1658 656 1690 terrae
676 1656 854 1688 motuum
873 1663 1024 1687 causam
1043 1648 1328 1698 significaverit,
1344 1647 1450 1685 haud
1470 1662 1567 1687 vero
1584 1649 1703 1686 totius

309 1727 474 1759 motum.
529 1720 665 1767 Itaque
692 1716 741 1753 de
762 1714 1057 1754 Anaximandro
1080 1714 1266 1764 cogitavi,
1294 1715 1400 1751 cuius
1423 1727 1569 1751 nomen
1590 1727 1704 1764 saepe

311 1783 676 1824 cumAnaximenis
704 1781 890 1819 confundi
917 1786 1055 1817 notum
1083 1786 1140 1817 est
1159 1778 1218 1830 *):
1255 1779 1360 1829 quod
1390 1785 1519 1816 tamen
1547 1792 1598 1816 ne
1623 1778 1704 1826 fiat,

309 1856 447 1890 vetant
472 1849 594 1887 verba
627 1849 782 1886 Plinii
812 1849 974 1885 Hister.
1000 1852 1140 1882 natur.
1171 1846 1238 1892 ΙΙ,
1260 1848 1310 1883 79
1340 1842 1449 1895 (81);
1479 1845 1706 1897 Praeclara

312 1916 511 1969 quaedam
531 1927 611 1950 esse
632 1921 671 1950 et
692 1912 937 1949 immortalis
955 1914 999 1947 in
1021 1923 1080 1956 eo,
1099 1911 1138 1945 si
1157 1910 1367 1957 credimus,
1388 1910 1592 1946 divinitas
1608 1922 1706 1957 per-—

313 1983 477 2020 hibetur
497 1978 814 2017 Anaximandro
845 1976 1009 2014 Milesio
1033 1974 1219 2023 physico,
1261 1987 1378 2023 quem
1391 1973 1541 2023 ferant
1567 1974 1707 2009 Lace-

313 2047 540 2086 daemoniis
562 2044 842 2092 praedixisse,
879 2048 923 2078 ut
947 2038 1084 2081 urbem
1112 2052 1164 2076 ac
1191 2045 1298 2075 tecta
1327 2038 1602 2075 custodirent.-
1640 2040 1706 2074 in-

313 2122 427 2151 stare
454 2112 560 2148 enim
589 2115 739 2145 motam
767 2114 917 2154 terrae,
952 2119 1042 2142 cum
1068 2112 1104 2140 et
1129 2102 1222 2141 urbs
1251 2111 1339 2142 tota
1368 2117 1505 2140 eorum
1526 2105 1681 2139 corruit
1690 2116 1706 2148 ;

314 2188 353 2217 et
380 2177 559 2229 Taygeti}
580 2174 728 2210 montis
757 2184 913 2222 magna
935 2183 1038 2220 pars
1069 2170 1128 2206 ad
1136 2168 1327 2223 formam
1343 2170 1499 2217 puppis
1530 2170 1707 2204 eminens

316 2244 507 2293 abrupta,
534 2238 689 2277 cladem
706 2240 870 2286 insuper
896 2249 988 2274 eam
1007 2237 1132 2272 ruina
1142 2235 1308 2283 pressit.
1328 2253 1379 2261 —-
1408 2234 1509 2270 Nam
1531 2245 1580 2268 ex
1599 2231 1705 2285 lu'sce

314 2315 422 2362 patet
447 2308 562 2346 etiam
580 2303 939 2350 Anaximandrum,
965 2302 998 2338 si
1014 2301 1144 2339 fabula
1162 2312 1277 2347 vera,
1304 2311 1383 2335 non
1406 2297 1454 2334 de
1480 2298 1595 2335 totius
1624 2302 1707 2334 ter-

314 2390 382 2415 rae
409 2379 520 2412 motu
542 2371 694 2421 aliquo,
721 2368 790 2406 sed
811 2368 860 2405 de
880 2367 1050 2418 partium
1077 2370 1229 2402 tantum
1255 2363 1370 2402 ruina
1393 2369 1432 2400 et
1457 2361 1706 2400 concussione

314 2443 511 2493 cogitasse.
542 2457 592 2463 —
650 2434 806 2473 Deinde
834 2433 918 2471 vidi
937 2433 1191 2481 Anaxagorae
1214 2442 1358 2467 nomen
1377 2442 1458 2465 esse
1474 2427 1707 2464 substituen-

316 2509 434 2553 dum,
472 2503 578 2555 quod
605 2514 655 2539 ex
681 2500 815 2539 verbis
840 2497 1122 2538 Alexandri
1158 2501 1266 2546 patet
1305 2507 1399 2532 mox
1431 2491 1704 2540 adscribendis,

359 2668 391 2711 *)
417 2668 520 2712 Quod
541 2674 645 2698 nemo
667 2662 890 2704 interpretum
916 2657 1157 2694 animadvertit
1181 2649 1277 2701 apud⁸
1294 2653 1499 2688 Ammian.
1521 2652 1705 2685 Marcel-

405 2723 481 2755 lin.
504 2721 621 2760 XVII,
639 2720 674 2759 7,
699 2720 750 2756 12,
774 2715 833 2750 ubi
856 2712 1154 2749 Anaximenis
1176 2722 1302 2747 nomen
1323 2709 1594 2744 substituendum
1616 2718 1705 2750 esse,

404 2787 451 2814 ex
476 2773 683 2820 antegressis
706 2777 812 2816 patet.
