1820 3158
306 374 395 416 118
442 381 820 424 -p.367,b.Bekk.—
858 382 1022 421 LIB.II.
1051 383 1288 422 CARVIII.
1332 382 1547 425 —p.3⁵0‚E.
1571 383 1696 418 Cas.—

299 490 386 530 σιόν
413 484 440 544 ᾖ
470 487 496 542 ἡ
525 488 758 543 ἀντίφραξις
766 518 778 537 ,
827 490 892 530 καὶ
926 488 1046 542 μήπω
1083 489 1156 541 μὲν
1192 482 1218 543 ᾗ
1245 487 1413 541 πάμπαν
1440 490 1700 540 ἀπολελοιπὸς

299 554 346 596 τὸ
375 559 464 610 φῶς
490 556 555 596 καὶ
581 554 627 595 τὸ
660 553 737 595 ἀπὸ
770 557 842 595 τοῦ
872 551 988 607 ἡλίου
1015 553 1171 609 θερμὸν
1199 553 1242 596 ἐκ
1267 557 1341 596 τοῦ
1370 554 1507 607 ἀέρος,
1545 556 1621 610 ἤδη
1652 558 1695 598 δ’

303 619 688 675 ἀπομαραινόμενον,
717 621 881 673 νηνεμία
905 621 1050 674 γίνεται
1078 619 1461 674 ἄντιμεθισταμένου
1487 625 1558 663 τοῦ
1586 623 1700 664 πνεύ-

298 701 425 736 ματος
458 687 513 733 εἷς
540 685 614 739 τὴν
643 690 737 740 γῆν,
786 684 810 747 ἕξ
838 692 945 727 ποιεῖ’
965 686 1036 728 τὸν
1073 686 1235 740 σεισμὸν
1262 686 1339 741 πρὸ
1368 692 1447 728 τῶν
1476 686 1699 740 ἐκλείψεων.

247 758 297 792 32
338 758 401 792 32.
432 753 617 794 Γίνονται
643 752 720 806 γὰρ
750 752 815 793 καὶ
845 750 981 804 ἄνεμοι
1014 752 1092 806 πρὸ
1130 757 1210 794 τῶν
1249 753 1460 805 ἐκλείψεων
1497 754 1700 805 πολλάκις,

298 817 512 871 ἀκρόνυχοι
538 818 613 871 μὲν
648 818 726 872 πρὸ
763 822 844 859 τῶν
878 819 1145 870 μεσονυκτίων
1179 819 1414 871 ἐκλείψεων,
1456 820 1702 871 μεσονύκτιοι

300 883 345 923 δὲ
373 883 450 938 πρὸ
479 887 560 925 τῶν
589 883 710 941 ἑῴων.
762 886 968 937 συμβαίνει
1006 886 1050 927 δὲ
1087 889 1207 926 τοῦτο
1245 884 1311 926 διὰ
1340 884 1385 926 τὸ
1417 884 1702 938 ἀμαυροῦσθαι

298 948 344 989 τὸ
374 950 530 1001 θερμὸν
556 950 603 992 τὸ
636 949 714 992 ἀπὸ
743 955 814 1003 τῆς
844 949 1031 1004 σελήνης,
1068 950 1166 993 ὅταν
1195 952 1362 1004 πλησίον
1390 950 1466 1004 ἤδη
1495 953 1647 1005 γίνηται
1674 951 1699 1006 ἡ

247 1020 296 1054 33
311 1015 420 1069 φορὰ
451 1017 492 1056 ἐν
522 1010 554 1072 ᾧ
581 1017 800 1070 γενομένων
829 1015 937 1057 ἔσται
968 1015 991 1071 ἦ
1024 1017 1207 1070 ἔκλειψις.
1281 1024 1347 1059 33.
1380 1016 1602 1069 Ἀνιεμίνου
1631 1014 1702 1060 οὖν

300 1074 332 1135 ᾧ
364 1083 561 1134 κατείχετο
600 1080 620 1123 ὃ
651 1083 730 1136 α’ὴρ
770 1083 835 1123 καὶ
871 1081 1029 1136 ἠρέμει,
1085 1083 1203 1124 πάλιν
1252 1089 1412 1124 κινεῖται
1457 1085 1521 1124 καὶ
1559 1085 1702 1138 γίνεται

300 1151 452 1199 πνεῦμα
481 1152 553 1201 τῆς
580 1148 792 1201 ἐκλείψεως
827 1150 1100 1202 πρωιαίτερον.
1148 1148 1246 1190 ὅταν
1276 1148 1315 1189 (5²
1351 1148 1513 1204 ἷσχυρὸς
1548 1151 1702 1204 γένηται

301 1212 481 1265 σεισμός,
530 1213 602 1255 οὒκ
639 1214 765 1263 εὐθὺς
803 1214 896 1255 οὐδ’
926 1214 1093 1263 εἰσάπαξ
1126 1214 1291 1255 παύεται
1329 1216 1484 1263 σείσας,
1525 1214 1628 1256 ἀλλὰ
1655 1218 1700 1258 τὸ

299 1282 457 1332 πρῶτον
474 1280 548 1332 μὲν
570 1281 685 1336 με’χρι
708 1282 796 1332 περὶ
824 1279 1117 1335 τετταράκοντα
1145 1280 1299 1334 πρόεισι
1327 1279 1516 1328 πολλάκις
1539 1278 1702 1335 ἡμέρας,

297 1343 463 1398 ὕστερον
493 1346 537 1386 δὲ
564 1348 629 1386 καὶ
659 1346 726 1401 ἐφ’
750 1343 791 1386 ἓν
821 1347 886 1386 καὶ
916 1346 978 1386 ε’πὶ
1009 1345 1080 1387 δύο
1110 1346 1176 1399 ἔτη
1208 1345 1449 1399 ἐπισημαίνει
1478 1346 1580 1386 κατὰ
1610 1347 1703 1396 τοὺς

247 1411 298 1448 34
312 1409 457 1458 αὐτοὺς
483 1411 646 1459 τόπους.
704 1415 770 1453 34.
801 1412 946 1453 Αἴτιον
975 1412 1018 1453 δὲ
1046 1411 1118 1454 τοῦ
1146 1411 1219 1464 μὲν
1247 1411 1442 1466 μεγέθους
1469 1411 1514 1452 τὸ
1544 1416 1704 1467 πλῆθος

301 1478 372 1514 τοῦ
409 1476 632 1529 πνεύματος
670 1479 735 1518 καὶ
772 1481 852 1519 τῶν
890 1477 1024 1519 τόπων
1061 1478 1112 1519 τὰ
1141 1478 1328 1531 σχήματα
1358 1476 1412 1518 δι’
1436 1472 1490 1519 ὧν
1519 1477 1567 1519 ἂν
1603 1479 1702 1535 ῥυῇ·

301 1533 326 1593 ᾖ
354 1540 430 1595 γὰρ
459 1541 508 1582 ἂν
537 1543 781 1598 ἀντιτυπήσῃ
809 1545 873 1584 καὶ
901 1543 958 1596 μὴ
989 1543 1139 1599 ῥαδίως
1167 1544 1331 1599 διέλθῃ,
1360 1542 1534 1595 μάλιστά
1553 1561 1594 1586 τε
1613 1547 1703 1586 σείει

301 1607 366 1646 καὶ
395 1607 747 1660 ἔγκαταλείπεσθαι
778 1609 988 1664 ἀναγκαῖον
1018 1610 1059 1650 ἓν
1087 1616 1175 1657 ταῖς
1197 1610 1458 1663 δυσχωρίαις,
1490 1608 1573 1652 οἷον
1592 1611 1702 1665 ὕδωρ

705 1708 716 1728 N
1668 1726 1674 1730 .

300 1747 430 1777 motus
458 1741 658 1780 interdum
685 1742 892 1781 efficiatur.
950 1744 1049 1781 Cum
1075 1745 1179 1781 enim
1200 1744 1276 1781 iam
1297 1750 1426 1781 terrae
1444 1744 1619 1781 obiectus
1641 1745 1704 1782 in-

300 1811 375 1842 stat
396 1814 436 1844 et
455 1808 632 1845 noudum
662 1822 826 1859 prorsus
857 1809 990 1846 lumen
1011 1809 1260 1847 obscuratum
1280 1816 1358 1857 est,
1387 1822 1459 1846 nec
1477 1811 1583 1847 calor
1611 1811 1705 1848 solis

300 1875 431 1908 acrem
447 1873 670 1924 dereliquit,
697 1875 766 1912 sed
787 1881 919 1912 tamen
939 1874 1020 1911 iam
1042 1875 1239 1912 tabescere
1261 1875 1443 1925 incoepit,
1471 1874 1573 1912 agris
1594 1881 1704 1912 tran-

302 1939 471 1986 quillitas
502 1940 652 1984 oritur,
691 1941 972 1990 commigrante
997 1940 1039 1977 in
1065 1946 1211 1977 terram
1242 1941 1405 1990 spiritu,
1440 1941 1612 1990 quiante
1633 1941 1703 1979 de-

301 2003 490 2041 fectiones
517 2011 664 2042 terram
692 2011 839 2043 movet.
898 2008 960 2042 32.
991 2005 1187 2043 Oriuntur
1219 2006 1324 2042 enim
1351 2011 1390 2042 et
1415 2006 1566 2056 saepius
1594 2008 1704 2044 venti

300 2074 390 2106 ante
412 2070 672 2118 defectiones,
698 2072 811 2108 initio
837 2063 994 2122 quidem
1016 2072 1159 2119 noctis,
1187 2078 1277 2109 ante
1300 2071 1452 2109 mediae
1480 2073 1604 2109 noctis
1633 2072 1705 2110 de-

301 2134 509 2173 fectiones:
540 2137 665 2175 media
691 2144 821 2175 autem
849 2143 983 2185 nocte,
1015 2143 1104 2174 ante
1124 2151 1208 2185 eas,
1239 2151 1336 2188 quae
1355 2150 1468 2175 mane
1490 2137 1601 2176 fiunt.
1656 2139 1705 2177 Id

303 2206 433 2237 autem
462 2202 621 2250 accidit,
661 2203 766 2254 quod
797 2204 914 2241 lunae
949 2204 1054 2240 calor
1087 2209 1182 2240 tunc
1215 2203 1439 2249 hebetatur,
1469 2217 1558 2241 cum
1583 2205 1704 2242 motio

303 2268 483 2315 proxima
502 2274 572 2313 est,
600 2269 650 2306 ad
666 2283 779 2320 quam
800 2283 890 2307 cum
906 2270 1150 2315 accesserint,
1173 2269 1340 2308 defectio
1357 2269 1517 2307 exsistit.
1567 2273 1630 2308 33.
1644 2272 1704 2309 Eo

302 2332 422 2381 igitur
446 2347 524 2383 quo
550 2334 621 2372 ae'r
647 2335 893 2373 detinebatur
921 2342 960 2373 et
979 2336 1217 2386 quiescebat,
1244 2336 1430 2382 remisse,
1459 2349 1596 2374 rursus
1618 2350 1706 2374 mo-

303 2404 421 2435 vetur
439 2406 478 2437 et
496 2400 624 2438 oritur
644 2402 818 2451 spiritus,
848 2401 1067 2439 defectione
1087 2402 1273 2439 anterior.
1316 2402 1414 2439 Cum
1431 2407 1562 2439 autem
1582 2401 1704 2440 vehe-

304 2477 413 2501 mens
438 2465 483 2503 fit
511 2472 640 2503 terrae
670 2473 821 2515 motus,
847 2481 927 2505 non
955 2468 1106 2516 statim,
1137 2481 1209 2505 nec
1236 2481 1324 2505 cum
1350 2467 1471 2505 semel
1499 2479 1705 2504 concusse-

302 2530 379 2574 rit,
417 2530 579 2579 desinit,
617 2532 694 2570 sed·
718 2533 888 2583 primum
929 2534 1087 2583 quidem
1116 2534 1166 2571 ad
1194 2533 1447 2584 quadraginta
1471 2545 1593 2581 usque
1621 2532 1704 2570 dies

302 2607 417 2645 saepe
446 2597 717 2646 protenditur,
756 2598 899 2636 deinde
929 2605 969 2636 et
991 2599 1042 2636 ad
1070 2613 1191 2637 unum
1223 2599 1372 2636 duosve
1392 2610 1534 2643 annos,
1562 2598 1703 2635 iisdem

302 2660 344 2697 in
372 2661 466 2699 locis
498 2664 730 2714 percipitur.
804 2664 869 2702 34.
905 2665 966 2703 Ac
993 2663 1267 2703 vehementiae
1304 2661 1461 2712 quidem
1501 2676 1612 2700 causa
1646 2669 1705 2701 est

304 2726 464 2775 spiritus
481 2729 613 2778 copia,
642 2735 682 2767 et
701 2731 902 2778 locorum,
930 2742 1003 2780 per
1026 2743 1123 2780 quae
1150 2729 1257 2776 fluit,
1286 2727 1423 2778 figura.
1484 2730 1574 2777 Qua
1599 2730 1703 2767 enim

305 2793 576 2842 repercutitur,
606 2807 678 2831 nec
695 2795 807 2832 facile
827 2801 1006 2844 penetrat
1024 2800 1064 2832 et
1081 2795 1250 2833 maxime
1270 2794 1392 2843 quatit
1412 2800 1451 2831 et
1470 2795 1511 2831 in
1525 2794 1703 2832 locorum
