1812 3158
410 370 634 412 LIBRUM
661 370 902 412 PRIMUM.
969 370 1087 412 CAP.
1107 370 1183 413 IV.
1422 360 1519 406 371

79 488 186 528 tius
217 488 344 526 Reise
362 485 476 525 nach
493 482 711 524 Braec‘lien
738 481 965 538 (Miinchen
985 486 1108 524 1823.
1132 479 1194 535 4.)
1215 483 1335 523 Tom.
1345 485 1377 524 1.
1399 486 1520 536 p.81.

79 556 203 597 Addo
219 567 327 593 nunc
354 554 503 593 Alex.
537 552 596 591 ab
623 554 748 592 Hum
760 553 846 592 bol
859 553 913 592 dt
934 554 980 593 V
976 565 1108 603 oyage
1123 565 1210 590 aux
1229 552 1318 604 νέξ.
1335 553 1521 604 equinos.

82 624 202 662 Tom.
222 625 255 664 Ι.
284 636 323 674 p.
345 624 442 660 161.
500 621 621 659 Locis
648 628 831 660 veterum
857 621 913 659 ibi
942 634 965 659 a
992 633 1057 658 me
1088 620 1319 672 compositis
1347 619 1523 659 addendi

80 698 197 740 sunt,
238 704 338 742 quos
373 689 599 741 composuit
637 692 928 728 Forsterus
966 689 1009 726 iu
1041 687 1250 727 Adnotat.
1292 687 1345 726 ad
1372 688 1522 730 Arati

80 761 270 799 Diosem.
303 757 481 796 classic.
507 757 652 796 Ioum.
682 757 777 796 Vol.
797 757 922 797 XIX.
946 770 987 808 p.
1012 755 1065 795 84
1087 769 1169 808 sqq.
1225 756 1274 795 In
1301 753 1523 796 Meteorol.

80 836 162 866 vei.
189 827 218 866 l.
246 826 276 865 l.
306 824 454 863 mendo
479 824 772 877 typographico
798 825 991 874 scriptum
1017 829 1077 862 est
1110 824 1258 863 Alex.
1289 822 1521 876 Aphrod.

82 893 286 937 Problem.
308 894 381 942 VI,
402 896 455 932 73
486 906 563 945 pro
590 894 630 943 I,
653 892 707 932 74
735 893 806 932 fol.
831 893 894 942 11,
910 892 948 931 b.
976 888 1077 929 Ald.

196 965 236 1001 8.
268 958 350 1000 Pro
372 957 488 999 ἅπτει
519 960 609 1000 cod.
633 962 683 1000 E.
706 960 875 1012 praebet
895 956 974 998 ἐπί.
1031 957 1191 997 Deinde
1214 953 1325 998 κάτω
1349 972 1426 1012 pro
1449 956 1524 1000 κά·-

80 1030 218 1069 vce-‘hv
240 1031 289 1068 F.
314 1029 365 1067 N.
395 1029 518 1067 male!
548 1029 623 1067 cfr.
651 1028 866 1067 Lobeck
894 1026 946 1065 ad
974 1024 1257 1077 Phrynich.
1284 1039 1328 1078 p.
1354 1031 1446 1067 128.
1469 1051 1521 1059 -—-

81 1093 239 1136 τούτων
257 1110 334 1149 pro
353 1092 502 1135 τούτου
520 1097 588 1135 Er.
613 1117 671 1125 -—-
700 1091 785 1134 ἀλλ’
810 1089 866 1141 ὥς
885 1090 962 1145 οὐχ
981 1087 1036 1140 ὡς
1053 1093 1363 1154 εΡεη-ο-ωεηᾱο
1383 1097 1430 1134 Λ.
1450 1097 1521 1135 Er.

80 1166 184 1204 Mox
211 1178 287 1217 pro
322 1160 456 1219 ῥίψεις
481 1163 569 1202 cod.
592 1164 646 1202 N.
669 1162 782 1202 cam.
809 1160 902 1201 Cas.
929 1163 971 1200 in
997 1174 1122 1213 marg.
1151 1174 1215 1214 γρ.
1254 1157 1380 1215 ῥίψις.
1415 1159 1442 1215 ἢ
1462 1159 1525 1218 ῥί-

82 1241 157 1283 ψις
177 1227 202 1283 ἢ
224 1233 298 1271 τοῦ
317 1232 368 1271 Α.
397 1226 423 1283 ἦ
440 1227 555 1284 ῥίψις
573 1227 686 1283 ἢτοῦ
705 1231 776 1270 Er.
807 1226 933 1269 αὐτοῦ
953 1243 1062 1276 τινος
1081 1225 1274 1280 σώματος
1293 1232 1337 1269 F.
1348 1231 1401 1270 H.
1413 1232 1467 1271 N.

196 1303 235 1338 9.
278 1295 323 1338 δὲ
350 1299 485 1338 statim
513 1299 562 1337 ab
594 1299 710 1337 initio
739 1298 932 1337 omittunt
960 1300 1004 1337 F.
1026 1299 1077 1337 H.
1098 1299 1152 1338 N.
1179 1298 1288 1337 Cam.
1309 1298 1382 1337 Er.
1413 1294 1464 1351 δή
1486 1305 1526 1340 et

81 1366 229 1405 deinde
255 1362 334 1420 γάρ
364 1367 513 1406 omittit
541 1368 588 1406 E.
644 1365 726 1404 Sed
754 1372 867 1404 recte
896 1378 939 1405 se
968 1365 1090 1405 habet
1116 1372 1289 1417 utraque
1314 1366 1523 1417 particula.

79 1436 214 1475 Xen.
242 1435 434 1473 Anabas.
462 1436 503 1483 I,
535 1438 582 1484 3,
611 1434 688 1474 14:
729 1428 786 1480 εἷς
814 1431 860 1473 δὲ
889 1430 940 1486 δὴ
973 1429 1064 1473 εἷπε.
1122 1433 1280 1474 Idcirco
1311 1446 1394 1471 non
1425 1440 1524 1483 erat,

81 1516 155 1541 cur
185 1503 457 1554 corrigeretur
476 1503 583 1555 apud
602 1502 820 1554 Dionys.
842 1499 1003 1553 Per-leg.
1023 1515 1064 1540 v.
1083 1504 1162 1539 186
1181 1502 1410 1552 vulgatum:
1440 1505 1526 1548 τοῖς

83 1566 124 1608 δ’
154 1566 217 1608 ἔπι
249 1566 299 1621 δὴ
331 1566 543 1620 Νομάδων
571 1567 885 1622 παραπέπταται
915 1565 1070 1607 ἄσπετα
1101 1568 1224 1621 φῦλα.
1282 1569 1365 1606 Pro
1389 1562 1416 1619 ἡ
1446 1564 1526 1607 ἀπὸ

70 1638 158 1686 ,τοῦ
198 1632 348 1687 λύχνου
383 1635 459 1688 γίν.
503 1639 551 1676 F.
587 1637 756 1688 praebet
783 1635 818 1675 εἰ
846 1632 926 1674 ἀπὸ
956 1637 1030 1675 τοῦ
1058 1631 1206 1685 λύχνου
1233 1633 1403 1688 γίνεται,
1443 1649 1526 1676 non

84 1703 202 1754 male,
231 1704 264 1742 si
286 1698 379 1743 ὡσεὶ
407 1704 556 1742 scribis.
586 1727 638 1733 -—-
675 1703 789 1743 Idem
809 1704 932 1755 paulo
955 1709 1046 1755 post
1066 1702 1232 1741 exhibet
1260 1701 1329 1742 διὰ
1355 1704 1430 1743 τοῦ
1460 1701 1528 1743 ἕκ-

83 1769 324 1822 eumaem,
351 1777 399 1810 ut
415 1772 529 1811 solet.
550 1792 601 1798 -
625 1767 651 1826 ῥ
662 1775 872 1811 ιπτεῖτα
884 1786 896 1810 ι
912 1772 1142 1810 Atticorum
1161 1785 1277 1810 more
1293 1785 1371 1823 pro
1393 1767 1529 1826 ῥίπτε-

84 1852 166 1878 ται.
184 1839 257 1878 cfr.
276 1839 454 1879 Rhetor.
476 1840 509 1886 I,
531 1841 569 1878 5.
590 1852 631 1891 Ρ.
649 1842 771 1888 1361,
789 1839 831 1878 b.
862 1839 912 1877 de
929 1838 1081 1877 mundo
1098 1839 1170 1889 IV,
1183 1842 1258 1878 28:
1280 1835 1532 1893 ῥιπτοῦντες.

83 1906 417 1945 Bornemann
447 1906 498 1944 ad
523 1906 764 1959 Xenoph.
795 1907 966 1946 Conviv.
1003 1909 1063 1955 Π,
1091 1909 1133 1946 8.
1171 1920 1214 1959 p.
1245 1910 1311 1947 63.
1353 1907 1529 1960 Coray

84 1973 136 2012 ad
164 1973 437 2013 Heliodor.
468 1975 650 2014 Tom.11.
668 1977 791 2026 p270.
806 2004 816 2024 ,
839 1975 907 2027 qui
929 1980 1136 2026 comparat
1163 1972 1318 2023 πιεζεῖν.
1350 1999 1402 2004 -
1432 1986 1529 2015 nv-

86 2042 243 2094 ρῆνες
280 2047 375 2080 sunt
402 2042 536 2079 nuclei
563 2041 735 2093 lapidosi
763 2043 978 2081 fructuum.
1011 2044 1392 2083 Commemorantur
1419 2043 1530 2096 apud

84 2107 511 2161 Theophrastum
539 2111 714 2162 πυρῆνες
735 2105 836 2163 ῥόας
864 2108 1049 2163 (Punica
1068 2111 1305 2149 Grana-tum
1336 2112 1386 2150 L.
1416 2109 1530 2150 cuius

86 2176 222 2213 nuclei
243 2177 363 2214 etiam
386 2174 522 2216 κόκκοι
551 2177 812 2216 vocabantur.
870 2179 984 2216 Hist.
1004 2179 1146 2228 plant.
1174 2181 1235 2227 Π,
1254 2181 1293 2227 2,
1316 2181 1355 2217 5.
1386 2192 1427 2230 Ρ.
1438 2176 1530 2231 47),

88 2240 227 2288 ἐλαίας
253 2240 374 2293 (ibid.
393 2250 435 2282 et
451 2245 500 2282 de
518 2258 651 2283 caus-s.
668 2246 863 2296 plantar.
896 2247 950 2295 V,
974 2247 1038 2294 18,
1062 2244 1101 2282 4.
1130 2258 1173 2296 p.
1195 2245 1316 2296 583),
1346 2243 1531 2297 φοίνικος

88 2308 220 2362 )cau8.
233 2309 370 2360 plant.
399 2313 441 2361 I,
465 2315 528 2360 19,
551 2315 588 2351 2.
619 2325 659 2364 p.
684 2315 778 2352 376.
811 2310 1001 2350 Phoenix
1021 2310 1283 2362 dactylcfera
1300 2309 1392 2365 L.),
1422 2309 1532 2360 ἰτέας

91 2374 244 2431 (thiat).
300 2375 420 2416 Adde
448 2378 656 2419 Problem.
690 2380 807 2429 XX,
837 2379 903 2417 24.
960 2379 1072 2417 Dicit
1095 2379 1219 2429 igitur
1256 2379 1531 2419 Aristote-

89 2446 164 2484 les
182 2446 437 2498 praecipitari
454 2445 600 2492 stellas,
617 2446 954 2498 quemadmodum
972 2446 1107 2484 laeves
1133 2446 1340 2485 fructuum
1367 2448 1531 2487 nucleos

90 2515 197 2553 inter
217 2513 360 2565 digitos
381 2526 645 2565 compressos.
672 2515 902 2553 vernaculo
933 2524 1120 2552 sermone
1149 2513 1360 2552 commode
1395 2522 1531 2555 vertas

91 2578 160 2620 διὰ
186 2578 235 2620 τὸ
265 2579 535 2632 ἐκθλίβεσθαι
566 2577 786 2634 ριπτεῖται.·
815 2582 976 2619 werden
997 2580 1130 2618 durch
1155 2582 1235 2619 den
1251 2581 1398 2619 Druck
1414 2596 1529 2635 weg-

88 2649 295 2701 gehnipst.
316 2674 367 2679 —
407 2647 567 2688 Deinde
595 2646 652 2694 εἷς
679 2644 752 2699 τὴν
779 2650 852 2701 γῆν
881 2646 947 2687 καὶ
976 2645 1034 2694 εἷς
1060 2645 1135 2700 τὴν
1159 2645 1374 2687 θάλατταν
1402 2650 1456 2688 Η.
1479 2651 1528 2689 F.

20 2736 24 2743 ι
93 2716 148 2755 Ν.
178 2715 234 2762 εἷς
259 2714 334 2768 τὴν
361 2714 582 2756 θάλασσαν
611 2717 720 2756 Cam.
752 2739 803 2745 ——
833 2711 988 2768 ἡμέραν
1017 2714 1102 2755 καὶ
1131 2714 1300 2769 αἰθρίας
1329 2712 1454 2768 οὔσης
1481 2717 1529 2755 Ε.

94 2785 142 2822 F.
161 2783 213 2822 H.
230 2784 283 2823 N.
305 2785 471 2824 A.Cam.
492 2786 561 2823 Er.
583 2789 721 2823 verte:
751 2784 841 2822 und
857 2797 983 2822 ηραν.
1021 2785 1066 2822 Ρ.
1089 2784 1129 2822 S.
1153 2785 1238 2823 Cas.
1258 2783 1386 2822 Bekk.
1409 2784 1531 2822 omit-

94 2857 187 2891 tunt
203 2849 284 2891 καί.
341 2853 406 2892 De
425 2866 471 2891 re
497 2852 571 2891 cfr.
600 2852 819 2891 Meteorol.
834 2858 917 2892 vet.
938 2853 1076 2948 Cliti
1085 2847 1267 2891 Roman.
1282 2853 1331 2903 Π,
1344 2847 1385 2891 8.
1405 2864 1446 2904 p.
1462 2850 1531 2902 45,
