1774 3198
275 317 367 361 648
506 298 508 300 ’
580 323 855 364 ADDENDA
883 324 956 362 ET
987 323 1361 364 CORmGENnA.

275 433 402 468 1³.334.
427 437 452 470 l.
475 437 509 469 8.
533 450 575 458 --
599 432 702 465 Adde
729 430 831 465 etiam
858 430 1128 478 Reisigium
1166 435 1334 469 Commerui.
1359 435 1428 467 crit.
1460 436 1492 465 in
1526 434 1667 479 Soph.

367 492 447 525 oea.
474 493 583 523 Colon-
610 486 687 522 804.
707 499 743 530 p.
765 489 842 521 301.

275 566 290 571 -
315 543 393 578 334.
416 546 441 578 l.
464 545 517 579 25.
541 563 586 569 ——
618 542 720 576 Adde
744 545 784 575 de
807 545 901 575 anim.
925 544 954 586 1,
978 546 1011 576 2.
1043 555 1077 586 p.
1101 542 1180 586 404,
1204 544 1246 577 b:
1282 541 1504 587 διαφέρονται
1529 541 1563 578 δὲ
1585 547 1668 587 περὶ

359 597 429 633 τῶν
447 596 575 643 ἀρχῶν,
598 599 684 632 τίνες
710 601 769 631 καὶ
790 597 912 640 πόσαι,
942 596 1100 641 μάλιστα
1122 599 1187 641 μὲν
1209 596 1245 632 οἱ
1267 595 1468 640 σωματικοὶθ
1492 596 1669 632 ποιοῦντες

358 655 434 689 τοῖς
457 650 655 697 ἀσωμάτοις
679 653 703 686 i.
720 664 753 687 e.
775 654 850 688 τοῖς
866 649 1055 696 α’σωμᾰτας
1076 651 1247 697 ποιοῦσιν,
1270 653 1330 687 ubi
1354 654 1431 691 cod.
1454 655 1504 688 X.
1529 653 1670 687 exhibet

359 704 560 752 ἇσωμοῖτας.
1334 733 1355 748 v

271 780 290 789 -
313 762 389 797 334.
417 765 441 798 l.
464 766 518 797 26.
541 780 586 787 -
608 765 745 798 Desunt
761 769 932 798 commata
953 763 1045 797 inter
1066 772 1229 796 numeros
1253 773 1396 808 graecos
1419 769 1454 798 et
1476 764 1643 799 arabicos.

274 837 291 843 -
314 820 390 853 336.
416 840 434 846 -
459 822 512 854 12.
535 836 578 843 -
612 819 684 853 Cfr.
711 820 752 852 ad
778 819 1080 863 Olympiodor.
1102 819 1165 852 fol.
1189 818 1246 860 66,
1264 818 1285 851 b
1311 816 1415 861 (Exc.
1440 820 1501 862 IV,
1524 818 1558 862 4,
1575 818 1624 862 1).

273 891 289 897 -
327 893 372 899 -
417 895 435 900 -
460 876 514 909 19.
537 894 582 899 -
604 876 687 908 Post
711 871 822 909 ἀντὶ
846 870 988 919 πυρός
1010 876 1120 909 adde:
1150 876 1190 907 de
1214 878 1303 907 caelo
1330 875 1398 917 111,
1422 877 1454 908 3.
1486 886 1522 918 p.
1547 876 1612 908 302
1634 875 1670 918 b,

358 929 417 962 ubi
442 930 485 963 de
500 929 733 975 Anaxagora:
758 928 799 963 τὸ
821 928 890 974 πῦρ
913 933 972 964 καὶ
994 927 1056 964 τόν
1079 926 1212 974 αἰθέρα
1233 926 1486 974 προσαγορεύει
1509 925 1627 964 ταύτό.

273 1002 291 1009 -
316 984 392 1017 336.
414 985 437 1018 l.
460 987 515 1019 21.
537 1002 581 1011 -
614 985 687 1019 Pro
711 985 776 1028 IV,
805 987 846 1019 15
872 987 949 1031 lege
974 986 1037 1028 IV,
1063 984 1116 1019 14.

273 1058 288 1064 -
312 1040 389 1073 337.
417 1041 439 1073 l.
461 1039 494 1074 4.
520 1059 560 1065 —
607 1040 710 1075 Adde
734 1043 774 1073 de
802 1046 891 1075 caelo
916 1043 978 1081 ΙΙΙ,
1003 1044 1036 1075 1.
1067 1053 1101 1084 p.
1125 1042 1203 1083 298,
1226 1041 1270 1074 b:
1308 1037 1345 1073 οἱ
1366 1038 1400 1074 δὲ
1423 1038 1467 1074 ταὶ
1491 1042 1556 1083 μὲν
1579 1037 1671 1074 ἄλλα

359 1091 481 1128 πάντα
503 1095 667 1140 γίνεσθαί
687 1108 725 1130 τε
748 1108 833 1139 φασι
857 1100 915 1130 καὶ
939 1096 1015 1138 ῥεῖν
1029 1119 1040 1137 ,
1076 1095 1168 1130 εἶναι
1190 1094 1226 1129 δὲ
1248 1096 1379 1139 παγίως
1401 1091 1536 1139 οὐθέν,
1569 1094 1609 1130 ἓν
1635 1094 1674 1129 δέ

360 1161 396 1182 τι
418 1149 527 1191 μόνον
548 1147 756 1193 ὑπομένειν,
792 1148 829 1191 ἐξ
851 1163 890 1184 συ
915 1148 1030 1185 ταῦτα
1061 1147 1180 1184 πάντα
1208 1150 1582 1194 μετασχηματίζεσθαι
1610 1149 1674 1183 πέ-

361 1212 487 1244 φυκεν·
517 1198 603 1246 ὅπερ
628 1204 757 1238 ἐοίκασι
778 1203 973 1247 βούλεσθαι
997 1203 1111 1249 λέγειν
1135 1202 1236 1239 ἄλλοι
1258 1219 1294 1240 τε
1321 1204 1445 1239 πολλοὶ
1481 1209 1540 1239 καὶ
1562 1203 1674 1250 Ἡρά-

361 1256 495 1292 κλειτος
517 1256 537 1291 ὄ
555 1254 722 1300 Ἐφέσιος.

275 1334 291 1340 -
316 1315 391 1348 337.
417 1315 444 1346 Ι.
455 1313 487 1347 4.
512 1329 557 1336 -
578 1313 681 1346 Adde
707 1312 855 1348 David
876 1312 914 1346 in
933 1314 1154 1357 Porphyr.
1176 1314 1323 1349 v01.1v.
1345 1317 1482 1358 p.l2,a.
1508 1316 1669 1349 Brendis.

361 1368 453 1401 Mira
480 1374 530 1402 est
556 1368 708 1402 narratio
742 1370 833 1412 apud
866 1367 1144 1409 Ammonium
1181 1369 1218 1401 in
1249 1368 1495 1404 Aristotel.
1523 1373 1670 1412 Categor.

361 1424 424 1458 fol.
446 1424 480 1467 6,
495 1425 517 1457 b
555 1425 606 1468 (p.
624 1427 686 1466 35,
707 1435 739 1458 a.
767 1430 840 1459 not.
862 1423 1046 1463 Brandis):
1091 1420 1245 1468 Πύρρων
1269 1446 1386 1458 .....
1411 1422 1458 1459 εἷς
1481 1422 1544 1459 τᾶν
1566 1422 1675 1460 αὐτὸν

360 1477 522 1521 ποταμόν
553 1492 637 1522 φησι
664 1479 714 1515 δὶς
738 1477 892 1525 ἐμβῆναι
916 1475 1100 1523 ἀμήχανον
1127 1502 1243 1515 .....
1270 1475 1292 1512 o‘
1314 1477 1348 1513 δὲ
1371 1477 1537 1522 μαθητὴς
1567 1476 1675 1514 αὐτοῦ

359 1531 586 1578 Ἡράκλειτος
609 1535 787 1569 ἐπιτείνων
807 1533 847 1568 τὸ
875 1532 1008 1569 ἄτοπον
1036 1533 1153 1578 ἔλεγεν
1174 1529 1232 1568 ὅτι
1255 1531 1334 1569 οὐδ’
1359 1530 1467 1576 ἅπαξ.
1511 1534 1559 1568 At
1584 1536 1671 1579 Pyr-

362 1590 481 1623 rhonis
517 1601 588 1624 non
611 1596 689 1624 sunt
710 1591 837 1626 verba:
875 1588 922 1624 εἰς
944 1587 1005 1624 τὸν
1028 1586 1132 1623 αὐτὸν
1155 1586 1320 1633 ποταμόν
1343 1612 1451 1625 .....
1475 1586 1675 1634 ἀμήχανον,

362 1647 425 1679 sed
447 1645 552 1689 ipsius
571 1646 748 1687 Heracliti,
771 1646 831 1690 qui
846 1647 961 1689 talem,
990 1645 1099 1690 qualis
1123 1644 1160 1677 in
1184 1644 1347 1679 extremis
1376 1651 1675 1689 commemoratur,

362 1702 567 1736 sententiam
590 1713 767 1746 nunquam
789 1702 981 1746 proposuit.
1025 1701 1162 1734 Deinde
1189 1700 1330 1735 videant
1352 1700 1422 1743 alii,
1447 1701 1529 1745 quid
1546 1703 1589 1736 de
1601 1703 1677 1736 He-

362 1757 487 1791 raclito
518 1758 707 1802 Pyrrhonis
741 1757 910 1802 discipulo
941 1756 986 1790 sit
1015 1757 1244 1801 statuendum.
1300 1758 1389 1790 Puto
1415 1758 1560 1791 confusa
1585 1769 1675 1802 esse,

362 1818 421 1845 aut
445 1814 487 1846 ab
512 1813 589 1856 ipso
612 1813 867 1854 Ammonio,
893 1813 999 1856 (quod
1023 1818 1140 1846 tamen
1160 1812 1273 1846 minus
1295 1823 1383 1848 vero
1406 1812 1549 1856 simile),
1572 1819 1630 1847 aut
1655 1824 1676 1846 a

361 1867 474 1901 scriba
499 1870 659 1911 quodam,
681 1868 849 1902 Heracliti
872 1874 907 1902 et
928 1867 1119 1911 Pyrrhonis
1143 1867 1283 1900 nomina
1307 1867 1367 1910 ita,
1393 1873 1431 1901 ut
1457 1868 1564 1911 ipsam
1590 1879 1676 1902 sen-

363 1923 527 1967 tentiam,
562 1924 849 1966 quemadmodum
875 1934 921 1956 ex
943 1922 1147 1956 Platonis
1175 1927 1210 1955 et
1232 1921 1500 1956 Aristotelis
1523 1923 1676 1956 auctori-

363 1982 433 2011 tate
457 1980 674 2012 statuendum
700 1984 772 2022 est,
802 1978 1035 2012 Heracliteam
1060 1987 1280 2019 censeamus,
1313 1976 1525 2010 immutatam
1550 1977 1675 2012 deinde

363 2043 383 2065 a
405 2034 607 2077 Pyrrhone,
642 2034 794 2078 sceptico
817 2033 878 2067 illo
903 2033 1125 2077 philosopho.
1181 2031 1416 2075 Comparanda
1451 2038 1564 2066 autem
1595 2039 1675 2067 sunt

363 2089 471 2122 verba
502 2090 767 2134 Philoponi
798 2092 983 2131 Prolegom.
1007 2091 1038 2121 in
1066 2091 1213 2129 Gategor.
1245 2099 1278 2130 p.
1302 2087 1356 2129 35,
1379 2099 1417 2121 a:
1452 2082 1506 2122 ὅτι
1527 2088 1593 2130 μὲν
1616 2083 1675 2123 οὖν

367 2146 520 2178 κινεῖται
549 2143 594 2179 τοὶ
625 2143 823 2190 πράγματα
863 2148 924 2178 καὶ
957 2140 1013 2178 ἀεὶ
1044 2143 1080 2178 ἒν
1112 2140 1204 2189 ῥοῇ
1242 2146 1301 2176 καὶ
1333 2139 1554 2188 σῖπορροῇ
1587 2142 1675 2187 ἐστι,

367 2202 546 2234 τουτέστιν
571 2200 607 2234 ἐν
629 2197 723 2244 ῥύσει
745 2204 805 2234 καὶ
829 2197 1019 2246 μεταβοὶᾔ,
1048 2196 1163 2242 ὀρθῶς
1185 2198 1351 2241 ἔφασκον.
1389 2194 1480 2232 ὅθεν
1502 2200 1564 2232 καί
1585 2208 1675 2233 τινος

363 2251 434 2288 τῶν
457 2252 612 2298 σ’ρχαίων
635 2251 829 2301 εἰρηκότος,
865 2249 921 2288 ὅτι
944 2251 991 2289 εἷς
1012 2251 1073 2288 τόν
1104 2250 1212 2287 αὗτόν
1240 2250 1403 2296 ποταμόν
1432 2249 1492 2287 οὐκ
1518 2251 1593 2287 ἔστι
1625 2251 1675 2288 δὶς

365 2307 521 2354 ἐμβῆναι
552 2315 611 2344 καὶ
637 2309 726 2353 node
747 2307 809 2343 τὸν
833 2304 941 2343 αὖτόν
963 2307 1095 2350 τόπον,
1135 2307 1200 2351 ἔφη
1230 2306 1316 2351 πρὸς
1347 2304 1454 2342 αὐτόν
1484 2307 1597 2352 ἕτερος
1626 2306 1675 2350 τῷ

365 2361 442 2398 ἷίντι
469 2361 564 2408 ὀξείᾳ
589 2363 636 2412 τῇ
659 2364 796 2408 διανοίᾳ
830 2362 875 2399 ὥς
911 2359 984 2398 οὔδ’
1011 2359 1117 2404 ἅπαξ.
1158 2360 1236 2406 ἅμα
1261 2360 1326 2407 yde
1350 2361 1399 2405 τῷ
1420 2364 1593 2397 καθεῖναι
1615 2361 1675 2397 τόν

364 2417 456 2453 πόδα
479 2418 581 2465 ἐρρύη
608 2415 700 2462 αὖτῷ
724 2417 766 2454 td
788 2414 876 2464 ὕδωρ
898 2423 980 2464 πρὶν
1001 2416 1048 2452 εἷς
1071 2414 1156 2454 auito*
1177 2415 1219 2452 τό
1243 2416 1365 2452 λοιπὸν
1387 2416 1542 2463 ἐμβῆναι
1561 2415 1673 2460 σῶμα.

279 2497 294 2501 -
319 2476 395 2509 338.
422 2477 446 2508 l.
473 2478 526 2509 19.
557 2495 602 2501 -
633 2475 742 2510 Obliti
765 2485 881 2508 sumus
904 2473 973 2507 loci
997 2474 1147 2508 maxime
1171 2479 1439 2507 commemoratu
1463 2473 1556 2520 digni
1578 2474 1672 2514 Phys.

364 2532 427 2573 IV,
455 2531 487 2566 5.
515 2543 548 2574 p.
571 2534 660 2574 212,
680 2532 702 2564 b
716 2556 726 2572 ,
758 2531 818 2564 ubi
842 2531 885 2563 de
909 2529 1057 2563 aetheris
1081 2531 1161 2563 loco
1182 2531 1269 2564 haec
1291 2531 1473 2575 leguntur:
1507 2529 1576 2563 ἐστὶ
1598 2522 1637 2562 δ’
1653 2523 1675 2560 ὅ

364 2585 469 2621 τόπος
493 2584 556 2628 οὔχ
583 2583 603 2619 ὅ
625 2584 792 2629 οὕρανόσ,
816 2581 910 2619 dno?
936 2581 999 2619 τοῦ
1021 2580 1170 2627 οὗρανοῧ
1193 2582 1232 2618 τδ
1262 2583 1408 2626 ἔσχατον
1430 2587 1487 2617 καὶ
1509 2580 1673 2624 (ἶπτόμε-

366 2651 425 2674 νον
451 2640 513 2675 τοῦ
534 2639 678 2684 κινητοῦ
701 2639 861 2684 σώματος
882 2642 991 2683 πέρας
1014 2636 1185 2683 ἦριμοῦν·
1209 2642 1266 2672 καὶ
1283 2637 1341 2673 διὰ
1367 2636 1465 2671 τοί-’το
1491 2634 1513 2680 ἡ
1537 2634 1604 2678 μὲν
1629 2634 1674 2680 γῆ

367 2695 403 2728 ἐν
424 2694 472 2738 τῷ
495 2691 617 2739 ὕδατι,
639 2693 740 2730 τσῖἷτο
766 2691 802 2731 δ’
817 2695 855 2729 ἓν
878 2692 928 2736 τῷ
956 2691 1044 2737 σῖἐρι,
1065 2692 1164 2728 οὗτος
1189 2690 1224 2727 δ’
1240 2692 1278 2727 ἐν
1300 2692 1348 2735 τῷ
1374 2690 1505 2735 αἰθέρι,
1529 2689 1548 2724 ὅ
1567 2688 1601 2725 δ’
1616 2689 1674 2724 etl-

365 2747 440 2794 θὴρ
467 2749 503 2784 ἐν
526 2751 573 2792 τῷ
596 2748 752 2794 ου’ρανῷ,
787 2749 805 2783 ὁ
830 2746 866 2783 δ’
887 2745 1032 2793 οὖρανόε
1054 2744 1170 2783 οὐκέτι
1194 2749 1231 2782 ev
1254 2746 1361 2789 ἄλλῳ.
