1820 3158
165 360 377 406 -p.349‚b.
395 359 556 394 Bek1‹.-
613 359 760 400 LIBJ.
788 357 1035 398 CARXHI,
1089 351 1456 399 -p.33:›,E.Cas.-
1503 346 1564 389 47

142 473 238 523 τοὺς
267 473 308 516 δ’
335 471 408 516 οὒκ
437 471 630 520 ἇενάους·
669 469 778 512 ὅσων
800 469 874 523 μὲν
903 469 980 525 γὰρ
1011 468 1078 510 ὁιὰ
1106 468 1153 512 τὸ
1181 469 1354 525 μέγεθος
1382 469 1456 522 τῆς
1486 480 1572 507 κοι-

144 544 233 591 λιάς
260 541 365 583 πολὺ
389 539 436 583 τὸ
467 537 756 595 συλλεγόμενον
793 537 906 593 ὕδωρ
937 537 1066 590 ἐστίν,
1097 536 1199 580 ὥστε
1223 539 1398 593 διαρκεῖν
1427 534 1493 577 καὶ
1515 532 1571 587 μὴ

144 610 519 667 προαναλίσκεσθαι
546 607 642 663 πρὶν
660 606 845 647 ἐπελθεῖν
873 604 921 647 τὸ
951 604 1123 662 ὄμβριον
1150 606 1193 647 ἐν
1218 608 1277 662 τῷ
1302 606 1467 658 χειμῶνι
1496 599 1576 643 πά-

119 682 221 729 -λιν,
253 676 424 724 τούτους
449 675 525 730 μὲν
555 674 726 724 ἀενάους
754 671 853 716 εἶναι
883 673 951 715 διὰ
978 674 1140 724 τέλους,
1180 672 1294 722 ὅσοις
1322 671 1362 714 δ’
1382 668 1579 718 ἐλάττους

146 745 188 786 αἱ
215 743 439 797 ὖποόοχαί,
483 741 656 792 τούτους
685 742 730 784 δὲ
758 741 814 784 δι’
849 740 1066 797 ὀλιγότητα
1103 746 1177 784 τοῦ
1213 740 1367 789 ὕδατος
1403 738 1577 795 φθάνειν

146 811 458 868 ξηραινομένους
494 811 589 866 πρὶν
627 811 812 852 ἐπελθεῖν
840 809 887 852 τὸ
917 810 961 852 ἐκ
989 814 1063 852 τοῦ
1093 808 1294 865 οὐρανοῦ,
1340 806 1581 860 κενουμένου

144 885 219 923 τοῦ
249 879 420 937 ἀγγείου.
481 885 521 921 8.
554 879 702 920 Καίτοι
723 877 914 935 φανερόν,
946 878 987 920 εἷ’
998 894 1059 927 τις
1080 876 1273 931 βούλεται
1301 873 1475 929 ποιήσας
1493 870 1579 915 οἷον
1610 879 1635 914 8

144 947 353 1002 ὑποδοχὴν
376 946 455 1002 πρὸ
478 944 677 1000 ὀμμάτων
704 950 763 1003 τῷ
792 945 896 988 καθ’
918 944 1072 1000 ἧμέραν
1099 944 1220 986 ὕδατι
1245 943 1376 1000 ῥέοντι
1406 946 1582 996 συνεχῶς

144 1020 287 1071 νοῆσαι
317 1015 365 1057 τὸ
395 1017 580 1068 πλῆθος·
627 1011 874 1070 ὑπερβάλλω
903 1013 982 1069 γὰρ
1013 1012 1063 1055 ἂν
1100 1016 1159 1070 τῷ
1196 1012 1361 1068 μεγέθει
1398 1009 1470 1052 τὸν
1506 1013 1582 1064 τῆς

145 1088 219 1139 γῆς
248 1083 367 1139 ὄγκον
397 1081 422 1136 ἢ
454 1081 500 1123 οὐ
531 1080 633 1123 πολὺ
671 1079 720 1122 ἂν
749 1082 923 1123 ἐλλείποι
962 1080 1009 1123 τὸ
1041 1079 1257 1134 δεχόμενον
1295 1082 1377 1121 πᾶν
1412 1077 1460 1120 τὸ
1490 1076 1582 1134 ῥέον

145 1151 260 1208 ὕδωρ
290 1153 346 1201 εἷς
373 1150 446 1192 τὸν
475 1147 671 1191 ἐνιαυτόν.
739 1156 778 1192 9.
820 1147 944 1190 Ἀλλὰ
982 1150 1130 1204 δῆλον,
1180 1146 1243 1191 ὅτι
1273 1147 1485 1202 συμβαίνει
1513 1147 1579 1188 καὶ
1612 1154 1637 1188 9

147 1219 279 1261 πολλὰ
299 1222 427 1260 ταῦτα
456 1220 638 1272 πολλαχῇ
665 1221 738 1271 τῆς
765 1222 861 1273 γῆς·
891 1216 939 1259 οὐ
958 1216 1040 1271 μὴν
1071 1215 1164 1258 ἀλλ’
1190 1215 1342 1258 ἄτοπον
1373 1214 1414 1257 εἴ
1436 1231 1498 1264 τις
1523 1213 1580 1269 μὴ

145 1287 299 1341 νομίζοι
326 1285 394 1327 διὰ
423 1285 498 1339 τὴν
528 1284 656 1339 αὐτὴν
687 1287 820 1327 αἰτίαν
848 1284 962 1342 ὕδωρ
993 1279 1036 1335 ἐξ
1060 1283 1178 1341 ἀέρος
1207 1285 1392 1339 γίνεσθαι
1422 1282 1478 1324 δι’
1511 1281 1583 1338 ἥν-

145 1372 219 1408 περ
248 1352 351 1410 ὑπὲρ
379 1357 453 1409 γῆς
480 1354 545 1394 καὶ
576 1353 619 1394 ἓν
647 1357 698 1410 τῇ
726 1357 789 1409 γῇ.
820 1353 922 1396 ὥστ’
957 1354 1064 1410 εἴπερ
1094 1351 1210 1394 κάκεῖ
1244 1351 1311 1394 διὰ
1339 1350 1584 1408 ψυχρότητα

147 1423 381 1465 συνίσταται
411 1419 432 1463 ὃ
465 1420 642 1475 ἀτμίζων
683 1420 762 1478 ἀὴρ
803 1423 859 1471 εἷς
894 1421 1031 1478 ὕδωρ,
1080 1422 1148 1464 καὶ
1175 1418 1254 1463 ὕπὸ
1285 1424 1358 1477 γῆς
1385 1420 1428 1462 ἓν
1455 1424 1506 1476 τῇ
1533 1423 1584 1475 γῇ

147 1488 410 1546 ψυχρότητος
437 1489 483 1531 τὸ
516 1488 614 1531 αὐτὸ
645 1494 768 1532 τοῦτο
799 1492 864 1532 δεῖ
885 1491 1063 1545 νομίζειν
1092 1490 1350 1544 συμβαίνειν,
1385 1489 1453 1530 καὶ
1482 1489 1584 1543 γίνε-

147 1561 250 1599 σθαι
288 1557 345 1612 μὴ
383 1555 512 1610 μόνον
549 1555 595 1598 τὸ
628 1555 943 1614 ἀποκεκριμένον
982 1557 1097 1612 ὕδωρ
1137 1558 1178 1600 ἕν
1217 1556 1322 1613 αὗτῇ
1356 1557 1426 1598 καὶ
1461 1560 1584 1597 τοῦτο

148 1625 243 1682 ῥεῖν,
274 1625 379 1667 ἀλλὰ
409 1627 474 1667 καὶ
502 1627 687 1680 γίνεσθαι
718 1630 907 1679 συνεχῶς.
969 1632 1035 1667 10.
1057 1625 1144 1667 ”Eu
1168 1626 1213 1666 δὲ
1239 1628 1313 1666 τοῦ
1333 1623 1390 1677 μὴ
1421 1623 1576 1679 γινομέ-
1588 1629 1640 1665 10

149 1761 267 1800 etiam
287 1760 443 1812 impetu
463 1761 649 1801 incedere
671 1762 819 1802 fluvios
840 1762 974 1801 hieme
995 1775 1113 1814 quam
1132 1766 1292 1811 aestate,
1321 1766 1360 1799 et
1377 1760 1478 1799 alios
1500 1774 1585 1799 esse

149 1842 365 1880 perennes,
411 1830 509 1868 alios
552 1830 887 1868 intermittentes:
942 1831 1085 1881 quibus
1127 1829 1233 1867 enim
1276 1836 1443 1880 propter
1479 1830 1584 1868 alvei

149 1896 460 1947 magnitudinem
488 1911 630 1949 magua
648 1911 771 1949 aquae
790 1898 980 1937 collectae
1002 1898 1117 1950 eopia
1135 1902 1332 1949 suppetat,
1359 1898 1414 1935 ita
1435 1903 1478 1935 ut
1498 1897 1585 1936 suf-'-

150 1965 265 2012 ficiat,
293 1978 423 2016 neque
444 1964 598 2003 desinat
618 1965 849 2017 priusquam
874 1966 1024 2005 imbres
1052 1965 1253 2004 brumales
1280 1965 1471 2014 redeant,
1501 1979 1587 2004 esse

149 2046 344 2084 perennes
375 2039 415 2071 et
442 2034 673 2071 continuos:
715 2034 857 2085 quibus
891 2047 991 2072 vero
1022 2035 1182 2073 minora
1216 2034 1295 2071 sint
1321 2035 1583 2085 receptacula,

149 2101 238 2139 illos
261 2107 428 2152 propter
459 2101 643 2152 exiguam
673 2115 798 2153 aquae
830 2103 987 2154 copiam
1018 2101 1230 2151 exsiccari,
1268 2108 1502 2152 anteaquam
1533 2102 1585 2140 de

148 2169 256 2206 caelo
275 2182 374 2220 aqua
392 2182 486 2207 vase
507 2170 710 2207 exinanito
730 2177 929 2222 suppetat.
988 2173 1023 2211 8.
1051 2170 1180 2222 Atqui
1199 2176 1310 2221 patet
1328 2168 1420 2217 hoc,
1440 2171 1472 2207 si
1497 2170 1586 2220 quis

150 2237 260 2284 velit,
279 2237 531 2288 receptaculo
558 2243 650 2275 ante
670 2239 806 2277 oculos
828 2239 953 2288 sacto,
984 2252 1144 2276 omnem
1175 2251 1276 2288 quae
1299 2244 1383 2275 tota
1402 2237 1467 2275 die
1488 2251 1586 2276 con-

152 2303 264 2341 tinuo
283 2302 482 2343 delabitur
501 2319 643 2357 aquam
663 2312 906 2357 computare.
966 2308 1120 2345 Ter-rae
1143 2306 1249 2344 enim
1271 2305 1585 2355 magnitudinem

151 2377 220 2408 aut
248 2367 462 2410 excederet
489 2380 558 2411 aut
590 2374 673 2426 ipsa
705 2387 787 2412 non
822 2375 939 2426 longe
974 2381 1076 2412 esset
1104 2374 1275 2412 inferior
1303 2386 1425 2424 aquae
1453 2379 1585 2411 totum

153 2452 227 2489 per
253 2451 404 2476 annum
434 2439 592 2491 delapsa
617 2442 733 2492 eopia
756 2448 795 2480 et
817 2449 987 2494 recepta.
1046 2446 1085 2480 9.
1116 2441 1375 2480 Manifestum
1398 2453 1500 2479 vero
1528 2447 1587 2479 est

151 2505 236 2544 eius
255 2505 366 2544 modi
385 2508 511 2545 multa
532 2508 714 2559 pluribus
736 2515 868 2547 terrae
889 2511 986 2548 locis
1007 2509 1187 2548 evenire.
1232 2509 1286 2546 Et
1305 2509 1466 2560 ineptus
1487 2522 1585 2560 pro—

151 2573 258 2612 fecto
276 2573 397 2624 foret,
422 2576 490 2625 qui
511 2588 592 2612 non
613 2575 874 2615 arbitraretur
894 2577 1032 2614 eadem
1055 2577 1105 2615 de
1125 2589 1239 2614 causa
1259 2590 1400 2628 aquam
1422 2590 1474 2614 ex
1491 2581 1586 2616 aere

152 2641 358 2691 procreari
387 2642 431 2680 in
456 2649 564 2680 terra
578 2671 589 2689 ,
632 2657 708 2694 qua
734 2658 854 2695 supra
879 2651 1049 2692 terram,
1079 2643 1134 2682 ita
1153 2650 1222 2692 ut,
1249 2644 1447 2696 siquidem
1466 2645 1522 2683 ibi
1541 2646 1585 2684 vi

152 2708 312 2759 frigoris
333 2714 402 2747 aer
421 2711 639 2762 vaporibus
666 2712 846 2763 repletus
869 2712 911 2749 in
928 2726 1068 2763 aquam
1088 2712 1293 2762 consistat,
1320 2713 1427 2751 idem
1445 2714 1489 2751 vi
1509 2714 1585 2752 fri-

152 2775 273 2824 goris,
305 2777 412 2827 quod
430 2778 473 2816 iu
494 2784 602 2817 terra
621 2779 859 2830 reperiatur,
890 2779 980 2818 fieri
1000 2793 1227 2819 censeamus
1244 2794 1403 2820 necesse
1423 2782 1496 2830 sit,
1521 2795 1585 2819 se·-

153 2843 262 2881 cerui
293 2850 444 2884 tantum
473 2859 616 2897 aquam
643 2847 686 2885 in
715 2847 784 2885 illa
805 2853 844 2886 et
862 2847 1006 2897 ssuere,
1035 2847 1105 2886 sed
1123 2848 1167 2886 id
1189 2862 1346 2900 quoque
1375 2849 1463 2887 fieri
1488 2862 1585 2886 con-
