1820 3158
0 427 14 598 -m--a—..‚„-

103 403 512 449 -p.364‚b.13ekk.-
563 405 669 444 LIB.
682 404 737 443 11.
771 403 891 444 CAP.
907 404 997 447 V1„
1025 397 1394 444 -*p.348‚ss.cas.—
1447 391 1536 435 107

104 516 263 572 αἶ’θριοι
292 516 337 558 ὑὲ
368 515 618 569 ἀπαρκτίας,
650 515 877 570 θρασκίας,
909 513 1121 570 ἀργέστης.
1146 511 1170 567 ἦ
1191 511 1234 554 δ’
1251 513 1360 555 αἷτία
1389 510 1545 566 εἴρηται

102 583 316 640 πρότερον.
376 590 445 626 21.
472 582 736 638 Ἀστραπαῖοι
767 582 811 624 δὲ
838 580 1020 636 μάλιστα
1050 575 1167 624 οὗτοί
1189 597 1232 623 τε
1252 581 1319 624 καὶ
1342 577 1363 622 ὅ
1385 579 1599 634 μέσης-21

104 652 172 694 διὰ
201 652 276 706 μὲν
304 650 382 707 γὰρ
412 651 460 694 τὸ
492 649 661 707 ἐγγύθεν
691 657 801 693 πνεΐν
828 652 988 706 ’ψυχροί
1014 652 1116 704 εἶσι,
1149 649 1217 692 διὰ
1240 649 1285 692 δὲ
1311 645 1359 692 τὸ
1382 647 1547 704 ψυχρὸν

104 719 292 776 ἀστραπὴ
331 720 506 775 γίνεται·
566 719 787 775 ἐκκρίνεται
822 718 899 776 γὰρ
930 718 1152 762 συνιόντων
1181 721 1263 761 τῶν
1292 719 1439 773 νεφῶν.
1482 715 1545 759 διὸ

105 789 171 829 καὶ
201 787 296 830 ἔνιοι
320 790 403 831 τῶν
430 786 564 830 αὐτῶν
592 786 751 831 τούτων
776 786 1027 842 χαλαζώὸεις
1055 788 1175 829 εἰσίν·
1226 784 1331 840 ταχὺ
1359 783 1439 840 γὰρ
1470 801 1550 839 πη-

104 854 307 910 γνύουσιν.
366 863 434 899 22.
461 854 666 912 Ἔκνεφιάι
697 856 741 899 δὲ
770 857 949 911 γίνονται
973 852 1218 910 μετοπώρου
1245 853 1320 908 μὲν
1347 850 1606 907 μάλιστα,22

106 921 180 965 εἶτ’
204 925 345 982 ἔαρος,
377 924 444 966 καὶ
463 923 645 977 μάλιστα
664 923 892 980 ἀπαρκτίας
918 925 986 967 καὶ
1012 924 1220 976 θρασκίας
1246 922 1313 964 καὶ
1339 919 1549 977 ἀργέστης.

105 992 236 1035 αἴτιον
272 992 314 1034 ‹5'
354 991 417 1035 ὅτι
448 991 486 1034 οἳ
524 992 702 1048 ἐκνεφίαι
739 993 917 1047 γίνονται
954 991 1137 1045 μάλιστα
1174 988 1275 1032 ὅταν
1313 987 1448 1030 ἄλλων
1486 988 1552 1030 ε’κ-

105 1059 308 1103 πνεόντων
337 1061 587 1114 ἐμπίπτωσιν
608 1060 749 1116 ἕτεροι,
780 1052 893 1101 οὗτοι
918 1059 963 1101 δὲ
991 1058 1173 1112 μάλιστα
1202 1057 1446 1110 ἐμπίπτουσι
1465 1061 1553 1105 τοῖς

106 1127 245 1178 ἄλλοις
281 1128 491 1171 πνέουσιν·
547 1125 574 1182 ἦ
613 1126 656 1169 δ’
691 1128 801 1168 αἰτία
834 1126 991 1183 εἴρηται
1039 1126 1106 1168 καὶ
1145 1123 1295 1168 τούτου
1336 1123 1552 1180 πρότερον.

106 1202 174 1239 23.
218 1196 269 1238 Οἳ
298 1197 340 1238 δ’
373 1196 529 1250 ἐτησίαι
565 1197 840 1251 περιίστανται
876 1201 964 1244 τοῖς
989 1194 1066 1248 μὲν
1095 1194 1187 1249 περὶ
1218 1191 1381 1246 δυσμὰς
1409 1194 1607 1236 vimi-23

105 1277 169 1305 σιν
196 1263 241 1306 ἐκ
269 1268 350 1306 τῶν
380 1262 613 1317 ἀπαρκτίων
654 1264 710 1313 εἷς
745 1264 952 1319 θρασκίας
990 1263 1058 1305 καὶ
1097 1261 1296 1317 ἀργέστας
1334 1262 1402 1303 καὶ
1432 1259 1552 1318 ζεφύ-

105 1347 203 1385 ρους
227 1324 271 1387 (ὃ
292 1330 369 1387 γὰρ
401 1331 572 1388 ζέφυρος
602 1330 794 1387 ἀρκτικός
821 1330 973 1387 ἐστιν),
1016 1329 1236 1387 ἀρχόμενοι
1262 1329 1338 1383 μὲν
1369 1328 1450 1372 ἀπὸ
1481 1333 1554 1383 τῆς

104 1397 272 1454 ἄρκτου,
297 1403 560 1449 τελευτῶντες
590 1399 632 1443 δ’
660 1401 717 1448 εἷς
743 1399 842 1449 τοὺς
870 1398 1039 1456 πόρρω·
1081 1405 1169 1448 τοῖς
1198 1398 1244 1440 δὲ
1273 1398 1379 1454 πρὸς
1405 1398 1458 1441 ἕω
1488 1415 1555 1440 πε-

104 1468 328 1522 ριίστανται
356 1467 475 1524 μέχρι
505 1472 579 1510 τοῦ
608 1467 859 1523 ἀπηλιώτου.
918 1470 988 1510 24.
1018 1467 1124 1523 Περὶ
1153 1467 1229 1521 μὲν
1265 1461 1338 1508 οὖν
1374 1466 1547 1521 ἀνέμων,
1558 1469 1610 1508 2-1

103 1538 178 1588 τῆς
205 1551 247 1577 τε
278 1534 320 1585 ἒξ
347 1535 477 1591 ἀρχῆς
509 1535 643 1578 αὐτῶν
672 1536 862 1591 γενέσεως
899 1537 967 1577 καὶ
998 1535 1141 1585 οὐσίας
1172 1536 1239 1578 καὶ
1269 1539 1351 1578 τῶν
1382 1538 1556 1588 συμβαι-

104 1601 258 1646 νόντων
289 1607 403 1661 κοινῇ
430 1620 473 1646 τε
504 1603 768 1658 παθημάτων
805 1605 870 1646 καὶ
905 1605 994 1659 περὶ
1032 1603 1204 1646 ἕκαστον
1241 1601 1426 1645 τοσαῦθ’
1458 1599 1556 1656 ἡμῖν

107 1669 306 1725 εἰρήσθω.

109 1806 315 1858 propellit.
375 1806 519 1845 Sereni
535 1813 630 1846 sunt
649 1809 903 1860 Septentri0‚
928 1808 1171 1857 Thrascias,
1204 1808 1414 1860 Argestes,
1445 1806 1556 1845 cuius

108 1874 169 1912 rei
198 1888 355 1918 causam
384 1888 507 1927 supra
528 1876 800 1929 exposuimus.
860 1880 929 1917 21.
958 1878 1138 1929 Fulgura
1161 1883 1296 1915 autem
1317 1875 1360 1914 hi
1380 1875 1556 1914 maxime

109 1948 150 1980 et
174 1944 306 1981 Meses
338 1941 556 1983 adducunt.
616 1945 722 1995 Quia
753 1945 861 1983 enim
892 1959 914 1983 e
940 1946 1175 1997 propinquo
1206 1945 1380 1997 spir-ant,
1420 1943 1557 1995 frigidi

108 2015 220 2049 sunt:
252 2011 415 2062 frigoris
435 2017 570 2051 autem
591 2013 636 2051 vi
656 2013 793 2064 fulgur
817 2013 1039 2052 excitatur:
1070 2013 1221 2065 quippe
1242 2012 1352 2064 quod
1373 2011 1557 2050 coeunti—

109 2077 183 2117 bus
213 2078 386 2117 nubibus
415 2081 660 2119 excernitur.
721 2081 923 2132 Quocirca
949 2088 988 2120 et
1007 2080 1157 2120 horum
1186 2081 1373 2119 nonnulli
1395 2079 1558 2131 grandi·

109 2159 202 2184 nem
221 2146 451 2186 advehunt:
478 2149 666 2188 celeriter
686 2149 792 2188 enim
811 2151 906 2201 gelu
927 2149 1124 2189 efficiunt.
1187 2153 1256 2188 22.
1275 2150 1332 2188 At
1355 2148 1558 2200 procellae

107 2221 303 2256 *autumno
322 2216 484 2267 quidem
503 2217 689 2264 maxime,
710 2217 857 2257 deinde
875 2232 973 2257 vere
996 2219 1214 2262 exsistunt,
1244 2230 1290 2255 ae
1304 2216 1557 2268 potissimum

114 2283 424 2334 Septentrione,
456 2283 650 2327 Thrascia
682 2290 722 2323 et
756 2286 927 2337 Argeste
957 2286 1156 2324 flantibus.
1214 2285 1339 2331 Cuius
1361 2283 1422 2321 rei
1445 2295 1561 2320 causa

113 2356 194 2397 est,
228 2350 337 2401 quod
358 2351 557 2400 procellae
579 2352 753 2390 maxime
778 2352 903 2403 fiunt,
944 2367 1035 2392 cum
1066 2354 1110 2392 in
1138 2354 1236 2391 alios
1266 2352 1465 2403 spirantes
1493 2349 1560 2388 alii

112 2417 314 2464 incidunt,
345 2417 454 2469 quod
477 2417 521 2455 hi
548 2420 800 2470 potissimum
825 2422 912 2460 aliis
933 2421 1126 2459 flantibus
1146 2421 1322 2468 faciunt3
1354 2418 1413 2457 uti
1439 2431 1562 2468 supra

113 2486 384 2538 exposuimus,
445 2489 511 2524 23.
542 2487 672 2525 Porro
698 2488 857 2527 Etesiae
881 2489 949 2537 iis,
981 2490 1051 2540 qui
1073 2501 1255 2526 occasum
1279 2500 1422 2526 versus
1447 2484 1562 2524 habi-

61 2602 67 2612 .
113 2559 217 2602 tant,
259 2567 311 2592 ex
339 2553 691 2605 Septentrionibus
723 2554 768 2593 in
796 2555 1031 2604 Thrascias‚
1071 2556 1261 2606 Argestes
1291 2561 1332 2594 et
1358 2554 1563 2593 Favonios

117 2618 334 2673 (siquidem
355 2622 589 2673 Septentrio
609 2622 815 2661 Favonius
836 2622 911 2674 est)
943 2629 1174 2670 transeunt,
1204 2623 1252 2661 ab
1273 2636 1366 2661 ursa
1397 2621 1561 2673 quidem

115 2688 364 2740 incipientes,
374 2701 419 2727 ac
436 2690 480 2727 in
501 2703 568 2727 eos
589 2688 831 2737 desinentes,
846 2691 914 2742 qui
934 2692 1053 2742 longe
1072 2690 1234 2729 absunt:
1258 2690 1319 2728 his
1337 2695 1470 2729 autem
1492 2689 1561 2740 qui

115 2770 257 2796 versus
271 2763 420 2805 ortum,
439 2756 489 2795 ad
502 2756 767 2796 subsolanum
785 2771 909 2810 usque
926 2763 1219 2810 permutantur.
1276 2760 1338 2798 Ac
1357 2757 1410 2796 de
1428 2758 1562 2796 ventis

117 2823 291 2875 quidem,
313 2831 354 2864 et
371 2825 504 2877 primo
524 2838 665 2863 eorum
688 2832 783 2864 ortu
801 2831 841 2864 et
857 2833 1001 2865 natura
1015 2827 1146 2878 deque
1163 2825 1451 2874 affectionibus,
1462 2839 1563 2877 quae

118 2897 202 2930 tum
222 2893 408 2932 omnibus
433 2899 519 2931 tum
538 2893 606 2931 uni
627 2894 771 2945 cuique
792 2894 997 2941 accidunt,
1023 2894 1215 2935 hactenus
1236 2895 1388 2934 dictum
1409 2893 1470 2932 sit.
