1774 3198
295 330 388 373 544
507 333 956 376 COMMENTARIUS
987 337 1047 376 IN
1076 337 1479 379 METEOROLOG.

291 448 472 498 exempla
504 447 611 498 apud
639 447 826 484 Senecam
854 448 1086 498 reperimus.
1156 446 1448 497 Argumentum
1478 452 1559 488 eius
1587 453 1695 489 modi
1731 441 1734 446 ’

292 509 646 565 ἀντιπεριστάσεως
677 519 734 550 est
761 514 1048 551 Aristoteli
1085 512 1190 563 quod
1222 520 1311 564 post
1344 515 1490 553 imbres
1522 517 1696 568 delapsos

290 581 399 618 venti
419 580 590 629 spirare,
622 586 711 629 post
729 585 939 617 ventorum
966 579 1078 617 ssatus
1108 579 1252 616 imbres
1278 580 1407 618 delabi
1435 582 1573 620 solent.
1627 586 1698 622 Est

289 646 409 694 igitur
427 645 547 695 ipsius
569 646 856 683 alteriusutrius
874 645 1135 697 phaenomeni
1152 646 1306 683 initium
1327 648 1435 697 quasi
1454 649 1619 686 victoria
1640 651 1697 687 al-

289 711 411 748 terius
436 711 594 761 vaporis
624 712 674 750 de
698 713 821 749 altero
847 718 1058 762 reportata.
1115 712 1320 750 Processus
1345 714 1422 751 iam
1447 716 1624 764 sequenti
1652 715 1698 752 fit

289 777 467 825 ratione,
499 790 574 827 qua
594 778 634 815 in
662 778 911 829 explicanda,
941 779 1048 828 signo
1076 772 1147 819 -Ι-ν
1173 779 1532 837 siccumlvaporem
1555 788 1594 819 et
1610 795 1697 819 -ν

288 842 496 880 humidum
517 844 690 882 indicare
708 846 905 882 volumus.
947 845 1088 883 Pluvia
1106 844 1271 882 decidit:
1302 847 1396 884 solis
1414 847 1515 884 radii
1534 854 1573 884 et
1591 848 1698 885 calor

288 916 472 948 terrenus
499 917 721 960 provocant
746 918 784 949 et
805 908 891 953 -l-‘v
913 916 952 948 et
974 932 1019 938 -—
1035 925 1072 948 ν.
1131 911 1246 949 Prior
1272 909 1353 950 κατ’
1380 909 1696 965 ἀντιπερίστασιν

288 989 309 1012 a
328 977 549 1026 posteriore
576 992 728 1015 sursum
755 978 917 1028 pellitur
936 977 985 1014 ad
1005 977 1228 1027 superiores
1249 978 1542 1028 atmosphaerae
1565 981 1697 1029 regio-

286 1055 354 1079 nes
367 1070 377 1088 ,
408 1044 513 1080 unde
534 1044 576 1081 in
596 1044 656 1081 his
677 1045 801 1081 siccus
822 1057 950 1095 vapor
971 1043 1197 1094 idcircoque
1223 1045 1331 1082 venti
1359 1044 1538 1084 obtinent
1564 1042 1696 1095 (κατέ-

282 1107 431 1159 χουσι),
462 1110 527 1159 qui
546 1110 639 1147 inde
658 1110 847 1158 defluunt,
867 1110 974 1148 unde
993 1111 1110 1147 simul
1131 1111 1286 1161 obliqua
1304 1117 1516 1149 ventorum
1532 1111 1696 1148 directio

287 1175 520 1225 explicatur.
582 1176 684 1212 Cum
705 1189 803 1213 vero
823 1177 928 1213 calor
948 1176 1215 1214 indesinenter
1232 1190 1387 1215 sursum
1407 1178 1581 1222 tollatur,
1607 1178 1696 1215 fons

285 1242 424 1278 caloris
452 1241 621 1292 denique
646 1242 808 1280 desinit:
845 1241 984 1291 incipit
1014 1242 1162 1291 friguS,
1190 1257 1278 1280 -ν
1303 1242 1563 1280 condensatur
1592 1249 1631 1280 et
1648 1243 1696 1280 fit

284 1308 436 1356 pluvia.
491 1307 578 1344 Ae'r
596 1308 854 1358 refrigeratur
876 1308 1045 1358 ideoque
1068 1308 1183 1345 etiam
1207 1311 1312 1358 -1-ν,
1344 1308 1442 1346 illud
1472 1310 1587 1358 σῶμα
1614 1309 1694 1346 τῶν

285 1369 454 1422 ἀνέμων,
484 1373 748 1412 condensatur
765 1379 804 1411 et
823 1380 1022 1424 tamquam
1041 1380 1183 1412 ventus
1202 1375 1252 1412 ad
1270 1381 1416 1425 terram
1440 1375 1560 1412 redit.
1602 1376 1693 1423 Quo

283 1439 372 1489 plus
400 1453 521 1489 aquae
539 1440 590 1477 ad
610 1446 756 1478 terram
779 1440 991 1486 relabitur,
1026 1454 1073 1477 eo
1091 1441 1180 1490 plus
1199 1441 1290 1478 sicci
1309 1440 1487 1479 humoris
1506 1453 1694 1491 procrea-

282 1511 360 1552 tur,
371 1504 508 1542 eadem
526 1507 689 1555 ratione,
702 1520 776 1556 qua
791 1520 838 1544 eo
855 1507 1049 1557 copiosior
1066 1507 1198 1544 fumus
1214 1507 1256 1543 in
1273 1506 1470 1556 lignorum
1489 1507 1694 1544 exustione

281 1570 346 1619 fit,
376 1584 453 1621 quo
471 1571 671 1610 humidius
689 1578 760 1610 est.
817 1574 887 1611 Est
902 1574 1023 1623 igitur
1044 1572 1220 1610 definitio
1241 1573 1352 1613 venti
1366 1573 1579 1610 secundum
1596 1573 1693 1611 Ari-

281 1638 463 1675 stotelem
485 1636 603 1675 haec:
631 1634 776 1688 ἄνεμός
798 1636 880 1677 ἔστι
911 1636 1070 1690 πλῆθός
1099 1652 1136 1677 τι
1164 1639 1236 1688 τῆς
1265 1637 1321 1683 εἷς
1347 1640 1418 1690 γῆς
1446 1638 1569 1690 ξηρᾶς
1597 1634 1694 1676 ἀνα-

281 1700 516 1754 θυμιάσεως
541 1700 770 1755 κινούμενον
799 1704 888 1757 περὶ
914 1702 986 1756 τὴν
1013 1706 1109 1757 γῆν;
1137 1706 1363 1755 superiores
1387 1704 1489 1743 aeris
1515 1705 1693 1755 regiones

280 1770 384 1808 circa
413 1776 559 1808 terram
589 1778 780 1822 perpetua
804 1773 1058 1810 revolutione
1087 1765 1335 1823 circumlatae
1360 1771 1539 1810 efficiunt
1567 1767 1694 1823 ἀρχὴν

281 1833 489 1886 κινήσεως,
521 1843 561 1874 et
580 1838 702 1875 siccus
727 1851 855 1889 vapor
880 1852 930 1895 ex
953 1844 1058 1876 terra
1076 1844 1306 1888 procreatus
1326 1834 1372 1876 τὸ
1391 1839 1509 1887 σῶμα
1535 1838 1607 1888 τῆς
1634 1850 1694 1874 κι-

279 1897 429 1951 νήσεως
457 1904 544 1941 sive
571 1900 617 1941 τὸ
649 1900 893 1953 κινούμενον.
949 1904 1132 1954 Denique
1160 1900 1206 1941 τὸ
1237 1900 1364 1949 αἴτιον
1399 1905 1472 1953 τῆς
1503 1899 1693 1952 κινήσεως

280 1973 340 2005 est
369 1964 686 2020 ἀντιπερίστασις
720 1970 789 2007 illa
823 1970 982 2020 vaporis
1008 1969 1163 2007 humidi
1195 1975 1235 2006 et
1263 1969 1375 2016 sicci,
1420 1981 1536 2018 quem
1571 1981 1691 2018 supra

280 2032 428 2072 καπνόν
458 2048 601 2074 vocare
632 2041 832 2074 statuerat.
898 2035 1207 2074 Aristotelis
1250 2034 1481 2072 sententiam
1520 2033 1562 2071 in
1592 2047 1691 2071 nuce

280 2102 466 2152 exposuit
495 2101 745 2139 Stobaeus
774 2101 920 2153 Eclog.
937 2101 1054 2151 plzys.
1076 2100 1108 2149 I,
1125 2105 1193 2155 23.
1223 2115 1266 2152 p.
1289 2100 1368 2139 624
1381 2100 1397 2138 ε’
1414 2096 1690 2153 Ἀριστοτέλης

277 2168 349 2217 τῆς
378 2167 500 2219 ξηρᾶς
530 2163 841 2217 ἀναθυμιάσεως
874 2164 949 2217 τὴν
978 2163 1140 2217 πρώτην
1170 2163 1402 2220 ἀναφοράν·
1439 2165 1619 2218 γίνεσθαι
1649 2162 1694 2203 δέ

279 2247 373 2272 ποτε
402 2235 451 2286 τῇ
480 2234 582 2290 ξηρᾷ
610 2230 712 2287 πρός
740 2228 964 2286 τὴν,ὖγρὰν
982 2233 1101 2284 μῖξιν.
1129 2233 1297 2284 Πνεῦμα
1323 2230 1397 2284 μὲν
1427 2225 1496 2271 οὖν
1525 2229 1568 2270 ἐκ
1592 2231 1690 2268 πολ-

278 2299 358 2337 λῶν
388 2302 608 2339 συνιουσῶν
636 2297 961 2350 ἀναθυμιάσεων,
991 2297 1062 2339 τὸν
1084 2295 1159 2352 γὰρ
1190 2296 1334 2351 ἄνεμον
1363 2294 1460 2337 εἶναι
1491 2297 1612 2349 ξηρᾶς
1640 2291 1689 2333 ἆ-

278 2361 479 2411 ναδόσεως
515 2367 677 2417 πλῆθος
712 2363 942 2417 κινούμενον
977 2364 1040 2404 ἐπὶ
1076 2367 1162 2418 γῆν.
1228 2365 1308 2404 Sed
1345 2365 1424 2403 iam
1458 2363 1509 2402 ad
1539 2363 1687 2412 singula

277 2436 532 2470 transeamus.
1594 2427 1597 2430 ’

391 2499 426 2535 1.
466 2496 627 2549 λέγομεν
657 2513 731 2550 pro
759 2496 929 2551 λέγωμεν
957 2501 1006 2538 Ε.
1029 2499 1081 2536 Ν.
1106 2520 1161 2528 —-
1197 2495 1385 2547 λαβόντες
1409 2492 1531 2545 ἄλλην
1559 2489 1686 2545 ἀρχήν

277 2563 410 2601 addito
430 2561 556 2615 ἄλλην
579 2566 630 2603 Η.
650 2566 705 2603 Ν.
725 2581 778 2593 -·-·
813 2565 958 2604 Iisdem
979 2565 1067 2603 fere
1084 2565 1218 2603 verbis
1237 2577 1355 2614 supra
1375 2575 1466 2600 usus
1488 2566 1545 2598 est
1572 2561 1626 2608 11,
1646 2564 1686 2606 3,

281 2634 342 2668 19.
374 2627 456 2681 εἶ’ὁή
477 2627 549 2669 δύο
577 2632 738 2669 inverso
762 2631 903 2669 ordine
922 2632 976 2669 H.
998 2631 1052 2670 N.
1075 2651 1124 2656 —
1155 2632 1217 2668 De
1235 2643 1280 2667 re
1304 2630 1376 2667 cfr.
1396 2627 1445 2664 ad
1465 2627 1497 2673 Ι,
1518 2626 1555 2674 4,
1577 2629 1610 2663 3.
1631 2648 1686 2654 —-

279 2691 372 2733 ὅλον
387 2693 460 2745 μέν
479 2687 704 2748 scripsimus
726 2711 816 2736 cum
826 2699 873 2736 E.
895 2711 984 2736 cum
1001 2697 1144 2748 reliqui
1162 2695 1278 2733 codd.
1300 2700 1339 2731 et
1358 2693 1549 2730 editiones
1570 2706 1687 2743 prae-

276 2761 394 2800 beant
412 2760 485 2810 μὲν
509 2760 615 2803 ὅλον.
629 2784 676 2791 -
718 2758 761 2802 τὸ
781 2777 855 2814 pro
873 2765 941 2818 τῷ,
965 2763 1071 2815 quod
1092 2761 1235 2800 deinde
1253 2760 1441 2810 sequitur,
1459 2758 1620 2797 exhibet
1633 2758 1675 2796 N
1676 2784 1699 2795 .-
