<?xml version="1.0" encoding="UTF-8"?>
<!DOCTYPE html PUBLIC "-//W3C//DTD XHTML 1.0 Transitional//EN"
    "http://www.w3.org/TR/xhtml1/DTD/xhtml1-transitional.dtd">
<html xmlns="http://www.w3.org/1999/xhtml" xml:lang="en" lang="en">
 <head>
  <title>
</title>
<meta http-equiv="Content-Type" content="text/html;charset=utf-8" />
  <meta name='ocr-system' content='tesseract 3.04.00' />
  <meta name='ocr-capabilities' content='ocr_page ocr_carea ocr_par ocr_line ocrx_word'/>
</head>
<body>
  <div class='ocr_page' id='page_1' title='image "./meteorologicorum01arisuoft_0197.png"; bbox 0 0 1774 3184; ppageno 0'>
   <div class='ocr_carea' id='block_1_1' title="bbox 182 344 1517 407">
    <p class='ocr_par' dir='ltr' id='par_1_1' title="bbox 182 344 1517 407">
     <span class='ocr_line' id='line_1_1' title="bbox 182 344 1517 407; baseline -0.007 0"><span class='ocrx_word' id='word_1_1' title='bbox 182 368 258 407; x_wconf 82' lang='grc' dir='ltr'><strong>ΕΤ</strong></span> <span class='ocrx_word' id='word_1_2' title='bbox 287 365 505 407; x_wconf 87' lang='lat' dir='ltr'><strong>OLYMP.</strong></span> <span class='ocrx_word' id='word_1_3' title='bbox 534 364 597 404; x_wconf 85' lang='lat' dir='ltr'><strong>IN</strong></span> <span class='ocrx_word' id='word_1_4' title='bbox 626 344 810 404; x_wconf 69' lang='lat' dir='ltr'><strong>AmsT.</strong></span> <span class='ocrx_word' id='word_1_5' title='bbox 834 362 1165 403; x_wconf 84' lang='lat' dir='ltr'><strong>METEOROL.</strong></span> <span class='ocrx_word' id='word_1_6' title='bbox 1194 361 1300 401; x_wconf 72' lang='lat' dir='ltr'><strong>ma</strong></span> <span class='ocrx_word' id='word_1_7' title='bbox 1320 362 1353 401; x_wconf 87' lang='lat'><strong>1.</strong></span> <span class='ocrx_word' id='word_1_8' title='bbox 1424 354 1517 398; x_wconf 83' lang='lat'><strong>157</strong></span> 
     </span>
    </p>
   </div>
   <div class='ocr_carea' id='block_1_2' title="bbox 64 466 1527 1285">
    <p class='ocr_par' dir='ltr' id='par_1_2' title="bbox 68 466 1525 877">
     <span class='ocr_line' id='line_1_2' title="bbox 68 466 1521 537; baseline -0.003 -15"><span class='ocrx_word' id='word_1_9' title='bbox 68 483 128 537; x_wconf 81' lang='grc' dir='ltr'><strong>τῷ</strong></span> <span class='ocrx_word' id='word_1_10' title='bbox 157 481 297 537; x_wconf 77' lang='grc' dir='ltr'><em>ξηρῷ·</em></span> <span class='ocrx_word' id='word_1_11' title='bbox 347 478 416 520; x_wconf 85' lang='grc' dir='ltr'><strong>καὶ</strong></span> <span class='ocrx_word' id='word_1_12' title='bbox 445 475 581 532; x_wconf 82' lang='grc' dir='ltr'>ὥσπερ</span> <span class='ocrx_word' id='word_1_13' title='bbox 610 474 658 518; x_wconf 86' lang='grc' dir='ltr'><strong>τὸ</strong></span> <span class='ocrx_word' id='word_1_14' title='bbox 687 473 801 531; x_wconf 71' lang='grc' dir='ltr'><strong>ὕδωρ</strong></span> <span class='ocrx_word' id='word_1_15' title='bbox 830 474 984 529; x_wconf 75' lang='grc' dir='ltr'>λέγεται</span> <span class='ocrx_word' id='word_1_16' title='bbox 1011 466 1137 528; x_wconf 77' lang='grc' dir='ltr'>ἦττον</span> <span class='ocrx_word' id='word_1_17' title='bbox 1163 470 1289 529; x_wconf 76' lang='grc' dir='ltr'>ὕγρὸν</span> <span class='ocrx_word' id='word_1_18' title='bbox 1317 471 1418 516; x_wconf 79' lang='grc' dir='ltr'>εἶναι</span> <span class='ocrx_word' id='word_1_19' title='bbox 1446 479 1521 517; x_wconf 86' lang='grc' dir='ltr'><strong>τοῦ</strong></span> 
     </span>
     <span class='ocr_line' id='line_1_3' title="bbox 69 539 1524 604; baseline -0.005 -14"><span class='ocrx_word' id='word_1_20' title='bbox 69 547 215 604; x_wconf 74' lang='grc' dir='ltr'><strong><em>ἀέρος,</em></strong></span> <span class='ocrx_word' id='word_1_21' title='bbox 257 546 334 601; x_wconf 78' lang='grc' dir='ltr'><strong>οὐχ</strong></span> <span class='ocrx_word' id='word_1_22' title='bbox 366 544 431 588; x_wconf 84' lang='grc' dir='ltr'><strong>ὅτι</strong></span> <span class='ocrx_word' id='word_1_23' title='bbox 467 543 549 600; x_wconf 78' lang='grc' dir='ltr'><strong>ἀὴρ</strong></span> <span class='ocrx_word' id='word_1_24' title='bbox 578 543 781 598; x_wconf 73' lang='grc' dir='ltr'><strong><em>ἐπιμιξίαν</em></strong></span> <span class='ocrx_word' id='word_1_25' title='bbox 807 541 972 593; x_wconf 70' lang='grc' dir='ltr'>ἐδέξατο</span> <span class='ocrx_word' id='word_1_26' title='bbox 1002 546 1078 583; x_wconf 83' lang='grc' dir='ltr'><strong>τοῦ</strong></span> <span class='ocrx_word' id='word_1_27' title='bbox 1105 539 1256 598; x_wconf 76' lang='grc' dir='ltr'><strong><em>ὖγρσῦ,</em></strong></span> <span class='ocrx_word' id='word_1_28' title='bbox 1293 540 1427 591; x_wconf 72' lang='grc' dir='ltr'>οὕτως</span> <span class='ocrx_word' id='word_1_29' title='bbox 1453 543 1524 585; x_wconf 86' lang='grc' dir='ltr'><strong>καὶ</strong></span> 
     </span>
     <span class='ocr_line' id='line_1_4' title="bbox 68 607 1523 671; baseline -0.004 -13"><span class='ocrx_word' id='word_1_30' title='bbox 68 614 95 671; x_wconf 80' lang='grc' dir='ltr'><em>ἢ</em></span> <span class='ocrx_word' id='word_1_31' title='bbox 130 614 276 670; x_wconf 79' lang='grc' dir='ltr'><strong><em>σελήνη</em></strong></span> <span class='ocrx_word' id='word_1_32' title='bbox 316 615 352 656; x_wconf 82' lang='grc' dir='ltr'><strong>εἲ</strong></span> <span class='ocrx_word' id='word_1_33' title='bbox 390 613 457 655; x_wconf 82' lang='grc' dir='ltr'><strong>καὶ</strong></span> <span class='ocrx_word' id='word_1_34' title='bbox 495 612 668 666; x_wconf 80' lang='grc' dir='ltr'><em>πλησίον</em></span> <span class='ocrx_word' id='word_1_35' title='bbox 703 611 790 654; x_wconf 73' lang='grc' dir='ltr'>ἐστὶ</span> <span class='ocrx_word' id='word_1_36' title='bbox 828 614 911 653; x_wconf 83' lang='grc' dir='ltr'><strong>τῶν</strong></span> <span class='ocrx_word' id='word_1_37' title='bbox 949 607 1099 652; x_wconf 77' lang='grc' dir='ltr'>ὖλικῶν</span> <span class='ocrx_word' id='word_1_38' title='bbox 1125 609 1284 652; x_wconf 78' lang='grc' dir='ltr'>τούτων</span> <span class='ocrx_word' id='word_1_39' title='bbox 1312 611 1523 664; x_wconf 79' lang='grc' dir='ltr'>στοιχείων</span> 
     </span>
     <span class='ocr_line' id='line_1_5' title="bbox 71 676 1523 740; baseline -0.003 -14"><span class='ocrx_word' id='word_1_40' title='bbox 71 683 226 740; x_wconf 75' lang='grc' dir='ltr'>λέγεται</span> <span class='ocrx_word' id='word_1_41' title='bbox 254 679 525 739; x_wconf 81' lang='grc' dir='ltr'>ῥυπαρώτερα</span> <span class='ocrx_word' id='word_1_42' title='bbox 554 679 659 735; x_wconf 72' lang='grc' dir='ltr'><strong>αὕτη</strong></span> <span class='ocrx_word' id='word_1_43' title='bbox 690 679 739 722; x_wconf 83' lang='grc' dir='ltr'><strong>οὗ</strong></span> <span class='ocrx_word' id='word_1_44' title='bbox 765 682 816 736; x_wconf 83' lang='grc' dir='ltr'><strong>τῇ</strong></span> <span class='ocrx_word' id='word_1_45' title='bbox 846 678 1026 738; x_wconf 70' lang='grc' dir='ltr'>ἐπιμιξίᾳ</span> <span class='ocrx_word' id='word_1_46' title='bbox 1051 676 1232 730; x_wconf 81' lang='grc' dir='ltr'>τούτων,</span> <span class='ocrx_word' id='word_1_47' title='bbox 1263 677 1371 720; x_wconf 81' lang='grc' dir='ltr'><em>ἀλλὰ</em></span> <span class='ocrx_word' id='word_1_48' title='bbox 1388 678 1456 720; x_wconf 82' lang='grc' dir='ltr'><strong>διὰ</strong></span> <span class='ocrx_word' id='word_1_49' title='bbox 1473 676 1523 721; x_wconf 77' lang='grc' dir='ltr'><strong>τὸ</strong></span> 
     </span>
     <span class='ocr_line' id='line_1_6' title="bbox 71 743 1525 807; baseline -0.003 -13"><span class='ocrx_word' id='word_1_50' title='bbox 71 749 171 794; x_wconf 76' lang='grc' dir='ltr'>εἶναι</span> <span class='ocrx_word' id='word_1_51' title='bbox 201 749 406 807; x_wconf 78' lang='grc' dir='ltr'>διαφορὰν</span> <span class='ocrx_word' id='word_1_52' title='bbox 434 752 508 791; x_wconf 82' lang='grc' dir='ltr'><strong>τοῦ</strong></span> <span class='ocrx_word' id='word_1_53' title='bbox 538 747 731 802; x_wconf 83' lang='grc' dir='ltr'>σώματος</span> <span class='ocrx_word' id='word_1_54' title='bbox 758 748 826 790; x_wconf 81' lang='grc' dir='ltr'><strong>καὶ</strong></span> <span class='ocrx_word' id='word_1_55' title='bbox 854 746 903 790; x_wconf 84' lang='grc' dir='ltr'><strong>τὸ</strong></span> <span class='ocrx_word' id='word_1_56' title='bbox 933 746 1010 800; x_wconf 73' lang='grc' dir='ltr'><strong>μὲν</strong></span> <span class='ocrx_word' id='word_1_57' title='bbox 1039 745 1166 788; x_wconf 74' lang='grc' dir='ltr'>αὐτοῦ</span> <span class='ocrx_word' id='word_1_58' title='bbox 1197 743 1297 788; x_wconf 77' lang='grc' dir='ltr'>εἶναι</span> <span class='ocrx_word' id='word_1_59' title='bbox 1325 744 1525 804; x_wconf 72' lang='grc' dir='ltr'>καθαρώ-</span> 
     </span>
     <span class='ocr_line' id='line_1_7' title="bbox 70 814 1188 877; baseline -0.005 -15"><span class='ocrx_word' id='word_1_60' title='bbox 70 836 201 877; x_wconf 81' lang='grc' dir='ltr'>τερον,</span> <span class='ocrx_word' id='word_1_61' title='bbox 231 818 279 861; x_wconf 84' lang='grc' dir='ltr'><strong>τὸ</strong></span> <span class='ocrx_word' id='word_1_62' title='bbox 311 817 359 860; x_wconf 78' lang='grc' dir='ltr'><strong>δὲ</strong></span> <span class='ocrx_word' id='word_1_63' title='bbox 390 814 694 874; x_wconf 79' lang='grc' dir='ltr'><strong>ῥυπαρώτερον.</strong></span> <span class='ocrx_word' id='word_1_64' title='bbox 754 819 910 871; x_wconf 84' lang='lat' dir='ltr'><strong>Olym</strong></span> <span class='ocrx_word' id='word_1_65' title='bbox 922 832 964 870; x_wconf 91' lang='lat' dir='ltr'><strong>p.</strong></span> <span class='ocrx_word' id='word_1_66' title='bbox 994 818 1064 857; x_wconf 88' lang='lat' dir='ltr'><strong>fol.</strong></span> <span class='ocrx_word' id='word_1_67' title='bbox 1087 821 1126 867; x_wconf 89' lang='lat'><strong>7,</strong></span> <span class='ocrx_word' id='word_1_68' title='bbox 1146 817 1188 856; x_wconf 89' lang='lat' dir='ltr'><strong>b.</strong></span> 
     </span>
    </p>

    <p class='ocr_par' dir='ltr' id='par_1_3' title="bbox 70 881 1527 1285">
     <span class='ocr_line' id='line_1_8' title="bbox 190 881 1523 940; baseline -0.004 -11"><span class='ocrx_word' id='word_1_69' title='bbox 190 886 360 930; x_wconf 72' lang='grc' dir='ltr'>Οὐδὲν</span> <span class='ocrx_word' id='word_1_70' title='bbox 390 883 582 928; x_wconf 80' lang='grc' dir='ltr'>κωλύει</span> <span class='ocrx_word' id='word_1_71' title='bbox 611 885 694 926; x_wconf 87' lang='grc' dir='ltr'><strong>καὶ</strong></span> <span class='ocrx_word' id='word_1_72' title='bbox 724 883 811 926; x_wconf 82' lang='grc' dir='ltr'><strong>διὰ</strong></span> <span class='ocrx_word' id='word_1_73' title='bbox 839 882 930 938; x_wconf 85' lang='grc' dir='ltr'><strong>τὴν</strong></span> <span class='ocrx_word' id='word_1_74' title='bbox 958 881 1131 940; x_wconf 80' lang='grc' dir='ltr'><em>κύκλῳ</em></span> <span class='ocrx_word' id='word_1_75' title='bbox 1160 881 1330 939; x_wconf 82' lang='grc' dir='ltr'>φοράν</span> <span class='ocrx_word' id='word_1_76' title='bbox 1356 891 1401 924; x_wconf 89' lang='lat' dir='ltr'><strong>et</strong></span> <span class='ocrx_word' id='word_1_77' title='bbox 1422 886 1523 937; x_wconf 87' lang='lat' dir='ltr'><strong>q.s.]</strong></span> 
     </span>
     <span class='ocr_line' id='line_1_9' title="bbox 64 950 1525 1039; baseline -0.003 -40.959"><span class='ocrx_word' id='word_1_78' title='bbox 64 953 131 998; x_wconf 85' lang='lat' dir='ltr'><strong>‘H</strong></span> <span class='ocrx_word' id='word_1_79' title='bbox 149 954 252 1039; x_wconf 83' lang='grc' dir='ltr'><em>άλλη</em></span> <span class='ocrx_word' id='word_1_80' title='bbox 275 954 407 1007; x_wconf 75' lang='grc' dir='ltr'>αἴτι’,α</span> <span class='ocrx_word' id='word_1_81' title='bbox 439 952 502 995; x_wconf 84' lang='grc' dir='ltr'><strong>ότι</strong></span> <span class='ocrx_word' id='word_1_82' title='bbox 533 951 602 996; x_wconf 72' lang='grc' dir='ltr'>διὰ</span> <span class='ocrx_word' id='word_1_83' title='bbox 628 952 704 1006; x_wconf 86' lang='grc' dir='ltr'><strong>τὴν</strong></span> <span class='ocrx_word' id='word_1_84' title='bbox 733 953 889 1007; x_wconf 87' lang='grc' dir='ltr'>κίνησιν</span> <span class='ocrx_word' id='word_1_85' title='bbox 918 950 966 993; x_wconf 84' lang='grc' dir='ltr'><strong>οὗ</strong></span> <span class='ocrx_word' id='word_1_86' title='bbox 995 951 1232 993; x_wconf 81' lang='grc' dir='ltr'>συνίσταται</span> <span class='ocrx_word' id='word_1_87' title='bbox 1262 951 1306 992; x_wconf 72' lang='grc' dir='ltr'><strong>ἐν</strong></span> <span class='ocrx_word' id='word_1_88' title='bbox 1331 955 1392 1008; x_wconf 78' lang='grc' dir='ltr'><strong>τῷ</strong></span> <span class='ocrx_word' id='word_1_89' title='bbox 1418 950 1525 994; x_wconf 82' lang='grc' dir='ltr'><em>ἀπο-</em></span> 
     </span>
     <span class='ocr_line' id='line_1_10' title="bbox 70 1017 1526 1082; baseline -0.003 -16"><span class='ocrx_word' id='word_1_90' title='bbox 70 1025 164 1082; x_wconf 77' lang='grc' dir='ltr'>γείῳ</span> <span class='ocrx_word' id='word_1_91' title='bbox 196 1023 284 1079; x_wconf 79' lang='grc' dir='ltr'>ἀέρι</span> <span class='ocrx_word' id='word_1_92' title='bbox 305 1022 434 1078; x_wconf 79' lang='grc' dir='ltr'><em>νέφη·</em></span> <span class='ocrx_word' id='word_1_93' title='bbox 466 1020 560 1070; x_wconf 82' lang='grc' dir='ltr'><em>ὅλος</em></span> <span class='ocrx_word' id='word_1_94' title='bbox 590 1020 668 1076; x_wconf 81' lang='grc' dir='ltr'><strong>γὰρ</strong></span> <span class='ocrx_word' id='word_1_95' title='bbox 696 1017 778 1075; x_wconf 81' lang='grc' dir='ltr'><strong>ἀήρ</strong></span> <span class='ocrx_word' id='word_1_96' title='bbox 807 1025 1048 1074; x_wconf 77' lang='grc' dir='ltr'>συγκινεῖται</span> <span class='ocrx_word' id='word_1_97' title='bbox 1076 1022 1137 1061; x_wconf 76' lang='grc' dir='ltr'><strong>τεῦ</strong></span> <span class='ocrx_word' id='word_1_98' title='bbox 1157 1020 1294 1072; x_wconf 86' lang='grc' dir='ltr'>παντί,</span> <span class='ocrx_word' id='word_1_99' title='bbox 1323 1019 1428 1074; x_wconf 74' lang='grc' dir='ltr'>πλὴν</span> <span class='ocrx_word' id='word_1_100' title='bbox 1450 1024 1526 1062; x_wconf 81' lang='grc' dir='ltr'><strong>τοῦ</strong></span> 
     </span>
     <span class='ocr_line' id='line_1_11' title="bbox 72 1084 1525 1148; baseline -0.003 -15"><span class='ocrx_word' id='word_1_101' title='bbox 72 1092 286 1148; x_wconf 74' lang='grc' dir='ltr'>περιγείου.</span> <span class='ocrx_word' id='word_1_102' title='bbox 325 1091 446 1139; x_wconf 87' lang='grc' dir='ltr'>ουτος</span> <span class='ocrx_word' id='word_1_103' title='bbox 472 1087 550 1145; x_wconf 83' lang='grc' dir='ltr'><strong>γάρ</strong></span> <span class='ocrx_word' id='word_1_104' title='bbox 582 1089 692 1130; x_wconf 77' lang='grc' dir='ltr'>ἐστιν</span> <span class='ocrx_word' id='word_1_105' title='bbox 721 1084 863 1129; x_wconf 78' lang='grc' dir='ltr'>ὁποῖον</span> <span class='ocrx_word' id='word_1_106' title='bbox 889 1087 995 1141; x_wconf 82' lang='grc' dir='ltr'>μετὰ</span> <span class='ocrx_word' id='word_1_107' title='bbox 1023 1091 1098 1141; x_wconf 84' lang='grc' dir='ltr'><strong>τῆς</strong></span> <span class='ocrx_word' id='word_1_108' title='bbox 1120 1091 1195 1143; x_wconf 79' lang='grc' dir='ltr'><strong>γῆς</strong></span> <span class='ocrx_word' id='word_1_109' title='bbox 1224 1093 1421 1143; x_wconf 78' lang='grc' dir='ltr'>σφαῖραν.</span> <span class='ocrx_word' id='word_1_110' title='bbox 1457 1089 1525 1130; x_wconf 81' lang='grc' dir='ltr'><strong>καὶ</strong></span> 
     </span>
     <span class='ocr_line' id='line_1_12' title="bbox 73 1153 1526 1214; baseline -0.003 -12"><span class='ocrx_word' id='word_1_111' title='bbox 73 1161 321 1214; x_wconf 79' lang='grc' dir='ltr'>σημείωσαι,</span> <span class='ocrx_word' id='word_1_112' title='bbox 361 1156 425 1199; x_wconf 82' lang='grc' dir='ltr'><strong>ὅτι</strong></span> <span class='ocrx_word' id='word_1_113' title='bbox 453 1160 526 1199; x_wconf 81' lang='grc' dir='ltr'><strong>νῦν</strong></span> <span class='ocrx_word' id='word_1_114' title='bbox 551 1156 629 1210; x_wconf 74' lang='grc' dir='ltr'><strong>μὲν</strong></span> <span class='ocrx_word' id='word_1_115' title='bbox 656 1153 704 1198; x_wconf 85' lang='grc' dir='ltr'>τό</span> <span class='ocrx_word' id='word_1_116' title='bbox 733 1154 814 1197; x_wconf 80' lang='grc' dir='ltr'><strong>ἀπὸ</strong></span> <span class='ocrx_word' id='word_1_117' title='bbox 844 1158 919 1197; x_wconf 87' lang='grc' dir='ltr'><strong>τοῦ</strong></span> <span class='ocrx_word' id='word_1_118' title='bbox 951 1155 1152 1211; x_wconf 81' lang='grc' dir='ltr'>περιγείου</span> <span class='ocrx_word' id='word_1_119' title='bbox 1189 1155 1290 1212; x_wconf 77' lang='grc' dir='ltr'>λέγει</span> <span class='ocrx_word' id='word_1_120' title='bbox 1333 1163 1526 1212; x_wconf 80' lang='grc' dir='ltr'>συγκινεῖ-</span> 
     </span>
     <span class='ocr_line' id='line_1_13' title="bbox 74 1220 1527 1285; baseline -0.002 -15"><span class='ocrx_word' id='word_1_121' title='bbox 74 1231 178 1270; x_wconf 74' lang='grc' dir='ltr'>σθαι</span> <span class='ocrx_word' id='word_1_122' title='bbox 205 1230 266 1285; x_wconf 79' lang='grc' dir='ltr'><strong>τῷ</strong></span> <span class='ocrx_word' id='word_1_123' title='bbox 294 1226 427 1268; x_wconf 85' lang='grc' dir='ltr'>παντί.</span> <span class='ocrx_word' id='word_1_124' title='bbox 485 1224 669 1278; x_wconf 84' lang='grc' dir='ltr'>Διοκλῆς</span> <span class='ocrx_word' id='word_1_125' title='bbox 689 1223 726 1279; x_wconf 72' lang='lat'><strong>¹⁶)</strong></span> <span class='ocrx_word' id='word_1_126' title='bbox 757 1223 803 1266; x_wconf 78' lang='grc' dir='ltr'><strong>δὲ</strong></span> <span class='ocrx_word' id='word_1_127' title='bbox 832 1220 960 1275; x_wconf 75' lang='grc' dir='ltr'>εἶπεν,</span> <span class='ocrx_word' id='word_1_128' title='bbox 1003 1222 1068 1266; x_wconf 86' lang='grc' dir='ltr'><strong>ὅτι</strong></span> <span class='ocrx_word' id='word_1_129' title='bbox 1096 1222 1193 1266; x_wconf 78' lang='grc' dir='ltr'><em>οὐδὲ</em></span> <span class='ocrx_word' id='word_1_130' title='bbox 1223 1223 1365 1279; x_wconf 75' lang='grc' dir='ltr'>ἄνεμοι</span> <span class='ocrx_word' id='word_1_131' title='bbox 1393 1226 1527 1281; x_wconf 78' lang='grc' dir='ltr'>γίνον-</span> 
     </span>
    </p>
   </div>
   <div class='ocr_carea' id='block_1_3' title="bbox 160 1356 1526 1466">
    <p class='ocr_par' dir='ltr' id='par_1_4' title="bbox 160 1356 1526 1466">
     <span class='ocr_line' id='line_1_14' title="bbox 163 1356 1526 1407; baseline 0 -12"><span class='ocrx_word' id='word_1_132' title='bbox 163 1363 246 1395; x_wconf 90' lang='lat' dir='ltr'><strong>dum</strong></span> <span class='ocrx_word' id='word_1_133' title='bbox 281 1361 412 1406; x_wconf 74' lang='lat' dir='ltr'><strong>legitur</strong></span> <span class='ocrx_word' id='word_1_134' title='bbox 447 1356 560 1396; x_wconf 68' lang='grc' dir='ltr'>οὕτως</span> <span class='ocrx_word' id='word_1_135' title='bbox 584 1357 611 1405; x_wconf 85' lang='grc' dir='ltr'><em>ἦ</em></span> <span class='ocrx_word' id='word_1_136' title='bbox 635 1358 803 1406; x_wconf 79' lang='grc' dir='ltr'>ἐπιμιξία</span> <span class='ocrx_word' id='word_1_137' title='bbox 829 1360 894 1395; x_wconf 79' lang='grc' dir='ltr'><strong>τοῦ</strong></span> <span class='ocrx_word' id='word_1_138' title='bbox 918 1358 1052 1407; x_wconf 74' lang='grc' dir='ltr'><strong><em>ὖγροὶἷ,</em></strong></span> <span class='ocrx_word' id='word_1_139' title='bbox 1085 1362 1382 1407; x_wconf 83' lang='lat' dir='ltr'><strong>quemadmodum</strong></span> <span class='ocrx_word' id='word_1_140' title='bbox 1418 1361 1526 1397; x_wconf 77' lang='lat' dir='ltr'><strong>etiam</strong></span> 
     </span>
     <span class='ocr_line' id='line_1_15' title="bbox 160 1414 1349 1466; baseline 0.001 -13"><span class='ocrx_word' id='word_1_141' title='bbox 160 1429 346 1464; x_wconf 85' lang='lat' dir='ltr'><strong>perperam</strong></span> <span class='ocrx_word' id='word_1_142' title='bbox 370 1419 540 1464; x_wconf 85' lang='lat' dir='ltr'>deinceps</span> <span class='ocrx_word' id='word_1_143' title='bbox 563 1419 809 1466; x_wconf 81' lang='grc' dir='ltr'>ῥυπαρωτέρα</span> <span class='ocrx_word' id='word_1_144' title='bbox 837 1415 932 1462; x_wconf 69' lang='grc' dir='ltr'><strong>αὕτη</strong></span> <span class='ocrx_word' id='word_1_145' title='bbox 956 1414 981 1462; x_wconf 81' lang='grc' dir='ltr'><em>ἦ</em></span> <span class='ocrx_word' id='word_1_146' title='bbox 1004 1416 1175 1462; x_wconf 77' lang='grc' dir='ltr'>ἐπιμιξία</span> <span class='ocrx_word' id='word_1_147' title='bbox 1197 1416 1349 1458; x_wconf 74' lang='grc' dir='ltr'>τούτων,</span> 
     </span>
    </p>
   </div>
   <div class='ocr_carea' id='block_1_4' title="bbox 114 1496 1563 2915">
    <p class='ocr_par' dir='ltr' id='par_1_5' title="bbox 114 1496 1563 2915">
     <span class='ocr_line' id='line_1_16' title="bbox 114 1496 1526 1543; baseline 0.001 -10"><span class='ocrx_word' id='word_1_148' title='bbox 114 1498 152 1543; x_wconf 87' lang='grc'><strong>*)</strong></span> <span class='ocrx_word' id='word_1_149' title='bbox 174 1500 234 1534; x_wconf 89' lang='lat' dir='ltr'><strong>De</strong></span> <span class='ocrx_word' id='word_1_150' title='bbox 254 1497 424 1533; x_wconf 89' lang='lat' dir='ltr'><strong>Diocle</strong></span> <span class='ocrx_word' id='word_1_151' title='bbox 447 1497 537 1533; x_wconf 84' lang='lat' dir='ltr'>nihil</span> <span class='ocrx_word' id='word_1_152' title='bbox 559 1496 649 1532; x_wconf 88' lang='lat' dir='ltr'><strong>certi</strong></span> <span class='ocrx_word' id='word_1_153' title='bbox 673 1503 826 1532; x_wconf 85' lang='lat' dir='ltr'><strong>constat.</strong></span> <span class='ocrx_word' id='word_1_154' title='bbox 874 1499 966 1532; x_wconf 82' lang='lat' dir='ltr'><strong>Puto</strong></span> <span class='ocrx_word' id='word_1_155' title='bbox 985 1503 1103 1532; x_wconf 87' lang='lat' dir='ltr'><strong>tamen</strong></span> <span class='ocrx_word' id='word_1_156' title='bbox 1121 1499 1300 1534; x_wconf 83' lang='lat' dir='ltr'><strong>celebrem</strong></span> <span class='ocrx_word' id='word_1_157' title='bbox 1322 1498 1424 1533; x_wconf 78' lang='lat' dir='ltr'><strong>illum</strong></span> <span class='ocrx_word' id='word_1_158' title='bbox 1448 1510 1526 1534; x_wconf 89' lang='lat' dir='ltr'><strong>me-</strong></span> 
     </span>
     <span class='ocr_line' id='line_1_17' title="bbox 162 1555 1527 1601; baseline -0.001 -11"><span class='ocrx_word' id='word_1_159' title='bbox 162 1556 282 1590; x_wconf 83' lang='lat' dir='ltr'><strong>dicum</strong></span> <span class='ocrx_word' id='word_1_160' title='bbox 313 1555 464 1601; x_wconf 82' lang='lat' dir='ltr'><strong>Carysto</strong></span> <span class='ocrx_word' id='word_1_161' title='bbox 499 1556 669 1590; x_wconf 87' lang='lat' dir='ltr'><strong>Euboeae</strong></span> <span class='ocrx_word' id='word_1_162' title='bbox 702 1556 793 1590; x_wconf 88' lang='lat' dir='ltr'><strong>urbe</strong></span> <span class='ocrx_word' id='word_1_163' title='bbox 820 1555 1012 1590; x_wconf 88' lang='lat' dir='ltr'><strong>oriundum</strong></span> <span class='ocrx_word' id='word_1_164' title='bbox 1035 1567 1115 1590; x_wconf 83' lang='lat' dir='ltr'><strong>esse</strong></span> <span class='ocrx_word' id='word_1_165' title='bbox 1137 1555 1428 1601; x_wconf 85' lang='lat' dir='ltr'><strong>intelligendum,</strong></span> <span class='ocrx_word' id='word_1_166' title='bbox 1465 1555 1527 1600; x_wconf 77' lang='lat' dir='ltr'><strong>qni</strong></span> 
     </span>
     <span class='ocr_line' id='line_1_18' title="bbox 162 1612 1530 1660; baseline -0.001 -12"><span class='ocrx_word' id='word_1_167' title='bbox 162 1613 337 1660; x_wconf 81' lang='lat' dir='ltr'><strong>Antigoni</strong></span> <span class='ocrx_word' id='word_1_168' title='bbox 366 1614 525 1648; x_wconf 89' lang='lat' dir='ltr'><strong>Gonatae</strong></span> <span class='ocrx_word' id='word_1_169' title='bbox 563 1612 784 1656; x_wconf 74' lang='lat' dir='ltr'><strong>temporibus</strong></span> <span class='ocrx_word' id='word_1_170' title='bbox 815 1612 912 1648; x_wconf 79' lang='lat' dir='ltr'><strong>vixit</strong></span> <span class='ocrx_word' id='word_1_171' title='bbox 942 1618 978 1647; x_wconf 90' lang='lat' dir='ltr'><strong>et</strong></span> <span class='ocrx_word' id='word_1_172' title='bbox 1000 1612 1153 1656; x_wconf 88' lang='lat' dir='ltr'><strong>plurima</strong></span> <span class='ocrx_word' id='word_1_173' title='bbox 1179 1612 1319 1647; x_wconf 89' lang='lat' dir='ltr'><strong>medica</strong></span> <span class='ocrx_word' id='word_1_174' title='bbox 1341 1619 1378 1647; x_wconf 88' lang='lat' dir='ltr'><strong>et</strong></span> <span class='ocrx_word' id='word_1_175' title='bbox 1401 1619 1530 1647; x_wconf 87' lang='lat' dir='ltr'><strong>anato-</strong></span> 
     </span>
     <span class='ocr_line' id='line_1_19' title="bbox 162 1668 1528 1715; baseline -0.001 -10"><span class='ocrx_word' id='word_1_176' title='bbox 162 1671 257 1705; x_wconf 80' lang='lat' dir='ltr'><strong>mica</strong></span> <span class='ocrx_word' id='word_1_177' title='bbox 287 1670 452 1715; x_wconf 81' lang='lat' dir='ltr'><strong>scripsit,</strong></span> <span class='ocrx_word' id='word_1_178' title='bbox 493 1681 542 1704; x_wconf 81' lang='lat' dir='ltr'><strong>ex</strong></span> <span class='ocrx_word' id='word_1_179' title='bbox 576 1668 705 1714; x_wconf 81' lang='lat' dir='ltr'><strong>quibus</strong></span> <span class='ocrx_word' id='word_1_180' title='bbox 737 1669 903 1704; x_wconf 88' lang='lat' dir='ltr'><strong>omnibus</strong></span> <span class='ocrx_word' id='word_1_181' title='bbox 938 1680 1057 1714; x_wconf 77' lang='lat' dir='ltr'><strong>neque</strong></span> <span class='ocrx_word' id='word_1_182' title='bbox 1093 1669 1271 1704; x_wconf 89' lang='lat' dir='ltr'><strong>Galeni</strong></span> <span class='ocrx_word' id='word_1_183' title='bbox 1305 1670 1528 1714; x_wconf 82' lang='lat' dir='ltr'><strong>temporibus</strong></span> 
     </span>
     <span class='ocr_line' id='line_1_20' title="bbox 164 1726 1527 1772; baseline 0 -11"><span class='ocrx_word' id='word_1_184' title='bbox 164 1733 350 1772; x_wconf 81' lang='lat' dir='ltr'><strong>supererat</strong></span> <span class='ocrx_word' id='word_1_185' title='bbox 373 1728 431 1768; x_wconf 80' lang='lat' dir='ltr'><strong>(de</strong></span> <span class='ocrx_word' id='word_1_186' title='bbox 452 1728 635 1760; x_wconf 78' lang='lat' dir='ltr'><strong>administr.</strong></span> <span class='ocrx_word' id='word_1_187' title='bbox 657 1734 803 1761; x_wconf 76' lang='lat' dir='ltr'><strong>anatum.</strong></span> <span class='ocrx_word' id='word_1_188' title='bbox 829 1726 891 1762; x_wconf 91' lang='lat' dir='ltr'><strong>lib.</strong></span> <span class='ocrx_word' id='word_1_189' title='bbox 913 1727 960 1761; x_wconf 91' lang='lat'><strong>11.</strong></span> <span class='ocrx_word' id='word_1_190' title='bbox 987 1739 1024 1771; x_wconf 89' lang='lat' dir='ltr'><strong>p.</strong></span> <span class='ocrx_word' id='word_1_191' title='bbox 1047 1727 1127 1762; x_wconf 85' lang='lat'><strong>129.</strong></span> <span class='ocrx_word' id='word_1_192' title='bbox 1153 1728 1220 1761; x_wconf 85' lang='lat' dir='ltr'><strong>lx.</strong></span> <span class='ocrx_word' id='word_1_193' title='bbox 1244 1739 1279 1772; x_wconf 89' lang='lat' dir='ltr'><strong>p.</strong></span> <span class='ocrx_word' id='word_1_194' title='bbox 1300 1726 1384 1771; x_wconf 83' lang='lat'>194)</span> <span class='ocrx_word' id='word_1_195' title='bbox 1408 1738 1527 1772; x_wconf 82' lang='lat' dir='ltr'><strong>neque</strong></span> 
     </span>
     <span class='ocr_line' id='line_1_21' title="bbox 164 1783 1530 1831; baseline 0 -13"><span class='ocrx_word' id='word_1_196' title='bbox 164 1785 256 1818; x_wconf 87' lang='lat' dir='ltr'><strong>adeo</strong></span> <span class='ocrx_word' id='word_1_197' title='bbox 279 1783 412 1818; x_wconf 84' lang='lat' dir='ltr'><strong>nostris</strong></span> <span class='ocrx_word' id='word_1_198' title='bbox 425 1810 435 1826; x_wconf 93' lang='lat'>‚</span> <span class='ocrx_word' id='word_1_199' title='bbox 470 1789 612 1828; x_wconf 86' lang='lat' dir='ltr'><strong>praeter</strong></span> <span class='ocrx_word' id='word_1_200' title='bbox 634 1794 743 1817; x_wconf 85' lang='lat' dir='ltr'><strong>unam</strong></span> <span class='ocrx_word' id='word_1_201' title='bbox 766 1783 954 1828; x_wconf 89' lang='lat' dir='ltr'><strong>epistolam</strong></span> <span class='ocrx_word' id='word_1_202' title='bbox 977 1785 1022 1818; x_wconf 87' lang='lat' dir='ltr'><strong>ad</strong></span> <span class='ocrx_word' id='word_1_203' title='bbox 1045 1783 1268 1818; x_wconf 81' lang='lat' dir='ltr'><strong>Antiochum</strong></span> <span class='ocrx_word' id='word_1_204' title='bbox 1290 1795 1414 1831; x_wconf 88' lang='lat' dir='ltr'><strong>regem</strong></span> <span class='ocrx_word' id='word_1_205' title='bbox 1440 1784 1530 1819; x_wconf 80' lang='lat' dir='ltr'><strong>scri·</strong></span> 
     </span>
     <span class='ocr_line' id='line_1_22' title="bbox 162 1840 1530 1888; baseline 0.001 -13"><span class='ocrx_word' id='word_1_206' title='bbox 162 1847 259 1886; x_wconf 89' lang='lat' dir='ltr'><strong>ptam</strong></span> <span class='ocrx_word' id='word_1_207' title='bbox 285 1840 396 1886; x_wconf 85' lang='lat' dir='ltr'><strong>(apud</strong></span> <span class='ocrx_word' id='word_1_208' title='bbox 418 1842 543 1875; x_wconf 84' lang='lat' dir='ltr'><strong>Paul.</strong></span> <span class='ocrx_word' id='word_1_209' title='bbox 564 1840 780 1888; x_wconf 84' lang='lat' dir='ltr'><strong>Aeginet.</strong></span> <span class='ocrx_word' id='word_1_210' title='bbox 801 1842 840 1875; x_wconf 87' lang='lat' dir='ltr'><strong>L.</strong></span> <span class='ocrx_word' id='word_1_211' title='bbox 855 1842 884 1875; x_wconf 90' lang='lat'><strong>1.</strong></span> <span class='ocrx_word' id='word_1_212' title='bbox 914 1853 944 1876; x_wconf 91' lang='lat' dir='ltr'><strong>c.</strong></span> <span class='ocrx_word' id='word_1_213' title='bbox 968 1842 1032 1875; x_wconf 88' lang='lat' dir='ltr'><strong>ult.</strong></span> <span class='ocrx_word' id='word_1_214' title='bbox 1058 1840 1276 1885; x_wconf 82' lang='lat' dir='ltr'><strong>servatam),</strong></span> <span class='ocrx_word' id='word_1_215' title='bbox 1297 1853 1391 1887; x_wconf 87' lang='lat' dir='ltr'><strong>quae</strong></span> <span class='ocrx_word' id='word_1_216' title='bbox 1408 1847 1530 1877; x_wconf 86' lang='lat' dir='ltr'><strong>tamen</strong></span> 
     </span>
     <span class='ocr_line' id='line_1_23' title="bbox 162 1897 1528 1943; baseline 0.001 -11"><span class='ocrx_word' id='word_1_217' title='bbox 162 1899 292 1943; x_wconf 86' lang='lat' dir='ltr'><strong>procul</strong></span> <span class='ocrx_word' id='word_1_218' title='bbox 304 1897 413 1931; x_wconf 91' lang='lat' dir='ltr'><strong>dubio</strong></span> <span class='ocrx_word' id='word_1_219' title='bbox 428 1898 472 1931; x_wconf 90' lang='lat' dir='ltr'><strong>ab</strong></span> <span class='ocrx_word' id='word_1_220' title='bbox 490 1897 562 1932; x_wconf 86' lang='lat' dir='ltr'><strong>alio</strong></span> <span class='ocrx_word' id='word_1_221' title='bbox 575 1898 730 1942; x_wconf 76' lang='lat' dir='ltr'><strong>quodam</strong></span> <span class='ocrx_word' id='word_1_222' title='bbox 752 1898 926 1943; x_wconf 84' lang='lat' dir='ltr'><strong>scriptore</strong></span> <span class='ocrx_word' id='word_1_223' title='bbox 949 1900 1111 1943; x_wconf 88' lang='lat' dir='ltr'><strong>profecta</strong></span> <span class='ocrx_word' id='word_1_224' title='bbox 1127 1904 1192 1934; x_wconf 84' lang='lat' dir='ltr'><strong>est.</strong></span> <span class='ocrx_word' id='word_1_225' title='bbox 1224 1898 1300 1934; x_wconf 87' lang='lat' dir='ltr'><strong>cfr.</strong></span> <span class='ocrx_word' id='word_1_226' title='bbox 1322 1899 1347 1933; x_wconf 93' lang='lat' dir='ltr'>S</span> <span class='ocrx_word' id='word_1_227' title='bbox 1359 1901 1528 1934; x_wconf 86' lang='lat' dir='ltr'><strong>chulze</strong></span> 
     </span>
     <span class='ocr_line' id='line_1_24' title="bbox 162 1952 1529 2001; baseline 0.001 -12"><span class='ocrx_word' id='word_1_228' title='bbox 162 1958 294 1990; x_wconf 65' lang='lat' dir='ltr'><strong>Hister.</strong></span> <span class='ocrx_word' id='word_1_229' title='bbox 325 1956 442 1988; x_wconf 81' lang='lat' dir='ltr'><strong>medic.</strong></span> <span class='ocrx_word' id='word_1_230' title='bbox 475 1967 511 1999; x_wconf 85' lang='lat' dir='ltr'><strong>p.</strong></span> <span class='ocrx_word' id='word_1_231' title='bbox 536 1957 618 1990; x_wconf 79' lang='lat'><strong>337.</strong></span> <span class='ocrx_word' id='word_1_232' title='bbox 688 1955 775 1989; x_wconf 87' lang='lat' dir='ltr'><strong>Eius</strong></span> <span class='ocrx_word' id='word_1_233' title='bbox 807 1952 1023 2001; x_wconf 76' lang='grc' dir='ltr'>ῥιζοτομικιί</span> <span class='ocrx_word' id='word_1_234' title='bbox 1053 1957 1243 1991; x_wconf 81' lang='lat' dir='ltr'><strong>laudantur</strong></span> <span class='ocrx_word' id='word_1_235' title='bbox 1276 1968 1298 1991; x_wconf 83' lang='lat' dir='ltr'><strong>a</strong></span> <span class='ocrx_word' id='word_1_236' title='bbox 1323 1957 1446 1991; x_wconf 88' lang='lat' dir='ltr'><strong>Schol.</strong></span> <span class='ocrx_word' id='word_1_237' title='bbox 1483 1957 1529 1991; x_wconf 84' lang='lat' dir='ltr'><strong>ad</strong></span> 
     </span>
     <span class='ocr_line' id='line_1_25' title="bbox 163 2012 1528 2060; baseline 0.001 -14"><span class='ocrx_word' id='word_1_238' title='bbox 163 2012 307 2046; x_wconf 85' lang='lat' dir='ltr'><strong>Nican</strong></span> <span class='ocrx_word' id='word_1_239' title='bbox 319 2012 380 2046; x_wconf 88' lang='lat' dir='ltr'><strong>dr.</strong></span> <span class='ocrx_word' id='word_1_240' title='bbox 419 2013 575 2046; x_wconf 75' lang='lat' dir='ltr'><strong>Then‘w.</strong></span> <span class='ocrx_word' id='word_1_241' title='bbox 611 2023 650 2047; x_wconf 87' lang='lat' dir='ltr'><strong>v.</strong></span> <span class='ocrx_word' id='word_1_242' title='bbox 677 2013 760 2048; x_wconf 85' lang='lat'><strong>627.</strong></span> <span class='ocrx_word' id='word_1_243' title='bbox 794 2012 875 2048; x_wconf 82' lang='lat'><strong>647.</strong></span> <span class='ocrx_word' id='word_1_244' title='bbox 909 2025 943 2058; x_wconf 87' lang='lat' dir='ltr'><strong>p.</strong></span> <span class='ocrx_word' id='word_1_245' title='bbox 970 2012 1029 2048; x_wconf 88' lang='grc'><strong>41.</strong></span> <span class='ocrx_word' id='word_1_246' title='bbox 1060 2013 1119 2049; x_wconf 80' lang='lat'><strong>43.</strong></span> <span class='ocrx_word' id='word_1_247' title='bbox 1190 2014 1458 2060; x_wconf 84' lang='lat' dir='ltr'><strong>Saepenumero</strong></span> <span class='ocrx_word' id='word_1_248' title='bbox 1483 2015 1528 2048; x_wconf 93' lang='lat' dir='ltr'><strong>ad</strong></span> 
     </span>
     <span class='ocr_line' id='line_1_26' title="bbox 162 2068 1528 2118; baseline 0.001 -15"><span class='ocrx_word' id='word_1_249' title='bbox 162 2080 246 2103; x_wconf 89' lang='lat' dir='ltr'><strong>eum</strong></span> <span class='ocrx_word' id='word_1_250' title='bbox 276 2074 449 2114; x_wconf 83' lang='lat' dir='ltr'><strong>provocat</strong></span> <span class='ocrx_word' id='word_1_251' title='bbox 481 2068 663 2104; x_wconf 88' lang='lat' dir='ltr'><strong>Plinius</strong></span> <span class='ocrx_word' id='word_1_252' title='bbox 696 2069 736 2104; x_wconf 82' lang='lat' dir='ltr'><strong>in</strong></span> <span class='ocrx_word' id='word_1_253' title='bbox 760 2073 917 2104; x_wconf 68' lang='lat' dir='ltr'><strong>Historia</strong></span> <span class='ocrx_word' id='word_1_254' title='bbox 943 2074 1102 2116; x_wconf 74' lang='lat' dir='ltr'><strong>naturali.</strong></span> <span class='ocrx_word' id='word_1_255' title='bbox 1152 2072 1249 2118; x_wconf 82' lang='lat' dir='ltr'><strong>Quid</strong></span> <span class='ocrx_word' id='word_1_256' title='bbox 1281 2083 1339 2106; x_wconf 91' lang='lat' dir='ltr'><strong>me</strong></span> <span class='ocrx_word' id='word_1_257' title='bbox 1366 2082 1528 2106; x_wconf 87' lang='lat' dir='ltr'><strong>commo-</strong></span> 
     </span>
     <span class='ocr_line' id='line_1_27' title="bbox 163 2127 1528 2169; baseline 0.001 -8"><span class='ocrx_word' id='word_1_258' title='bbox 163 2132 258 2169; x_wconf 82' lang='lat' dir='ltr'><strong>veat,</strong></span> <span class='ocrx_word' id='word_1_259' title='bbox 283 2138 349 2161; x_wconf 85' lang='lat' dir='ltr'><strong>cur</strong></span> <span class='ocrx_word' id='word_1_260' title='bbox 369 2127 520 2160; x_wconf 86' lang='lat' dir='ltr'><strong>eundem</strong></span> <span class='ocrx_word' id='word_1_261' title='bbox 545 2138 624 2161; x_wconf 87' lang='lat' dir='ltr'><strong>esse</strong></span> <span class='ocrx_word' id='word_1_262' title='bbox 648 2138 815 2162; x_wconf 81' lang='lat' dir='ltr'><strong>censeam</strong></span> <span class='ocrx_word' id='word_1_263' title='bbox 841 2129 938 2162; x_wconf 87' lang='lat' dir='ltr'><strong>hunc</strong></span> <span class='ocrx_word' id='word_1_264' title='bbox 961 2134 1125 2163; x_wconf 86' lang='lat' dir='ltr'><strong>nostrum</strong></span> <span class='ocrx_word' id='word_1_265' title='bbox 1150 2129 1367 2163; x_wconf 89' lang='lat' dir='ltr'><strong>Dioclem</strong></span> <span class='ocrx_word' id='word_1_266' title='bbox 1393 2135 1431 2163; x_wconf 92' lang='lat' dir='ltr'><strong>et</strong></span> <span class='ocrx_word' id='word_1_267' title='bbox 1452 2140 1528 2163; x_wconf 83' lang='lat' dir='ltr'><strong>me-</strong></span> 
     </span>
     <span class='ocr_line' id='line_1_28' title="bbox 164 2182 1528 2232; baseline 0.002 -16"><span class='ocrx_word' id='word_1_268' title='bbox 164 2182 284 2216; x_wconf 85' lang='lat' dir='ltr'><strong>dicum</strong></span> <span class='ocrx_word' id='word_1_269' title='bbox 309 2182 436 2227; x_wconf 88' lang='lat' dir='ltr'><strong>illum,</strong></span> <span class='ocrx_word' id='word_1_270' title='bbox 478 2195 584 2228; x_wconf 83' lang='lat' dir='ltr'><strong>quem</strong></span> <span class='ocrx_word' id='word_1_271' title='bbox 611 2183 852 2220; x_wconf 87' lang='lat' dir='ltr'><strong>Athenienses</strong></span> <span class='ocrx_word' id='word_1_272' title='bbox 887 2186 934 2220; x_wconf 92' lang='lat' dir='ltr'><strong>ob</strong></span> <span class='ocrx_word' id='word_1_273' title='bbox 957 2186 1086 2220; x_wconf 89' lang='lat' dir='ltr'><strong>merita</strong></span> <span class='ocrx_word' id='word_1_274' title='bbox 1116 2198 1181 2220; x_wconf 90' lang='lat' dir='ltr'><strong>sua</strong></span> <span class='ocrx_word' id='word_1_275' title='bbox 1213 2197 1341 2232; x_wconf 85' lang='lat' dir='ltr'><strong>magna</strong></span> <span class='ocrx_word' id='word_1_276' title='bbox 1376 2187 1528 2220; x_wconf 78' lang='lat' dir='ltr'><strong>alterum</strong></span> 
     </span>
     <span class='ocr_line' id='line_1_29' title="bbox 164 2239 1526 2287; baseline 0.004 -16"><span class='ocrx_word' id='word_1_277' title='bbox 164 2239 400 2283; x_wconf 86' lang='lat' dir='ltr'><strong>Hippocra</strong></span> <span class='ocrx_word' id='word_1_278' title='bbox 411 2245 497 2274; x_wconf 90' lang='lat' dir='ltr'><strong>tem</strong></span> <span class='ocrx_word' id='word_1_279' title='bbox 522 2242 750 2285; x_wconf 80' lang='lat' dir='ltr'><strong>appellavere</strong></span> <span class='ocrx_word' id='word_1_280' title='bbox 771 2248 863 2277; x_wconf 89' lang='lat' dir='ltr'><strong>teste</strong></span> <span class='ocrx_word' id='word_1_281' title='bbox 888 2243 920 2276; x_wconf 87' lang='lat' dir='ltr'>G</span> <span class='ocrx_word' id='word_1_282' title='bbox 932 2245 975 2277; x_wconf 87' lang='lat' dir='ltr'><strong>al</strong></span> <span class='ocrx_word' id='word_1_283' title='bbox 988 2255 1008 2277; x_wconf 91' lang='lat' dir='ltr'><strong>e</strong></span> <span class='ocrx_word' id='word_1_284' title='bbox 1020 2255 1044 2277; x_wconf 93' lang='lat' dir='ltr'><strong>n</strong></span> <span class='ocrx_word' id='word_1_285' title='bbox 1055 2253 1078 2277; x_wconf 91' lang='lat' dir='ltr'><strong>o</strong></span> <span class='ocrx_word' id='word_1_286' title='bbox 1105 2243 1160 2287; x_wconf 77' lang='lat' dir='ltr'><strong>(de</strong></span> <span class='ocrx_word' id='word_1_287' title='bbox 1175 2245 1261 2277; x_wconf 79' lang='lat' dir='ltr'><strong>dieb.</strong></span> <span class='ocrx_word' id='word_1_288' title='bbox 1274 2244 1437 2277; x_wconf 71' lang='lat' dir='ltr'><strong>decretor.</strong></span> <span class='ocrx_word' id='word_1_289' title='bbox 1449 2244 1478 2286; x_wconf 89' lang='lat' dir='ltr'><strong>I,</strong></span> <span class='ocrx_word' id='word_1_290' title='bbox 1490 2243 1526 2286; x_wconf 89' lang='grc'><strong>2)</strong></span> 
     </span>
     <span class='ocr_line' id='line_1_30' title="bbox 165 2295 1529 2345; baseline 0.003 -17"><span class='ocrx_word' id='word_1_291' title='bbox 165 2300 220 2329; x_wconf 88' lang='lat' dir='ltr'><strong>est</strong></span> <span class='ocrx_word' id='word_1_292' title='bbox 243 2295 324 2338; x_wconf 86' lang='lat' dir='ltr'><strong>quia</strong></span> <span class='ocrx_word' id='word_1_293' title='bbox 346 2296 492 2330; x_wconf 89' lang='lat' dir='ltr'><strong>morbos</strong></span> <span class='ocrx_word' id='word_1_294' title='bbox 518 2302 687 2332; x_wconf 80' lang='lat' dir='ltr'><strong>statuerat</strong></span> <span class='ocrx_word' id='word_1_295' title='bbox 716 2298 804 2333; x_wconf 89' lang='lat' dir='ltr'><strong>oriri</strong></span> <span class='ocrx_word' id='word_1_296' title='bbox 831 2311 882 2334; x_wconf 84' lang='lat' dir='ltr'><strong>ex</strong></span> <span class='ocrx_word' id='word_1_297' title='bbox 904 2299 1158 2345; x_wconf 86' lang='lat' dir='ltr'><strong>inaequalitate</strong></span> <span class='ocrx_word' id='word_1_298' title='bbox 1182 2301 1455 2343; x_wconf 76' lang='lat' dir='ltr'><strong>elementorum,</strong></span> <span class='ocrx_word' id='word_1_299' title='bbox 1480 2311 1529 2334; x_wconf 77' lang='lat' dir='ltr'><strong>ex</strong></span> 
     </span>
     <span class='ocr_line' id='line_1_31' title="bbox 167 2351 1526 2401; baseline 0.003 -15"><span class='ocrx_word' id='word_1_300' title='bbox 167 2351 346 2386; x_wconf 83' lang='lat' dir='ltr'><strong>contrario</strong></span> <span class='ocrx_word' id='word_1_301' title='bbox 372 2363 494 2386; x_wconf 89' lang='lat' dir='ltr'><strong>eorum</strong></span> <span class='ocrx_word' id='word_1_302' title='bbox 517 2359 610 2387; x_wconf 83' lang='lat' dir='ltr'><strong>statu</strong></span> <span class='ocrx_word' id='word_1_303' title='bbox 633 2361 669 2389; x_wconf 90' lang='lat' dir='ltr'><strong>et</strong></span> <span class='ocrx_word' id='word_1_304' title='bbox 687 2366 735 2390; x_wconf 84' lang='lat' dir='ltr'><strong>ex</strong></span> <span class='ocrx_word' id='word_1_305' title='bbox 752 2356 846 2391; x_wconf 70' lang='lat' dir='ltr'><strong>aeris</strong></span> <span class='ocrx_word' id='word_1_306' title='bbox 862 2356 1118 2391; x_wconf 84' lang='lat' dir='ltr'><strong>constitutione</strong></span> <span class='ocrx_word' id='word_1_307' title='bbox 1143 2357 1222 2401; x_wconf 83' lang='lat' dir='ltr'><strong>(cfr.</strong></span> <span class='ocrx_word' id='word_1_308' title='bbox 1251 2357 1409 2391; x_wconf 89' lang='lat' dir='ltr'><strong>Galen.</strong></span> <span class='ocrx_word' id='word_1_309' title='bbox 1432 2359 1526 2391; x_wconf 78' lang='lat' dir='ltr'><strong>Hist.</strong></span> 
     </span>
     <span class='ocr_line' id='line_1_32' title="bbox 167 2409 1527 2458; baseline 0.006 -18"><span class='ocrx_word' id='word_1_310' title='bbox 167 2410 285 2452; x_wconf 82' lang='lat' dir='ltr'><strong>philos.</strong></span> <span class='ocrx_word' id='word_1_311' title='bbox 310 2409 490 2442; x_wconf 83' lang='lat' dir='ltr'><strong>XXXIX.</strong></span> <span class='ocrx_word' id='word_1_312' title='bbox 523 2421 558 2453; x_wconf 89' lang='lat' dir='ltr'><strong>p.</strong></span> <span class='ocrx_word' id='word_1_313' title='bbox 588 2409 668 2445; x_wconf 76' lang='grc'><strong>344.</strong></span> <span class='ocrx_word' id='word_1_314' title='bbox 711 2413 942 2448; x_wconf 76' lang='lat' dir='ltr'><strong>Plutarch.</strong></span> <span class='ocrx_word' id='word_1_315' title='bbox 975 2417 1071 2447; x_wconf 87' lang='lat' dir='ltr'><strong>Plac.</strong></span> <span class='ocrx_word' id='word_1_316' title='bbox 1102 2415 1182 2457; x_wconf 80' lang='lat' dir='ltr'><strong>phil.</strong></span> <span class='ocrx_word' id='word_1_317' title='bbox 1216 2414 1264 2457; x_wconf 88' lang='lat' dir='ltr'><strong>V,</strong></span> <span class='ocrx_word' id='word_1_318' title='bbox 1297 2416 1354 2448; x_wconf 87' lang='lat'><strong>30.</strong></span> <span class='ocrx_word' id='word_1_319' title='bbox 1386 2425 1421 2458; x_wconf 86' lang='lat' dir='ltr'><strong>p.</strong></span> <span class='ocrx_word' id='word_1_320' title='bbox 1443 2414 1527 2450; x_wconf 86' lang='grc'><strong>609.</strong></span> 
     </span>
     <span class='ocr_line' id='line_1_33' title="bbox 167 2465 1563 2518; baseline 0.006 -20"><span class='ocrx_word' id='word_1_321' title='bbox 167 2465 291 2499; x_wconf 87' lang='lat' dir='ltr'><strong>Stob.</strong></span> <span class='ocrx_word' id='word_1_322' title='bbox 332 2467 481 2499; x_wconf 82' lang='lat' dir='ltr'><strong>Sermon.</strong></span> <span class='ocrx_word' id='word_1_323' title='bbox 518 2465 688 2501; x_wconf 84' lang='lat' dir='ltr'><strong>XCVIII.</strong></span> <span class='ocrx_word' id='word_1_324' title='bbox 724 2480 761 2513; x_wconf 86' lang='lat' dir='ltr'><strong>p.</strong></span> <span class='ocrx_word' id='word_1_325' title='bbox 786 2468 896 2513; x_wconf 83' lang='lat'>540),</span> <span class='ocrx_word' id='word_1_326' title='bbox 937 2469 1067 2504; x_wconf 89' lang='lat' dir='ltr'><strong>deinde</strong></span> <span class='ocrx_word' id='word_1_327' title='bbox 1095 2469 1177 2514; x_wconf 80' lang='lat' dir='ltr'><strong>quia</strong></span> <span class='ocrx_word' id='word_1_328' title='bbox 1202 2471 1392 2505; x_wconf 88' lang='lat' dir='ltr'><strong>humorum</strong></span> <span class='ocrx_word' id='word_1_329' title='bbox 1415 2482 1527 2518; x_wconf 87' lang='lat' dir='ltr'><strong>gene-</strong></span> <span class='ocrx_word' id='word_1_330' title='bbox 1562 2484 1563 2492; x_wconf 61' lang='lat'>¹</span> 
     </span>
     <span class='ocr_line' id='line_1_34' title="bbox 165 2522 1527 2574; baseline 0.008 -20"><span class='ocrx_word' id='word_1_331' title='bbox 165 2522 341 2556; x_wconf 78' lang='lat' dir='ltr'><strong>mtionem</strong></span> <span class='ocrx_word' id='word_1_332' title='bbox 366 2523 568 2567; x_wconf 83' lang='lat' dir='ltr'><strong>dependere</strong></span> <span class='ocrx_word' id='word_1_333' title='bbox 596 2525 734 2559; x_wconf 86' lang='lat' dir='ltr'><strong>censuit</strong></span> <span class='ocrx_word' id='word_1_334' title='bbox 756 2537 777 2560; x_wconf 87' lang='lat' dir='ltr'><strong>a</strong></span> <span class='ocrx_word' id='word_1_335' title='bbox 800 2526 908 2560; x_wconf 85' lang='lat' dir='ltr'><strong>certis</strong></span> <span class='ocrx_word' id='word_1_336' title='bbox 932 2526 1015 2560; x_wconf 88' lang='lat' dir='ltr'><strong>anni</strong></span> <span class='ocrx_word' id='word_1_337' title='bbox 1031 2527 1264 2571; x_wconf 85' lang='lat' dir='ltr'><strong>temporibus.</strong></span> <span class='ocrx_word' id='word_1_338' title='bbox 1294 2528 1397 2570; x_wconf 82' lang='lat' dir='ltr'><strong>(vid.</strong></span> <span class='ocrx_word' id='word_1_339' title='bbox 1414 2529 1527 2574; x_wconf 83' lang='lat' dir='ltr'><strong>Epist.</strong></span> 
     </span>
     <span class='ocr_line' id='line_1_35' title="bbox 166 2578 1526 2630; baseline 0.006 -18"><span class='ocrx_word' id='word_1_340' title='bbox 166 2578 264 2612; x_wconf 73' lang='lat' dir='ltr'><strong>issam</strong></span> <span class='ocrx_word' id='word_1_341' title='bbox 287 2579 549 2623; x_wconf 82' lang='lat' dir='ltr'><strong>supposititiam</strong></span> <span class='ocrx_word' id='word_1_342' title='bbox 573 2581 598 2614; x_wconf 95' lang='lat' dir='ltr'><strong>l.</strong></span> <span class='ocrx_word' id='word_1_343' title='bbox 624 2581 675 2622; x_wconf 79' lang='lat' dir='ltr'><strong>l.)-</strong></span> <span class='ocrx_word' id='word_1_344' title='bbox 721 2583 756 2616; x_wconf 91' lang='lat' dir='ltr'><strong>Is</strong></span> <span class='ocrx_word' id='word_1_345' title='bbox 787 2589 884 2618; x_wconf 87' lang='lat' dir='ltr'><strong>certe</strong></span> <span class='ocrx_word' id='word_1_346' title='bbox 907 2585 1173 2630; x_wconf 85' lang='lat' dir='ltr'><strong>meteorologus</strong></span> <span class='ocrx_word' id='word_1_347' title='bbox 1197 2585 1283 2629; x_wconf 75' lang='lat' dir='ltr'><strong>snit,</strong></span> <span class='ocrx_word' id='word_1_348' title='bbox 1317 2592 1526 2621; x_wconf 84' lang='lat' dir='ltr'><strong>ventorum-</strong></span> 
     </span>
     <span class='ocr_line' id='line_1_36' title="bbox 166 2636 1526 2689; baseline 0.007 -20"><span class='ocrx_word' id='word_1_349' title='bbox 166 2647 238 2680; x_wconf 86' lang='lat' dir='ltr'><strong>que</strong></span> <span class='ocrx_word' id='word_1_350' title='bbox 260 2638 388 2680; x_wconf 88' lang='lat' dir='ltr'><strong>procul</strong></span> <span class='ocrx_word' id='word_1_351' title='bbox 414 2638 523 2671; x_wconf 91' lang='lat' dir='ltr'><strong>dubio</strong></span> <span class='ocrx_word' id='word_1_352' title='bbox 546 2636 648 2673; x_wconf 83' lang='lat' dir='ltr'><strong>vices</strong></span> <span class='ocrx_word' id='word_1_353' title='bbox 671 2643 708 2672; x_wconf 87' lang='lat' dir='ltr'><strong>et</strong></span> <span class='ocrx_word' id='word_1_354' title='bbox 734 2638 922 2674; x_wconf 77' lang='lat' dir='ltr'><strong>facultates</strong></span> <span class='ocrx_word' id='word_1_355' title='bbox 957 2640 1175 2680; x_wconf 81' lang='lat' dir='ltr'><strong>observavit,</strong></span> <span class='ocrx_word' id='word_1_356' title='bbox 1210 2661 1256 2668; x_wconf 91' lang='lat'><strong>—-</strong></span> <span class='ocrx_word' id='word_1_357' title='bbox 1303 2643 1399 2689; x_wconf 83' lang='lat' dir='ltr'><strong>Quin</strong></span> <span class='ocrx_word' id='word_1_358' title='bbox 1429 2643 1526 2678; x_wconf 90' lang='lat' dir='ltr'><strong>idem</strong></span> 
     </span>
     <span class='ocr_line' id='line_1_37' title="bbox 165 2692 1525 2744; baseline 0.007 -18"><span class='ocrx_word' id='word_1_359' title='bbox 165 2692 275 2727; x_wconf 86' lang='lat' dir='ltr'><strong>fuerit</strong></span> <span class='ocrx_word' id='word_1_360' title='bbox 306 2693 367 2727; x_wconf 92' lang='lat' dir='ltr'><strong>ille</strong></span> <span class='ocrx_word' id='word_1_361' title='bbox 401 2693 572 2738; x_wconf 80' lang='lat' dir='ltr'><strong>Diocles,</strong></span> <span class='ocrx_word' id='word_1_362' title='bbox 622 2694 683 2739; x_wconf 84' lang='lat' dir='ltr'><strong>qui</strong></span> <span class='ocrx_word' id='word_1_363' title='bbox 715 2697 808 2740; x_wconf 89' lang='lat' dir='ltr'><strong>apud</strong></span> <span class='ocrx_word' id='word_1_364' title='bbox 842 2696 1103 2744; x_wconf 87' lang='lat' dir='ltr'><strong>Diogenem</strong></span> <span class='ocrx_word' id='word_1_365' title='bbox 1134 2699 1363 2734; x_wconf 65' lang='lat' dir='ltr'><strong>Laertium</strong></span> <span class='ocrx_word' id='word_1_366' title='bbox 1396 2701 1444 2743; x_wconf 91' lang='lat' dir='ltr'><strong>V,</strong></span> <span class='ocrx_word' id='word_1_367' title='bbox 1469 2701 1525 2735; x_wconf 86' lang='lat'><strong>62.</strong></span> 
     </span>
     <span class='ocr_line' id='line_1_38' title="bbox 165 2752 1525 2799; baseline 0.004 -13"><span class='ocrx_word' id='word_1_368' title='bbox 165 2762 202 2794; x_wconf 84' lang='lat' dir='ltr'><strong>p.</strong></span> <span class='ocrx_word' id='word_1_369' title='bbox 227 2752 307 2785; x_wconf 83' lang='lat'><strong>300.</strong></span> <span class='ocrx_word' id='word_1_370' title='bbox 344 2761 416 2784; x_wconf 87' lang='lat' dir='ltr'><strong>una</strong></span> <span class='ocrx_word' id='word_1_371' title='bbox 442 2762 524 2784; x_wconf 88' lang='lat' dir='ltr'><strong>cum</strong></span> <span class='ocrx_word' id='word_1_372' title='bbox 554 2752 621 2795; x_wconf 85' lang='lat' dir='ltr'><strong>Ly</strong></span> <span class='ocrx_word' id='word_1_373' title='bbox 637 2762 760 2786; x_wconf 88' lang='lat' dir='ltr'><strong>cone</strong></span> <span class='ocrx_word' id='word_1_374' title='bbox 791 2753 940 2798; x_wconf 80' lang='lat' dir='ltr'><strong>aliisque</strong></span> <span class='ocrx_word' id='word_1_375' title='bbox 963 2754 1208 2799; x_wconf 86' lang='lat' dir='ltr'><strong>Peripateticis</strong></span> <span class='ocrx_word' id='word_1_376' title='bbox 1231 2762 1382 2790; x_wconf 87' lang='lat' dir='ltr'><strong>vocatur</strong></span> <span class='ocrx_word' id='word_1_377' title='bbox 1405 2758 1525 2792; x_wconf 88' lang='lat' dir='ltr'><strong>Stra-</strong></span> 
     </span>
     <span class='ocr_line' id='line_1_39' title="bbox 165 2807 1525 2859; baseline 0.007 -20"><span class='ocrx_word' id='word_1_378' title='bbox 165 2807 292 2841; x_wconf 84' lang='lat' dir='ltr'><strong>tonis</strong></span> <span class='ocrx_word' id='word_1_379' title='bbox 327 2808 526 2842; x_wconf 79' lang='lat' dir='ltr'><strong>testamenti</strong></span> <span class='ocrx_word' id='word_1_380' title='bbox 558 2815 732 2843; x_wconf 82' lang='lat' dir='ltr'><strong>executor</strong></span> <span class='ocrx_word' id='word_1_381' title='bbox 765 2810 833 2845; x_wconf 78' lang='lat' dir='ltr'><strong>vix</strong></span> <span class='ocrx_word' id='word_1_382' title='bbox 868 2811 1011 2855; x_wconf 77' lang='lat' dir='ltr'><strong>dubit03</strong></span> <span class='ocrx_word' id='word_1_383' title='bbox 1059 2819 1166 2847; x_wconf 86' lang='lat' dir='ltr'><strong>notus</strong></span> <span class='ocrx_word' id='word_1_384' title='bbox 1197 2813 1292 2848; x_wconf 88' lang='lat' dir='ltr'><strong>enim</strong></span> <span class='ocrx_word' id='word_1_385' title='bbox 1322 2815 1525 2859; x_wconf 85' lang='lat' dir='ltr'><strong>nobilisque</strong></span> 
     </span>
     <span class='ocr_line' id='line_1_40' title="bbox 166 2863 1524 2915; baseline 0.007 -19"><span class='ocrx_word' id='word_1_386' title='bbox 166 2863 260 2898; x_wconf 86' lang='lat' dir='ltr'><strong>illius</strong></span> <span class='ocrx_word' id='word_1_387' title='bbox 294 2865 376 2899; x_wconf 82' lang='lat' dir='ltr'><strong>aevi</strong></span> <span class='ocrx_word' id='word_1_388' title='bbox 407 2865 438 2899; x_wconf 87' lang='lat' dir='ltr'><strong>is</strong></span> <span class='ocrx_word' id='word_1_389' title='bbox 469 2865 577 2900; x_wconf 87' lang='lat' dir='ltr'><strong>suerit</strong></span> <span class='ocrx_word' id='word_1_390' title='bbox 601 2868 731 2910; x_wconf 77' lang='lat' dir='ltr'><strong>homo,</strong></span> <span class='ocrx_word' id='word_1_391' title='bbox 768 2878 917 2903; x_wconf 87' lang='lat' dir='ltr'><strong>necesse</strong></span> <span class='ocrx_word' id='word_1_392' title='bbox 954 2874 1026 2910; x_wconf 84' lang='lat' dir='ltr'><strong>est,</strong></span> <span class='ocrx_word' id='word_1_393' title='bbox 1060 2870 1267 2915; x_wconf 84' lang='lat' dir='ltr'><strong>idcircoque</strong></span> <span class='ocrx_word' id='word_1_394' title='bbox 1298 2871 1392 2906; x_wconf 87' lang='lat' dir='ltr'><strong>inter</strong></span> <span class='ocrx_word' id='word_1_395' title='bbox 1423 2873 1524 2906; x_wconf 88' lang='lat' dir='ltr'><strong>Peri—</strong></span> 
     </span>
    </p>
   </div>
  </div>
 </body>
</html>
