1820 3158
94 342 331 405 '—p.35¹7‚b.
356 358 521 393 Bekk.--
595 356 1004 397 Llss.11.cAP.111.
1072 350 1443 397 -p.342‚‹3.cas,-
1494 343 1555 387 79

113 472 187 526 τὴν
215 470 381 528 πρώτην
407 470 578 526 γένεσιν,
605 466 732 524 ὖγρᾶς
752 466 877 522 οῧσης
896 472 970 522 τῆς
988 469 1081 522 γῆς,
1105 466 1216 509 ἶδῖειν
1237 463 1555 520 ξηραινομένην;

116 547 184 582 18.
219 538 342 581 Ἀλλὰ
369 542 527 593 μᾶλλον
555 535 684 586 εἰκός,
727 535 861 592 ὥσπερ
897 536 1003 592 φασί
1024 549 1154 585 τινες,
1185 531 1442 582 ἀπελθόντος
1471 535 1544 574 τοῦ
1560 536 1611 573 18

114 609 305 650 πλείστου
335 608 401 649 καὶ
430 605 777 662 μετεωρισθέντος
803 602 1032 687 10531‘179013
1062 602 1129 644 διὰ
1158 601 1230 644 τὸν
1257 600 1372 656 ἥλιον
1401 600 1448 643 τὸ
1475 603 1557 642 λει-

116 676 227 732 φθὲν
245 673 342 717 εἶναι
360 674 599 716 θάλατταν·
630 671 758 730 υγρὰν
789 673 828 714 δ’
858 689 984 714 ουσαν
1008 672 1121 712 ἰδίειν
1141 668 1355 713 ἀδύνατον.
1399 675 1464 713 19.
1482 667 1549 711 Τα
1562 674 1612 709 19

115 743 191 797 μὲν
220 737 292 785 οὗν
323 741 516 797 λεγόμενα
546 746 621 796 τῆς
658 739 945 797 ἆλμυρότητος
978 739 1088 781 αἴτια
1117 737 1344 794 διαφεύγειν
1374 739 1559 794 φαίνεται

116 810 189 853 τὸν
218 811 360 866 λόγον,
409 808 525 865 ἡμεῖς
563 811 606 852 δὲ
636 810 811 865 λέγωμεν
842 807 971 863 ἀρχὴν
1002 805 1198 860 λαβόντες
1231 806 1307 860 τὴν
1346 805 1472 860 αὐτὴν
1509 803 1561 859 ἢν

117 880 183 921 καὶ
212 878 425 936 πρότερον.
486 885 554 920 20.
589 877 698 919 Ἐπεὶ
727 876 804 932 γὰρ
830 893 955 918 κειται
985 878 1132 930 διπλῆν
1160 873 1258 917 ειναι
1287 874 1363 928 τὴν
1389 873 1616 916 &meu-20

115 950 269 1002 μιάσιν,
300 946 376 1001 τὴν
400 946 476 1000 μὲν
495 944 642 1002 ὑγράν,
679 944 755 999 τὴν
785 945 829 986 δὲ
859 943 997 999 ξηράν,
1027 945 1166 997 δῆλον,
1197 941 1259 984 ὅτι
1286 940 1442 995 ταύτην
1473 942 1562 995 οἴη-

116 1016 208 1058 τέον
238 1015 368 1071 ἀρχὴν
399 1013 500 1056 εἶναι
528 1018 610 1056 τῶν
637 1012 848 1055 τοιούτων.
893 1012 959 1053 καὶ
990 1011 1051 1065 δὴ
1072 1012 1138 1052 καὶ
1167 1011 1257 1066 περι
1289 1027 1336 1051 ου
1357 1009 1561 1065 ἀπορῆσαι

118 1083 320 1140 πρότερον
349 1082 579 1137 ἀναγκαῖον,
612 1080 784 1135 πότερον
813 1082 879 1123 καὶ
909 1077 934 1134 ἡ
958 1078 1152 1121 θάλαττα
1183 1079 1244 1121 ἀεὶ
1274 1078 1452 1131 διαμένει
1480 1081 1563 1119 τῶν

120 1151 256 1194 αὐτῶν
294 1145 399 1193 οὖσα
432 1150 589 1204 μορίων
624 1148 794 1206 ἀριθμῷ
832 1147 857 1203 ἢ
888 1152 947 1205 τῷ
976 1148 1069 1190 εἴδει
1099 1149 1166 1190 καὶ
1197 1152 1256 1205 τῷ
1293 1150 1408 1204 ποσῷ
1437 1161 1564 1200 μετα-

117 1218 356 1273 βαλλόντων
384 1216 444 1259 ἀεὶ
466 1219 546 1259 τῶν
565 1221 713 1272 μερῶν,
744 1215 936 1272 καθάπερ
965 1216 1044 1272 ἀὴρ
1075 1217 1142 1258 καὶ
1173 1216 1219 1258 τὸ
1250 1214 1424 1269 πότιμον
1447 1213 1563 1267 ὕδωρ

121 1288 301 1341 καὶπῦρ.
361 1292 428 1327 21.
454 1284 533 1327 Ἀεὶ
554 1283 631 1340 γὰρ
658 1284 757 1326 ἄλλο
788 1280 854 1326 καὶ
877 1284 976 1326 ἄλλο
1006 1286 1155 1340 γίνεται
1184 1283 1342 1327 τούτων
1370 1284 1552 1333 ἕκαστον,
1567 1287 1617 1323 21

118 1353 166 1396 τὸ
197 1353 238 1395 δ’
263 1352 370 1402 εἶδος
397 1357 472 1395 τοῦ
501 1351 692 1407 πλήθους
728 1351 901 1395 ἑκάστου
940 1352 1097 1395 τούτων
1127 1353 1255 1406 με’νει,
1296 1351 1486 1407 καθάπερ
1516 1349 1563 1392 τὸ

119 1425 202 1464 τῶν
232 1420 406 1478 ῥεόντων
434 1418 598 1463 ὑδάτων
627 1422 693 1463 καὶ
723 1422 770 1464 τὸ
801 1426 875 1475 τῆς
903 1421 1056 1478 φλογὸς
1092 1420 1234 1477 ῥεῦμα.
1295 1419 1474 1477 φανερὸν
1514 1418 1564 1473 δὴ

119 1494 240 1532 τοῦτο
287 1491 352 1532 καὶ
390 1489 592 1543 πιθανόν,
649 1487 704 1538 ὡς
743 1489 946 1532 ἀδύνατον
983 1490 1041 1544 μὴ
1071 1489 1144 1532 τὸν
1174 1489 1300 1531 αὐτὸν
1339 1487 1438 1531 εἶναι
1476 1489 1566 1543 περὶ

120 1557 284 1600 πάντων
305 1556 461 1600 τούτων
480 1556 620 1615 λόγον,ι
643 1559 712 1600 καὶ
731 1558 936 1614 διαφέρειν
954 1562 1148 1612 ταχυτῆτι
1168 1559 1236 1600 καὶ
1251 1559 1480 1613 βραδυτῆτι
1494 1559 1568 1610 τῆς

125 1697 219 1746 Quo
243 1696 366 1747 igitur
394 1701 509 1746 pacto
538 1695 583 1732 in
599 1696 733 1747 primo
762 1702 877 1745 ortu,
909 1710 999 1734 cum
1021 1695 1189 1735 humida
1217 1703 1304 1734 erat
1327 1701 1462 1744 terra,
1493 1706 1569 1732 ex-

123 1763 334 1802 siccatione
360 1763 494 1814 potuit
522 1762 702 1802 sudare?
761 1767 827 1803 18.
858 1764 940 1803 Sed
963 1765 1107 1816 magis,
1135 1764 1244 1816 quod
1266 1764 1378 1802 aiunt
1394 1762 1567 1814 quidam,

77 1843 79 1845 ·
124 1831 345 1870 verisimile
365 1837 436 1880 est,
457 1844 548 1869 cum
568 1831 790 1882 plurimum
807 1831 990 1885 humoris
1008 1833 1259 1871 abscessisset
1281 1839 1320 1871 et
1337 1833 1380 1870 in
1400 1832 1569 1870 sublime

124 1900 169 1940 vi
183 1899 277 1937 solis
297 1900 422 1937 elatus
440 1899 588 1943 fuisset,
608 1899 651 1937 id
671 1900 781 1951 quod
796 1902 1063 1950 remansisset,
1084 1915 1196 1940 mare
1215 1901 1428 1939 exstitisse.
1457 1900 1568 1939 Fieri

123 1973 256 2006 autem
277 1980 361 2005 non
379 1973 531 2019 potest,
558 1973 604 2005 ut
623 1981 714 2006 cum
735 1967 904 2007 humida
924 1970 986 2017 sit,
1016 1970 1147 2008 sudet.
1210 1973 1274 2008 19.
1309 1969 1424 2019 Quae
1447 1968 1571 2019 igitur

126 2036 176 2077 de
215 2035 412 2074 salsedine
446 2048 588 2075 causae
624 2037 866 2086 afferuntur,
915 2038 1114 2076 rationem
1147 2036 1342 2076 videntur
1378 2037 1568 2089 effugere.

126 2103 212 2146 Nos
230 2109 364 2142 autem
382 2103 506 2153 idem,
528 2104 638 2155 quod
656 2106 782 2156 prius,
810 2105 1056 2157 principium
1078 2111 1294 2154 sumentes,
1317 2104 1570 2143 disseramus,

129 2175 197 2210 20.
222 2169 339 2210 Cum
362 2172 470 2210 enim
497 2173 672 2223 positum
692 2174 758 2223 sit,
789 2173 992 2225 duplicem
1019 2188 1106 2212 esse
1126 2172 1438 2221 exhalationem,
1471 2173 1572 2211 alte-

128 2251 216 2277 ram
237 2237 457 2287 humidam,
486 2241 653 2279 alteram
676 2242 832 2289 siccam,
862 2248 1030 2292 constat,
1064 2242 1334 2294 posteriorem
1356 2241 1440 2278 eius
1461 2239 1574 2277 modi

128 2305 375 2357 principium
394 2320 478 2344 esse
500 2308 820 2347 existimandam.
877 2309 1014 2360 Atque
1042 2311 1164 2348 etiam
1193 2309 1257 2356 id,
1291 2308 1341 2345 de
1360 2321 1440 2359 quo
1462 2307 1574 2358 prius

131 2371 360 2411 dubitemus
379 2386 548 2412 necesse
579 2382 657 2424 est,
698 2383 835 2415 utrum
867 2391 980 2415 mare
1013 2377 1158 2416 iisdem
1194 2388 1364 2414 numero
1394 2375 1574 2425 partibus

131 2446 361 2478 constanter
401 2448 684 2492 componatur,
743 2458 795 2482 an
834 2446 967 2496 specie
1007 2451 1050 2483 et
1076 2444 1298 2495 quantitate
1328 2448 1444 2494 parte
1466 2455 1576 2480 sem-

130 2520 207 2560 per
237 2513 466 2555 mutentur,
505 2509 844 2559 quemadmodum
873 2513 945 2550 ae'r
977 2519 1018 2550 et
1049 2511 1233 2563 potabilis
1263 2523 1363 2562 aqua
1395 2516 1434 2547 et
1461 2509 1575 2560 ignis.

132 2579 200 2615 21.
230 2577 390 2616 Horum
410 2577 517 2615 enim
539 2579 853 2630 unumquodque
876 2580 986 2618 aliud
1010 2593 1171 2631 semper
1191 2585 1231 2617 et
1251 2578 1359 2616 aliud
1378 2577 1574 2617 efficitur:

133 2644 324 2695 cuiusque
342 2651 477 2682 autem
499 2658 640 2682 eorum
669 2647 897 2696 quantitatis
925 2649 1078 2698 species
1111 2652 1343 2698 permanet,
1382 2652 1428 2684 ut
1454 2659 1577 2697 aqua-

132 2712 472 2751 rmufluentium
517 2720 557 2751 et
593 2712 778 2752 flammae
815 2714 989 2753 fluentis.
1057 2716 1147 2754 Hoc
1170 2714 1293 2765 igitur
1317 2719 1489 2763 constat,
1530 2728 1576 2752 ac

133 2780 343 2831 probabile
371 2787 451 2830 est,
493 2780 584 2819 fieri
618 2794 701 2819 non
733 2795 871 2833 posse,
911 2788 956 2820 ut
982 2796 1066 2822 non
1097 2782 1235 2821 eadem
1262 2783 1442 2821 omnium
1471 2783 1576 2820 ratio

135 2847 208 2896 sit,
235 2847 545 2900 mutationisque
572 2849 775 2888 celeritate
807 2863 852 2888 ac
872 2850 1060 2889 tarditate
1086 2850 1295 2900 differant,
1325 2856 1365 2889 et
1393 2851 1575 2888 omnium
