1820 3158
189 322 268 354 —-p.
284 311 364 352 339,
376 308 408 343 b.
433 307 597 343 Bekk.—
668 308 821 349 LIBJ.
853 307 1058 347 CARIII.
1121 307 1346 351 —p.326,E.
1372 306 1500 341 Cas.-
1574 300 1598 341 7

156 419 266 465 πόσα
297 422 364 464 καὶ
393 420 512 478 μέχρι
539 423 619 463 ποῦ
648 414 862 472 διώρισται
891 424 978 468 τοῖς
1004 415 1171 474 τόποις-ς
1211 425 1250 462 3.
1275 415 1404 474 ‘Hune
1431 418 1508 473 μὲν
1529 414 1602 461 οὗν
1632 419 1657 456 3

157 490 314 547 εἴρηται
343 489 544 547 πρότερον
572 488 662 544 περὶ
690 490 765 530 τοῦ
790 490 957 542 πρῶτου
987 487 1203 541 στοιχείου,
1232 486 1351 529 ποῖόν
1370 504 1409 530 τι
1429 486 1506 542 τὴν
1532 487 1605 529 ὀί·-

156 559 278 613 ναμίν
310 558 395 601 ε’στι
426 558 504 601 καὶ,
522 555 586 599 ὅτι
616 558 698 605 πᾶς
727 551 860 611 ὃπερὶ
890 554 966 605 τὰς
988 555 1075 598 ἄνω
1104 555 1240 613 φορὰς
1267 555 1423 610 κόσμος
1451 555 1603 598 ἐκείνου

154 631 229 669 τοῦ
261 626 452 681 σώματος
489 624 650 681 πλήρης
680 623 813 665 ἐστίν·
860 624 926 666 καὶ
954 623 1108 680 ταύτην
1137 623 1213 680 τὴν
1242 622 1365 674 δόξαν
1396 622 1445 666 οὗ
1473 623 1603 678 μόνον

153 693 271 749 ἡμεῖς
306 693 558 750 τυγχάνομεν
598 692 778 746 ἔχοντες,
824 692 1010 748 φαίνεται
1052 693 1093 735 ‹5‘
1119 692 1269 748 ἀρχαία
1298 708 1360 741 τις
1391 689 1604 747 ὑπόληψις

154 762 257 818 αὕτη
288 764 354 805 καὶ
384 766 467 805 τῶν
495 760 696 818 πρότερον
725 759 976 816 ἀνθρώπων.
1036 764 1076 803 4.
1116 759 1166 804 Ὁ
1194 760 1271 817 γὰρ
1301 759 1515 817 λεγόμενος
1538 762 1603 802 αῗ-
1631 758 1657 797 4

153 830 241 886 θὴρ
271 830 449 873 παλαιὰν
481 829 620 885 εἴληφε
652 828 727 882 τὴν
749 828 1040 884 προσηγορίαν,
1070 828 1122 884 ἣν
1143 828 1419 885 Ἀναξαγόρας
1446 829 1522 882 μὲν
1545 833 1604 887 τῷ

151 901 249 955 πυρὶ
287 898 440 941 ταύτὸν
474 895 718 953 ἡγήσασθαί
746 913 818 949 μοι
849 898 965 938 δοκεῖ
988 898 1219 950 σημαίνειν·
1258 896 1310 938 τὰ
1339 913 1383 938 τε
1411 888 1488 953 γὰρ
1518 896 1604 940 ἅνω

150 966 286 1024 πλήρη
317 965 449 1023 πυρὸς
477 963 601 1016 εἶναι,
643 964 828 1013 κάκεῖνος
856 963 931 1018 τὴν
959 963 1045 1006 ἐκεῖ
1067 963 1241 1017 δύναμιν
1278 964 1429 1020 αἰθέρα
1468 968 1603 1006 καλεῖν

150 1034 357 1090 ἐνόμισεν,
400 1037 520 1077 τοῦτο
546 1033 622 1086 μὲν
652 1031 795 1087 ὀρθῶς
824 1032 1019 1085 νομίσας·
1058 1031 1106 1074 τὸ
1137 1030 1216 1089 γὰρ
1248 1033 1310 1075 αἐὶ
1344 1036 1463 1088 σῶμα
1501 1032 1603 1075 θέον

151 1101 240 1158 ἅμα
268 1120 310 1145 τε
339 1107 456 1144 θεῖον
491 1099 568 1155 τὴν
607 1098 732 1156 φύσιν
771 1099 949 1142 εὀίκασιν
987 1097 1236 1154 ὑπολαβεῖν,
1293 1102 1361 1143 καὶ
1407 1088 1602 1158 διώρισαν

149 1170 361 1225 ὀνομάζειν
391 1168 543 1225 αἰθέρα
571 1167 618 1210 τὸ
637 1171 827 1210 τοιοῦτον
855 1166 913 1217 ὣς
943 1166 989 1210 ὃν
1019 1168 1159 1211 οὐθενὶ
1191 1173 1274 1211 τῶν
1303 1167 1407 1226 παρ’
1436 1166 1534 1223 ἡμῖν
1555 1168 1601 1211 τὸ

148 1238 273 1282 αὐτό·
306 1238 354 1281 οὗ
375 1238 454 1294 γὰρ
476 1237 526 1292 δὴ
558 1235 745 1293 φήσομεν
778 1235 871 1278 οὐδ’
898 1235 1029 1289 ἅπαξ,
1063 1236 1160 1280 οὐδὲ
1188 1239 1271 1289 δίς,
1304 1237 1396 1280 οὐδ’
1424 1236 1603 1293 ὀλιγάκις

145 1307 232 1358 τὰς’
259 1306 389 1356 αὐτὰς
431 1305 555 1356 δόξας
597 1304 837 1347 ἀνακυκλεῖν
874 1305 1088 1360 γινομένας
1127 1306 1170 1348 ἐν
1211 1312 1298 1356 τοῖς
1349 1305 1604 1363 ἀνθρώποις,

148 1375 242 1418 ἀλλ’
267 1373 491 1431 ἀπειράκις.
553 1378 594 1417 5.
616 1371 736 1416 ‘'Oom
766 1373 813 1415 δὲ
853 1378 935 1430 πῖρ
974 1373 1166 1431 καθαρὸν
1192 1372 1296 1416 εἶναι’
1323 1390 1424 1432 φασι
1453 1374 1500 1416 τὸ
1531 1391 1602 1416 πε-
1633 1377 1656 1414 5

146 1443 280 1500 ριὲχον
310 1444 377 1485 καὶ
404 1442 462 1497 μὴ
492 1440 622 1496 μόνον
652 1440 705 1483 τὰ
734 1440 964 1498 φαινόμενα
990 1440 1178 1494 σώματα,
1204 1442 1251 1485 τὸ
1274 1443 1319 1485 δὲ
1341 1442 1494 1498 μεταξὺ
1525 1446 1600 1497 γῆς

146 1513 211 1554 καὶ
241 1515 323 1554 τῶν
353 1510 517 1568 ἄστρων
545 1508 662 1568 ἀέρα,
693 1508 982 1568 θεωρήσαντες
1011 1509 1060 1552 ἂν
1089 1510 1141 1553 τὰ
1163 1515 1237 1554 νῦν
1266 1511 1502 1565 δεικνυμένα
1531 1509 1599 1552 διὰ

148 1655 188 1688 et
207 1648 241 1687 si
259 1649 391 1700 plura,
422 1653 523 1699 quot
541 1653 582 1685 et
599 1660 722 1698 quem
738 1661 867 1699 usque
886 1648 938 1686 ad
957 1649 1093 1686 locum
1116 1648 1434 1701 unumquodque
1453 1653 1598 1687 exten-

147 1716 280 1756 datur.
338 1719 378 1755 3.
406 1716 494 1754 Iam
512 1728 635 1767 supra
660 1715 786 1754 locuti
814 1729 952 1755 sumus
982 1716 1034 1755 de
1054 1718 1189 1769 primo
1211 1718 1434 1765 elemento,
1462 1716 1597 1768 quales

145 1785 354 1824 facultates
375 1782 533 1832 babeat,
562 1788 603 1821 et
624 1783 855 1822 monuimus
880 1790 1008 1823 totam
1034 1786 1192 1836 superis
1223 1786 1401 1824 motibus
1419 1785 1595 1824 vicinam

143 1852 286 1892 mundi
314 1857 471 1904 partem
499 1850 573 1889 illo
602 1864 776 1902 corpore
804 1852 1002 1904 repletam
1035 1866 1133 1892 esse.
1194 1855 1326 1905 Quam
1363 1854 1594 1905 opinionem

143 1934 228 1960 non
255 1921 388 1959 solum
417 1932 492 1958 nos
519 1918 669 1957 habere
695 1919 986 1972 contingimus,
1017 1920 1090 1959 sed
1113 1921 1280 1961 videtur
1311 1923 1445 1975 potius
1473 1921 1552 1959 iam
1572 1935 1596 1959 a

143 1989 293 2042 prioris
319 1987 413 2027 aevi
444 1986 676 2025 hominibus
714 2002 801 2026 esse
839 1988 1040 2040 adoptata.
1118 1989 1284 2041 4..Qui
1315 1991 1422 2028 enim
1456 1989 1595 2028 aether

144 2063 336 2106 vocatur,
363 2056 444 2094 iam
467 2056 687 2106 antiquitus
717 2055 795 2094 hoc
824 2070 976 2095 nomen
999 2057 1173 2110 accepit,
1204 2059 1317 2097 cuius
1336 2057 1595 2110 significatio-

144 2138 239 2164 nem
267 2113 458 2173 eandem,
498 2137 618 2175 quam
647 2123 748 2175 ignis
778 2139 864 2163 esse
896 2125 1076 2165 indicare
1106 2127 1284 2166 voluisse
1308 2126 1406 2166 mihi
1429 2126 1594 2164 videtur

145 2193 430 2244 Anaxagoras,
459 2205 552 2230 cum
570 2205 736 2243 superas
765 2193 950 2244 regiones
978 2194 1070 2246 igne
1096 2196 1272 2246 repletas
1294 2201 1335 2234 et
1353 2195 1461 2242 vim,
1492 2207 1594 2245 quae

145 2260 246 2298 inibi
277 2260 470 2299 existeret
498 2259 662 2299 aethera
694 2261 981 2312 appellandum
1014 2276 1099 2301 esse
1129 2263 1352 2309 censuerit,
1393 2261 1594 2314 posterius

146 2333 256 2366 recte
275 2327 438 2379 quidem
457 2341 639 2366 monens.
671 2328 831 2380 Corpus
851 2330 974 2377 enim,
997 2330 1104 2381 quod
1125 2332 1355 2369 continuata
1373 2336 1412 2367 et
1424 2328 1595 2380 perenni

147 2395 329 2433 motione
350 2393 505 2446 gaudet,
537 2395 657 2433 simul
676 2394 856 2435 divinam
876 2404 1062 2436 naturam
1082 2397 1234 2436 habere
1254 2398 1499 2435 existimasse
1519 2396 1595 2435 sibi

146 2463 224 2502 visi
253 2469 369 2509 sunt,
399 2463 508 2504 unde
536 2470 763 2503 statuerunt
790 2463 1090 2511 definiendum,
1128 2463 1336 2516 aetherem
1364 2478 1449 2504 esse
1476 2464 1592 2513 illud,

146 2531 257 2583 quod
285 2531 335 2569 ab
367 2519 572 2581 menibus,
615 2545 716 2583 quae
748 2532 855 2583 apud
885 2545 959 2570 nos
990 2531 1185 2582 existant,
1222 2532 1391 2572 differat.
1448 2533 1594 2584 Neque

145 2599 254 2638 enim
282 2601 407 2638 semel
444 2614 575 2652 neque
604 2600 665 2638 bis
693 2613 826 2651 neque
848 2613 944 2638 raro
963 2604 1122 2638 tantum
1141 2600 1301 2640 easdem
1331 2601 1439 2639 inter
1457 2594 1593 2638 homi-

145 2680 218 2705 nes
235 2669 450 2707 sententias
465 2682 680 2707 recurrere
698 2667 990 2716 contendimus,
1009 2668 1138 2707 sedin
1153 2669 1370 2708 infinitum.
1405 2670 1442 2706 5.
1458 2669 1594 2718 Quot-

147 2740 246 2786 quot
275 2748 388 2774 mero
422 2737 516 2789 igne
549 2742 734 2775 constare
767 2749 887 2774 omne
914 2735 980 2784 id,
1013 2735 1120 2788 quod
1149 2737 1319 2785 ambiat,
1355 2750 1486 2787 neque
1507 2737 1591 2774 sola

147 2805 319 2855 'corpora
339 2803 584 2855 circumlata,
610 2806 747 2844 locum
766 2817 867 2844 vero
886 2809 1037 2843 terram
1059 2804 1166 2843 intra
1186 2810 1227 2843 et
1243 2804 1375 2844 sidera
1393 2802 1489 2843 ae're
1509 2816 1593 2842 esse
