1812 3158
460 368 686 411 LIBRUM
716 366 959 408 PRIMUM.
1017 364 1136 407 GAP.
1162 365 1239 407 111.
1470 355 1566 401 347

129 489 255 526 etiam
277 488 324 525 in
343 485 549 538 superiori
570 491 702 533 textu,
729 498 819 522 cum
838 482 961 528 dicit,
990 493 1142 531 corpus
1159 481 1347 534 superius
1367 491 1453 518 esse
1473 492 1571 517 ma-

123 557 196 608 gis
212 555 489 606 permixtum,
519 566 602 605 qua
625 559 753 604 parte
780 552 984 590 terminat
1005 563 1097 588 cum
1118 547 1214 587 a‘e're
1236 556 1279 587 et
1297 563 1386 587 cum
1401 547 1569 597 mundo,

130 626 202 675 qui
233 630 293 661 est
322 623 438 660 circa
465 629 647 671 terram,
674 620 876 672 intelligit
897 618 1138 657 elementum
1160 618 1295 669 ignis,
1324 631 1409 655 non
1428 623 1573 655 autem

129 705 278 742 corpus
305 690 493 728 caeleste.
554 690 711 743 Corpus
736 702 832 727 vero
860 686 939 726 hoc
965 683 1247 735 distrahitur,
1285 693 1323 723 et
1349 685 1517 737 ignitur
1545 698 1573 722 α

129 770 244 797 motu
273 758 408 808 caeli,
451 771 501 795 ex
532 771 610 810 quo
636 757 770 795 etiam
798 754 872 795 a'e’r
900 756 1067 808 ignitur
1093 763 1133 792 et
1166 754 1364 792 calescit.-
1403 754 1505 805 quia
1527 754 1574 791 vi

129 833 266 864 motus
285 825 359 864 ae‘r
382 825 651 878 disgregatur
669 832 710 863 et
727 831 970 862 attenuatur
978 838 995 872 ,·
1014 822 1122 860 unde
1133 822 1197 870 fit
1216 825 1398 861 maxime
1418 821 1574 860 similis

129 895 226 945 igni
234 907 251 939 ;
290 895 393 945 quia
422 893 520 932 dum
552 892 626 932 ae'r
648 893 799 947 rarefit
826 905 854 930 a
876 900 1010 941 motu,
1049 888 1276 930 humiditas
1299 891 1506 929 evanescit
1533 896 1576 927 et

128 969 314 1000 remanet
350 959 557 1000 caliditas
586 969 624 999 et
653 962 829 1017 siccitas
862 959 912 998 ob
934 960 1132 1011 partium
1158 960 1422 997 tenuitatem.
1476 954 1576 995 Hoc

129 1029 240 1067 idem
263 1029 381 1067 dixit
398 1029 648 1068 Aristoteles
666 1027 733 1067 hic
752 1028 936 1080 inferius
963 1026 1026 1081 (§.
1045 1025 1142 1079 2o)=
1182 1022 1231 1066 τό
1258 1024 1336 1078 μὲν
1365 1018 1438 1066 οὗν
1474 1023 1577 1079 γίνε-

129 1097 234 1135 σθαι
261 1092 336 1149 τὴν
365 1091 487 1136 ἀλέαν
516 1095 583 1136 καὶ
611 1092 688 1149 τὴν
715 1092 957 1150 θερμότητα
984 1089 1102 1147 ἱκανή
1137 1092 1223 1134 ἐστι
1257 1090 1576 1150 παρασκευάζειν

129 1161 196 1202 καὶ
223 1158 344 1216 ἢτοῦ
371 1159 491 1216 ἡλίου
519 1161 630 1218 φορὰ
657 1160 808 1215 μόνον·
835 1158 998 1214 ταχεῖάν
1023 1177 1067 1203 τε
1095 1160 1172 1216 γὰρ
1203 1162 1269 1203 δεῖ
1291 1161 1359 1203 καὶ
1384 1160 1443 1215 μὴ
1471 1159 1577 1217 πόρ-

130 1246 190 1283 ρω
219 1227 342 1272 εἶναι·
379 1227 405 1284 ἦ
433 1229 509 1283 μὲν
538 1224 612 1272 οὗν
639 1232 721 1271 τῶν
751 1227 916 1284 ἄστρων
940 1234 1082 1282 ταχεῖα
1109 1228 1185 1283 μὲν
1211 1227 1357 1286 πόρρω
1385 1228 1454 1282 δέ,
1482 1225 1577 1284 ἡδὲ

129 1300 204 1350 τῆς
240 1297 411 1352 σελήνης
447 1296 560 1340 κάτω
593 1297 670 1351 μὲν
703 1298 879 1354 βραδεῖα
919 1296 993 1339 δέ·
1041 1294 1068 1352 ἦ
1099 1297 1145 1339 δὲ
1173 1301 1249 1340 τοῦ
1284 1295 1405 1353 ἡλίου
1448 1295 1576 1354 ἄμφω

128 1363 239 1407 ταῦτ’
273 1364 350 1419 ἔχει
379 1365 554 1415 ἱκανῶς·
591 1370 650 1407 Et
678 1365 911 1416 concludit,
953 1368 1069 1420 quod
1095 1371 1277 1408 maxime
1309 1368 1410 1407 solis
1442 1376 1578 1407 motus

128 1435 341 1487 calefacit
368 1436 525 1486 ae'rem,
564 1438 667 1488 quia
694 1433 761 1475 sol
784 1444 844 1474 est
869 1449 1022 1488 corpus
1045 1435 1246 1487 solidum,
1277 1436 1372 1474 ideo
1392 1438 1578 1474 maxime

130 1502 267 1541 ae'rem
291 1503 478 1543 divellit.-
508 1511 548 1542 et
571 1505 672 1556 quia
704 1506 820 1557 ignis
852 1504 992 1543 a'e‘rem
1021 1505 1308 1551 circumdans,
1336 1517 1460 1557 saepe
1475 1517 1580 1554 per-

129 1572 339 1618 miscetur,
369 1579 409 1609 et
420 1572 568 1623 fertur
601 1572 784 1625 inferius
810 1573 852 1610 vi
875 1579 914 1609 et
942 1580 1058 1610 motu
1084 1570 1196 1610 caeli
1225 1572 1458 1617 circulari5
1485 1569 1578 1610 ideo

132 1636 252 1676 calor
272 1653 433 1691 quoque
458 1641 520 1678 ad
543 1654 618 1678 nos
637 1641 860 1691 pertingit.
915 1640 972 1677 Et
992 1640 1039 1677 in
1059 1639 1168 1677 libro
1195 1639 1246 1678 de
1268 1639 1404 1677 coelo.-
1433 1637 1514 1692 (II,
1537 1639 1580 1680 ⁷.

131 1718 174 1757 p.
198 1708 303 1755 289,
328 1703 379 1758 a)
421 1703 550 1745 Calor
577 1720 692 1757 vero,
721 1708 887 1758 inquit,
917 1714 958 1744 et
977 1707 1112 1745 lumen
1120 1707 1183 1761 fit
1203 1709 1384 1746 contrito
1408 1707 1505 1746 ae're
1530 1722 1580 1746 ex

133 1787 355 1824 corporum
376 1774 619 1831 caelestium
644 1781 686 1812 et
704 1773 889 1812 siderum
907 1781 1044 1813 motu.-
1073 1781 1113 1814 et
1129 1774 1262 1814 addit:
1290 1776 1365 1815 τοῦ
1393 1771 1437 1815 δ’
1460 1771 1582 1827 ἀέρος

130 1835 211 1880 ὑπὸ
236 1838 312 1893 τὴν
330 1842 407 1881 τοῦ
428 1841 616 1881 κυκλικοῦ
636 1837 830 1892 σώματος
861 1845 1043 1896 σφαῖραν
1071 1839 1191 1890 ὄντος
1219 1840 1372 1898 ἀνάγκη
1404 1841 1582 1898 φερομέ-

131 1922 206 1961 νης
235 1906 388 1961 ἐκείνης
414 1906 762 1962 ἐκθερμαίνεσθαι
791 1907 859 1948 καὶ
887 1906 1019 1964 ταύτῃ
1047 1906 1243 1962 μάλιστα,
1273 1903 1300 1966 ᾗ
1326 1907 1348 1952 ὃ
1373 1908 1490 1965 ἥλιος
1515 1926 1582 1952 τε-

131 1972 302 2029 τύχηκεν
333 1970 611 2027 ἐκδεδεμένας·
658 1973 722 2017 διὸ
753 1974 804 2030 δὴ
834 1975 1128 2030 πλησιάζοντός
1157 1993 1201 2019 τε
1231 1977 1359 2020 αὐτοῦ
1394 1979 1462 2020 καὶ
1493 1977 1582 2020 ἄνι’-

133 2054 307 2095 σχοντος
332 2043 400 2084 καὶ
417 2039 520 2099 ὑπὲρ
547 2040 658 2098 ημᾶς
687 2042 807 2093 ὄντος
833 2044 983 2100 γίνεται
1003 2041 1029 2098 ἦ
1049 2044 1271 2101 θερμότης.
1308 2050 1367 2087 Et
1386 2048 1468 2087 lzae
1485 2057 1583 2087 sunt

126 2113 393 2162 potissimum
419 2127 570 2152 causae
598 2112 773 2162 caloris,
806 2128 914 2167 quas
939 2113 1068 2169 affirt
1090 2116 1368 2163 Aristoteles,
1405 2116 1486 2154 hoc
1519 2123 1584 2154 est

135 2189 269 2218 motus
295 2181 396 2219 solis
420 2194 547 2231 supra
574 2195 648 2220 nos
657 2211 672 2229 ,
703 2197 792 2222 cum
810 2185 866 2220 sit
882 2183 1002 2222 velox
1023 2191 1064 2221 et
1076 2186 1344 2236 propinquus
1362 2191 1508 2234 motus,
1541 2192 1583 2222 et

135 2245 201 2285 sol
215 2245 371 2286 habeat
384 2248 561 2287 solidum
580 2249 730 2300 corpus
760 2248 885 2302 (quia
905 2258 1079 2303 tempore
1099 2249 1348 2290 Aristotelis
1360 2251 1583 2303 ponebant

136 2314 261 2352 solem
291 2315 533 2354 immediate
562 2329 696 2367 supra
726 2318 894 2368 lunam,
920 2306 1047 2370 'quod
1074 2321 1204 2357 etiam
1239 2320 1582 2358 Ptolemaeus

137 2395 223 2420 non
251 2391 383 2434 negat
415 2384 462 2421 in
489 2384 761 2436 Almagesto,
795 2386 872 2424 sed
895 2387 1018 2437 ponit
1047 2384 1166 2425 illum
1197 2400 1333 2438 supra
1367 2388 1582 2434 Venerem,

139 2452 244 2502 quia
271 2449 352 2487 lzoc
369 2457 498 2500 pacto
515 2450 701 2502 facilius
716 2452 971 2492 demonstrat
990 2467 1040 2492 ex
1060 2455 1133 2493 illo
1155 2456 1332 2508 reliquos
1355 2462 1508 2503 motus,
1535 2462 1583 2492 ut

138 2519 226 2568 ipse
244 2517 350 2555 dicit
370 2518 632 2556 Ptolemaeus
649 2517 684 2571 *)
714 2529 752 2557 et
774 2522 891 2572 ignis
906 2524 1136 2572 permixtio
1163 2539 1251 2562 cum
1272 2523 1382 2573 ae're,
1413 2524 1488 2575 qui
1510 2536 1582 2560 nos

139 2585 289 2632 ambit,
320 2586 383 2624 ad
401 2593 551 2623 motum
576 2587 839 2638 circularem,
861 2597 1086 2639 praeterea
1111 2591 1219 2629 a'e'ris
1241 2592 1477 2642 discerpta,
1508 2592 1584 2643 qui

141 2653 216 2691 abr
239 2654 437 2707 impulsus
467 2669 496 2692 a
524 2661 637 2692 motu
666 2653 869 2694 circulari
893 2659 1076 2696 occurrit
1097 2659 1159 2698 ad
1178 2669 1327 2711 partes
1356 2659 1520 2698 solidas
1542 2666 1583 2697 et

187 2807 224 2854 ¹³)
236 2810 325 2902 ἕλῃ
350 2811 521 2855 omnino,
547 2824 640 2858 quae
668 2811 834 2858 exposuit
855 2818 958 2859 pater
978 2813 1018 2849 in
1043 2814 1291 2852 dissertatione
1316 2817 1361 2852 de
1387 2817 1582 2852 Eudoxo

273 2868 406 2904 nidio
430 2882 465 2914 p.
489 2871 547 2906 48.
