1812 3158
337 371 430 418 382
550 379 994 426 COMMENTARIUS
1023 384 1082 423 IN
1110 385 1512 428 METEOROLOG.

335 489 564 544 πλανήτων,
611 491 721 531 cuius
746 485 971 533 ment'io'fit
1005 494 1109 546 apud
1143 495 1425 546 Diogenem
1465 498 1730 538 Laertium

334 561 421 605 IX,
449 559 516 596 46.
553 571 593 608 p.
619 558 713 596 574.
769 560 994 611 Utrumque
1022 567 1062 599 et
1090 563 1359 601 Democritum
1389 570 1429 601 et
1459 565 1730 616 Anaxagoram

333 631 482 676 spectat
513 625 703 662 Seneca
735 626 899 675 Quaest.
917 635 1007 666 nat.
1036 629 1128 677 VH,
1151 632 1194 666 11
1216 641 1226 666 z
1257 620 1515 678 Quibusdam
1535 633 1732 681 antiquo-

332 705 423 728 rum
450 690 555 729 haec
571 691 711 740 placet
729 693 841 729 ratio
855 707 866 729 :
895 694 1027 743 Quum
1048 707 1098 731 ex
1115 695 1244 732 stellis
1272 696 1410 733 altera
1433 709 1476 733 se
1496 697 1623 733 alteri
1651 710 1732 746 ap-

322 758 500 807 plicuit,
528 756 698 807 eonsuso
717 761 763 794 in
784 771 908 795 unum
931 759 1107 798 duarum
1133 761 1304 806 lumine,
1331 762 1499 812 faciem.
1528 762 1731 812 longioris

329 823 480 860 sideris
510 823 641 862 reddi.
698 824 904 862 Caeterum
935 826 1122 864 Seneca
1157 826 1200 864 in
1226 826 1370 865 horum
1397 828 1732 879 reliquorumque,

331 889 382 926 de
399 890 538 940 quibus
556 895 689 940 postea
716 903 845 927 sermo
872 891 969 936 erit,
998 893 1249 943 opinionibus
1275 893 1524 942 refellendis,
1553 894 1732 945 apprime

329 956 506 1006 sequitur
533 955 846 995 Aristotelis
873 958 1046 1009 vestigia.
1101 959 1376 1010 Anaxagoram
1399 967 1438 998 et
1457 961 1731 998 Democritum

329 1023 555 1059 coniunctos
575 1023 751 1061 nominat
769 1023 843 1061 hoc
862 1025 949 1062 loco
977 1031 1016 1063 et
1042 1025 1083 1063 in
1111 1026 1196 1063 aliis
1224 1026 1492 1078 compluribus
1522 1027 1732 1064 Aristo-

327 1088 455 1125 teles
472 1103 480 1125 :
510 1094 549 1127 at
568 1095 779 1140 utrumque
799 1089 895 1127 nihil
914 1092 998 1128 fere
1019 1104 1227 1129 commune
1248 1091 1441 1141 habuisse,
1470 1105 1596 1143 neque
1615 1105 1731 1130 usum

328 1167 411 1191 esse
423 1157 674 1205 Anaxagorae
691 1156 934 1194 institutione
950 1159 1234 1206 Democritum,
1258 1159 1399 1196 (locent
1418 1171 1473 1207 ea,
1503 1168 1601 1209 quae
1621 1172 1730 1196 com-

325 1222 458 1272 posuit
487 1220 779 1259 Schaubach
806 1222 1056 1273 Anaxagor.
1071 1223 1232 1274 fragm.
1254 1239 1288 1275 p.
1306 1230 1354 1262 16
1376 1239 1460 1276 sqq.

437 1291 474 1325 2.
503 1285 572 1325 καί
596 1294 684 1325 ante
711 1285 962 1338 καλουμένων
991 1290 1178 1327 omittunt
1200 1292 1249 1328 F.
1268 1292 1322 1328 H.
1348 1291 1425 1340 N.,
1456 1304 1625 1340 quorum
1651 1291 1730 1329 duo

326 1353 567 1404 posteriores
586 1360 677 1391 aute
698 1352 766 1392 ἕνα
783 1356 960 1393 inserunt
977 1353 1084 1401 τινός
1105 1357 1248 1407 absque
1271 1369 1401 1395 sensu,
1445 1357 1593 1395 Omnes
1613 1370 1728 1408 prae-

325 1420 422 1457 bent
438 1425 478 1456 et
498 1419 636 1470 scripti
664 1425 704 1457 et
731 1421 826 1458 editi
849 1421 1156 1473 Πυθαγορείων.
1211 1423 1268 1461 At
1287 1420 1544 1475 Πνθαγόριοι
1572 1437 1729 1474 semper

324 1487 367 1524 in
388 1485 545 1536 opti-mis
563 1487 853 1537 exemplaribus
872 1487 1046 1526 inveniri
1064 1489 1266 1526 contendit
1291 1489 1416 1528 Vale
1428 1490 1532 1527 sius
1559 1490 1609 1527 ad
1637 1490 1663 1527 S
1675 1504 1730 1526 o-

325 1565 431 1591 zom
445 1565 514 1590 cn.
539 1553 863 1592 HistonEecles.
881 1555 912 1602 I,
934 1557 997 1602 12,
1025 1554 1204 1592 laudatus
1233 1554 1524 1593 Cardwello
1548 1555 1596 1591 ad
1611 1555 1729 1593 Ari-

326 1619 496 1657 stotel.
516 1617 831 1659 Emit-‚Nicon
854 1621 887 1669 I,
908 1623 944 1657 6.
970 1633 1009 1671 p.
1024 1623 1089 1669 28,
1117 1632 1195 1672 quo
1215 1621 1257 1658 in
1275 1622 1363 1658 loco
1384 1620 1470 1658 cod.
1492 1621 1543 1658 L.
1565 1621 1730 1659 eandem

324 1686 557 1736 scripturam
588 1683 758 1723 exhibet.
828 1686 984 1724 Laudat
1013 1687 1055 1724 in
1093 1687 1175 1724 eius
1205 1688 1368 1738 gratiam
1408 1686 1734 1725 Cardwellus

323 1758 526 1803 praetcrea
550 1750 650 1789 Pho
661 1757 689 1790 t.
708 1766 740 1791 s.
758 1766 800 1792 v.
822 1749 1074 1804 Ἰταλιώτης,
1102 1755 1277 1804 Etymol.
1297 1753 1399 1792 Gud.
1417 1766 1457 1792 v.
1476 1749 1575 1798 δυάς
1583 1781 1594 1802 ,
1624 1755 1731 1791 Cle-

323 1823 471 1857 ment.
501 1817 840 1857 Alexandrin.
873 1821 1071 1858 Str-emat.
1091 1834 1129 1871 p.
1150 1823 1241 1868 629,
1270 1820 1449 1870 quamvis
1468 1819 1731 1858 recentiorem

322 1884 430 1922 hune
451 1897 534 1921 esse
555 1885 751 1922 scribendi
768 1887 931 1923 modum
955 1887 1187 1936 suspicetur.
1212 1906 1264 1913 —
1302 1886 1479 1924 Eandem
1498 1886 1731 1923 sententiam

321 1950 443 1989 fuisse
469 1949 748 2000 Pythagoraeis
773 1952 937 1989 tradidit
963 1952 1082 1989 etiam
1112 1957 1250 1989 auctor
1275 1952 1394 1989 Plac.
1415 1951 1572 1989 Pln‘los.
1602 1964 1635 1988 c.
1664 1954 1729 1989 18.

323 2017 441 2054 Tom.
460 2016 514 2053 ΙΙ.
544 2028 583 2066 p.
607 2016 672 2054 40.
705 2017 810 2068 apud
840 2018 1096 2062 Galenum,
1126 2018 1209 2065 ΙΙΙ,
1237 2021 1275 2055 2.
1296 2017 1432 2053 -Τοιη,
1466 2017 1538 2054 IV.
1577 2029 1617 2066 p.
1646 2019 1727 2054 697

322 2083 385 2121 ed.
411 2082 764 2133 Wyttenbach
799 2083 906 2134 apud
932 2082 1298 2128 Plutarchum,
1339 2083 1406 2133 qui
1443 2081 1551 2119 hunc
1589 2082 1729 2132 procul

322 2149 441 2187 dubio
459 2150 589 2187 locum
605 2149 792 2199 respexit,
823 2163 913 2187 cum
934 2149 1057 2187 dicat:
1092 2149 1186 2187 Τῶν
1208 2145 1286 2187 ἀπὸ
1310 2144 1563 2199 Πυθαγόρου
1590 2145 1730 2193 τινὲς

320 2213 394 2265 μὲν
422 2212 570 2266 ἀστέρα
601 2214 723 2267 φασὶν
751 2211 847 2254 εἶναι
876 2213 947 2254 τὸν
975 2212 1152 2267 κομήτην
1182 2217 1262 2254 τῶν
1293 2211 1365 2254 οὒκ
1387 2211 1446 2252 ἀεὶ
1466 2211 1727 2266 φαινομένων,

322 2277 388 2319 διά
416 2294 523 2326 τινος
551 2279 595 2319 δὲ
624 2277 843 2333 ὡρισμένου
868 2278 1017 2335 χρόνου
1045 2281 1278 2335 περιοδικῶς
1306 2276 1623 2320 ἀνατελλόντων·
1656 2275 1730 2317 ἄλ·-

321 2348 383 2386 λοι
413 2344 457 2385 (δὲ
486 2343 700 2386 ἀνάκλασιν
729 2350 799 2399 τῆς
824 2344 1017 2400 ἡμετέρας
1044 2346 1179 2399 ὅψεως
1207 2345 1307 2400 πρὸς
1333 2344 1402 2386 τὸν
1429 2342 1562 2397 ἥλιον,
1595 2358 1729 2396 παρα-

320 2413 497 2464 πλησίως
523 2417 611 2459 ταῖς
636 2419 917 2468 κατοπτρικαῖς
944 2412 1175 2468 ἐμφάσεσιν.
1217 2416 1289 2453 cfr.
1314 2416 1387 2453 IV.
1418 2426 1458 2463 p.
1482 2413 1581 2450 598:
1609 2406 1727 2448 Ἀνα-

322 2475 511 2531 ξαγόρας,
552 2478 809 2533 Δημόκριτος
836 2479 1006 2520 σύνοδον
1042 2479 1220 2533 ἀστέρων
1257 2479 1361 2518 ἇυεΐν
1390 2473 1414 2527 ἢ
1442 2475 1507 2515 καὶ
1534 2472 1726 2514 πλειόνων

322 2542 423 2593 κατὰ
446 2544 737 2598 συναυγασμόν.
775 2548 893 2587 Adde
913 2549 995 2586 Sto
1006 2548 1044 2587 b.
1062 2549 1203 2598 Eclog.
1210 2546 1330 2596 phys.
1351 2545 1385 2593 I,
1407 2546 1472 2582 29.
1493 2555 1533 2593 p.
1548 2544 1626 2581 576
1639 2555 1724 2593 sqq.

322 2613 419 2649 Sen
432 2625 497 2650 ec.
532 2614 700 2662 Quae-st.
719 2621 809 2652 nat.
837 2615 937 2662 VII,
960 2618 1009 2653 19
1020 2643 1032 2662 ,
1063 2614 1128 2665 qui
1149 2620 1189 2651 et
1209 2613 1294 2663 ipse
1322 2612 1363 2648 in
1383 2607 1545 2646 eandem
1567 2615 1726 2647 senten-

320 2678 414 2716 tiam
437 2679 625 2716 concessit
648 2692 682 2716 c.
702 2683 755 2717 22
775 2692 833 2730 sq.
889 2681 1017 2719 Plin.
1043 2682 1203 2717 Histor.
1225 2683 1314 2714 nat.
1345 2676 1398 2722 ΙΙ,
1421 2677 1495 2713 23:
1530 2676 1633 2712 Sunt
1653 2677 1726 2726 qui

322 2751 362 2780 et
383 2745 488 2782 haec
505 2745 646 2782 sidera
662 2753 866 2795 perpetua
883 2760 967 2792 esse
986 2745 1168 2791 credant,
1195 2756 1345 2793 suoque
1369 2740 1528 2778 ambitu
1547 2743 1622 2786 ire,
1652 2741 1727 2778 sed

322 2823 404 2848 non
422 2811 507 2847 nisi
532 2811 682 2848 relicta
706 2811 761 2848 ab
784 2812 875 2849 Sole
904 2812 1027 2850 cerni.
1077 2807 1261 2848 Ἰταλικοὶ
1289 2814 1486 2848 vocantur
1507 2807 1724 2855 Aristoteli,
