1774 3198
414 324 632 378 'MERUM
657 330 988 375 SECUNDUM.
1029 329 1147 372 CAP.
1166 329 1257 373 vn.
1453 317 1551 365 589

132 457 192 490 set
215 463 290 489 nec
318 448 462 488 fluctus
492 454 604 488 retro
633 446 743 487 abire
767 445 1031 500 permisisset,
1062 444 1174 482 exitu
1198 440 1316 482 simul
1341 441 1553 495 redituque

131 518 336 570 praecluso
356 517 618 556 volutaretur.
675 517 768 566 Quo
791 515 896 554 facto
908 542 919 562 ,
952 525 1042 550 cum
1062 512 1103 550 in
1121 518 1278 550 rectum
1296 510 1461 550 tendere
1479 525 1554 549 ne-

133 585 275 636 quiret,
303 585 410 636 quod
430 584 665 636 efflagitaret
681 589 840 631 natura,
868 581 912 619 in
930 579 1100 619 sublime
1118 593 1203 618 sese
1221 579 1447 618 intenderet
1468 585 1555 618 ter-

132 665 298 704 ramque
316 659 563 703 prementem
582 651 886 691 disverberaret.

245 722 291 759 M
301 734 322 758 e
334 726 350 758 t
360 733 414 758 ro
427 718 452 759 d
465 734 488 758 o
500 734 584 759 rus
624 721 656 759 C
668 720 694 758 h
705 720 718 758 i
731 733 755 757 u
766 732 784 756 s
794 746 808 765 ,
856 715 1079 755 Democriti
1111 714 1328 767 discipulus
1343 744 1354 764 ,
1392 721 1555 754 auctore

133 787 410 827 Plutarcho
443 785 555 827 Plae.
579 788 683 841 plzil.
708 788 732 826 l.
753 788 778 825 1.
806 800 847 838 p.
871 788 920 825 91
951 785 1110 836 negavit
1134 785 1261 822 ullum
1282 798 1446 835 corpus,
1478 784 1556 823 nisi

133 855 393 895 vehementer
422 856 639 907 impulsum
666 854 734 894 vel
755 859 986 902 attractum,
1016 852 1186 904 proprio
1206 853 1294 890 loco
1324 852 1555 903 impositum

133 936 156 961 a
185 925 368 975 quopiam
399 936 515 974 posse
543 922 722 961 moveri:
768 917 828 959 διὸ
859 918 964 972 μηδὲ
994 917 1068 971 τὴν
1095 921 1170 972 γῆν
1205 915 1273 958 ἅτε
1303 917 1346 958 δὲ
1375 917 1556 972 κειμένην

134 992 313 1043 φυσικῶς
342 992 554 1038 κινεῖσθαι,
583 986 735 1036 τόπους
755 986 802 1027 δέ
812 1002 925 1034 τινας
953 984 1080 1039 αὐτῆς
1108 987 1262 1026 νοστεῖν
1292 992 1378 1035 τοῖς
1404 985 1556 1035 ἄλλοις.

136 1059 267 1108 Quam
298 1058 348 1096 de
376 1058 499 1096 causis
527 1064 657 1096 terrae
678 1063 861 1096 motuum
886 1056 1115 1107 opinionem
1132 1054 1339 1103 habuerit,
1370 1057 1557 1108 exposuit

135 1127 162 1163 S
175 1139 330 1164 eneca
357 1126 382 1164 l.
401 1126 426 1164 l.
446 1126 519 1174 VI,
543 1129 609 1174 19,
629 1129 668 1164 2.
725 1124 956 1163 Arbitratus
978 1124 1083 1161 enim
1106 1129 1184 1171 est,
1214 1124 1556 1174 quemadmodum

134 1195 180 1239 in
209 1190 318 1230 dolio
348 1193 559 1230 cantantis
587 1206 668 1229 vox
695 1192 773 1229 illa
796 1205 872 1240 per
894 1198 1026 1228 totum
1055 1204 1144 1228 cum
1175 1190 1363 1241 quadam
1393 1189 1556 1230 discus-

132 1261 248 1296 sione
271 1267 493 1309 percurrat
513 1272 565 1296 ac
583 1266 767 1305 resonet,
798 1265 838 1295 et
865 1265 955 1295 tam
979 1258 1122 1295 leviter
1152 1266 1268 1295 mota
1298 1265 1439 1297 tamen
1468 1262 1557 1298 cir-

134 1334 308 1375 cumeat,
338 1339 420 1364 non
439 1328 525 1364 sine
546 1333 664 1364 tactu
685 1327 773 1363 eius
791 1326 1066 1377 tumultuque,
1098 1339 1177 1376 quo
1197 1325 1362 1363 inclusa
1377 1327 1459 1364 sit:
1488 1328 1554 1366 ita

131 1380 418 1444 speluncarum
445 1393 519 1432 sub
548 1401 667 1431 terra
693 1392 963 1443 pendentium
990 1394 1236 1430 vastitatem
1265 1391 1418 1431 habere
1454 1394 1555 1432 ae'ra

133 1474 272 1508 suum,
309 1474 429 1511 quem
455 1460 708 1512 simulatque
736 1460 848 1498 alius
879 1473 1050 1511 superne
1079 1458 1266 1496 incidens
1285 1463 1554 1509 percusserit,

133 1542 216 1565 non
245 1527 372 1565 aliter
400 1529 557 1578 agitet,
597 1541 725 1578 quam
756 1528 908 1564 inania
946 1527 1081 1564 indito
1114 1527 1294 1563 clamore
1331 1530 1557 1566 sonuerint.

135 1596 250 1644 Quae
275 1600 408 1632 tamen
434 1595 549 1631 unice
568 1594 619 1631 ad
637 1594 941 1645 explicationem
960 1594 1154 1632 tumultus
1174 1593 1322 1633 inferni
1341 1595 1555 1645 pertinent.

133 1662 350 1713 Perperam
370 1662 534 1698 Metro
547 1660 662 1698 dori
690 1661 923 1699 sententiam
945 1662 1128 1713 exposuit
1156 1662 1405 1700 Eusebius
1420 1664 1556 1701 Prae-

126 1735 277 1779 parat.
287 1728 491 1778 Evangel.
505 1728 581 1773 ΙΙΙ,
598 1730 661 1774 15,
683 1728 745 1765 cui
759 1728 820 1766 rei
838 1742 943 1766 nunc
962 1742 1044 1782 nou
1063 1730 1381 1768 immorabimur.
1410 1731 1554 1770 Plato

141 1798 248 1834 Tim.
278 1796 397 1833 Tom.
416 1797 485 1834 III.
518 1809 558 1847 p.
582 1795 634 1834 43
666 1808 737 1833 sex
759 1802 888 1833 motus
907 1797 1057 1847 species
1076 1798 1298 1849 proposuit,
1325 1803 1555 1838 antrorsum

136 1870 175 1902 et
194 1869 435 1908 retrorsum,
465 1861 515 1899 ad
535 1863 688 1902 laevam
710 1868 750 1901 et
770 1863 974 1913 dextram,
999 1878 1155 1902 sursum
1180 1871 1220 1903 et
1244 1865 1430 1904 deorsum
1460 1865 1552 1920 (cfr.

136 1931 276 1970 Stob.
303 1930 445 1980 Eclog.
464 1928 583 1979 phys.
611 1932 643 1969 Ι.
671 1943 713 1982 p.
735 1928 855 1982 408):
885 1930 954 1968 sed
976 1932 1193 1971 secundum
1218 1934 1367 1972 nullam
1387 1935 1554 1974 istarum

134 1998 355 2050 specierum
380 1996 535 2035 moveri
555 2009 670 2047 posse
686 2003 835 2036 terram
855 1999 1141 2046 arbitrabatur,
1169 2001 1211 2038 in
1231 2002 1319 2038 loco
1347 2002 1554 2054 undequa-

135 2079 213 2117 que
231 2063 368 2102 infimo
398 2061 456 2115 (ἓν
483 2064 542 2117 τῷ
572 2061 829 2115 πανταχόθεν
857 2062 1076 2120 κατωτάτῳ
1109 2065 1302 2119 κειμένην,
1332 2070 1417 2107 sive
1445 2071 1550 2120 quod

134 2132 290 2171 mavult
304 2131 502 2169 Corsini
519 2128 736 2185 ἰσωτὰτῳ).
793 2134 924 2183 Ipsam
945 2135 1067 2185 igitur
1084 2135 1288 2173 immotam
1306 2150 1553 2186 permanere,

101 2227 104 2230 »
137 2211 263 2250 quum
287 2190 389 2236 nihil
416 2198 538 2248 possit
571 2198 740 2248 eligere,
776 2199 819 2237 in
842 2201 947 2251 quod
978 2202 1110 2251 potius
1138 2209 1297 2252 vergat3
1339 2204 1422 2242 eius
1452 2217 1553 2243 vero

137 2266 225 2304 loca
263 2265 442 2316 ipsorum
478 2265 640 2303 raritate
676 2264 882 2306 fluctuare.
945 2268 1056 2307 Haec
1088 2268 1394 2308 Plutarchus
1432 2271 1551 2310 Plac.

131 2331 287 2383 philos.
316 2332 345 2370 l.
366 2332 394 2370 l.
422 2344 462 2382 Ρ.
483 2335 550 2371 91.
1183 2321 1186 2324 ⁴

252 2399 337 2438 Iam
356 2398 406 2436 ad
423 2399 554 2450 ipsum
577 2398 914 2440 Aristotelem
943 2402 1106 2455 eiusque
1125 2404 1336 2457 discipulos
1355 2412 1554 2458 transgre-

139 2466 282 2504 dimur.
311 2466 406 2503 Eius
424 2463 580 2505 theoria
598 2479 620 2503 a
636 2467 816 2518 pluribus
833 2468 977 2508 deinde
994 2478 1166 2523 accepta,
1181 2486 1202 2510 a
1221 2474 1354 2512 multis
1373 2475 1555 2525 exposita

138 2539 209 2572 est.
268 2532 454 2571 strabo
481 2533 554 2573 IV.
582 2546 621 2585 p.
642 2538 725 2579 277
745 2536 796 2575 A.
827 2536 877 2574 de
897 2537 1039 2576 vicinis
1060 2540 1258 2579 Massiliae
1278 2542 1424 2593 campis
1442 2543 1554 2581 locu-

136 2606 220 2648 tus,
253 2601 320 2652 qui
339 2600 486 2651 ingenti
507 2600 684 2651 lapidum
705 2604 959 2643 multitudine
978 2607 1198 2647 exuberent
1225 2607 1315 2660 (cfr.
1334 2610 1552 2649 Meteorol.

138 2675 219 2706 vet.
244 2669 314 2706 Gr.
336 2675 377 2706 et
395 2669 515 2706 Rom.
543 2670 602 2715 Π,
632 2672 670 2708 7.
698 2677 782 2709 not.
803 2674 844 2710 8.
875 2685 916 2723 p.
935 2671 1029 2724 41),
1086 2675 1429 2715 Aristotelem
1457 2690 1553 2715 cen—

138 2734 259 2773 suisse
282 2736 411 2775 refert
436 2748 459 2773 a
480 2740 611 2774 terrae
638 2738 812 2776 motibus
853 2734 956 2789 (ὕπό
988 2743 1160 2793 σεισμῶν
1187 2744 1269 2783 τῶν
1295 2741 1551 2796 καλουμένων

138 2801 341 2855 seponatur)
369 2803 522 2855 lapides
546 2804 590 2843 in
607 2805 859 2857 superficiem
880 2813 1032 2859 egestos
1055 2811 1099 2850 in
1120 2824 1216 2851 cava
1234 2812 1320 2851 loca
1339 2813 1549 2852 confertim
