1774 3198
304 358 394 401 652
617 366 888 406 ADDENDA
917 368 989 405 ΕΤ
1017 367 1390 410 CORRIGENDA.

389 471 554 518 πρότερος
576 469 625 508 ὢν
649 471 771 507 τοῦτου
802 475 1065 519 (Empedoclem
1090 477 1242 522 innuit),
1264 478 1337 514 τοῖς
1359 476 1395 514 δ’
1410 479 1525 525 ἔργοις
1548 476 1694 527 ὕστερος.

390 530 571 563 Caeterum
594 528 714 562 nescio
737 541 804 573 qua
826 541 902 565 mea
919 533 1047 566 factum
1071 533 1114 566 sit
1131 533 1275 578 incuria,
1297 540 1335 568 ut
1349 536 1468 568 eadem
1483 536 1559 570 sere
1573 539 1694 581 verba,

390 595 477 628 quae
503 583 624 627 scripsi
651 584 688 617 in
711 591 783 619 not.
812 587 854 619 ad
879 599 912 630 p·
934 588 1011 630 365,
1039 591 1214 632 paululum
1236 596 1351 624 tamen
1373 591 1611 635 locupletiora,
1638 605 1698 627 re-

388 640 495 683 petita
518 639 586 672 sint
609 651 642 683 p.
664 639 751 683 414,
785 641 844 674 ubi
868 643 989 686 addas,
1023 655 1110 687 quae
1134 645 1220 678 dixit
1251 647 1495 680 Montucla
1525 651 1613 680 Hisi.
1639 651 1695 681 des

388 696 617 739 Mathe'maiiq.
642 696 723 730 Vol.
749 696 778 730 Ι,
804 709 837 741 p.
851 700 915 732 118
936 708 1021 737 nov.
1045 701 1124 734 edit.
1147 700 1228 734 L'on
1253 705 1314 734 saiz
1338 715 1446 744 assez,
1471 715 1531 746 que
1554 707 1628 736 telle
1651 712 1696 736 est

389 756 424 784 ῖιι
447 758 592 784 consume
617 750 816 785 d'Aristote
832 777 841 794 ,
877 755 918 786 de
948 767 988 787 ne
1012 757 1126 789 rendre
1158 760 1202 789 les
1228 759 1371 799 opinions
1394 759 1434 790 de
1457 771 1506 790 ses
1528 759 1698 801 predeces-

389 820 478 841 seurs
508 805 812 850 qu'accompagnbes
841 807 946 842 d'une
967 809 1062 850 foule
1084 813 1125 844 de
1148 814 1376 845 circonstances
1405 811 1508 846 ‹l'une
1535 815 1697 848 absurdiic'

386 867 550 908 palpable.

300 912 336 944 1².
362 912 438 945 366.
462 914 486 947 l.
513 916 566 949 19.
592 934 635 943 -
666 918 748 951 Post
773 915 848 961 εἴδη
873 919 982 954 adde:
1017 921 1076 954 ubi
1098 923 1197 965 plura
1220 922 1427 957 monuimus.
1473 924 1573 956 Nunc
1600 923 1697 955 addi-

387 980 463 1002 mus
487 973 579 1013 Phys.
603 974 642 1016 I,
666 973 698 1007 5.
721 986 757 1017 p.
782 976 858 1017 188,
883 976 920 1008 b:
958 973 1017 1009 διοὶ
1040 973 1078 1009 τὸ
1100 974 1150 1018 μὴ
1174 974 1237 1010 τοὶς
1261 973 1501 1020 ἀντικειμένας
1523 975 1699 1011 διαθέσεις

387 1020 601 1068 ὠνομάσθαι
629 1026 823 1063 λανθάνειν
847 1029 950 1064 τοῦτο
974 1034 1171 1076 συμβαίνει.
1219 1034 1279 1074 ΙΙΙ,
1303 1035 1335 1066 1.
1365 1044 1399 1076 p.
1420 1035 1545 1074 201‚a:
1579 1030 1641 1065 τοῦ
1663 1030 1697 1065 δὲ

388 1077 538 1123 αιἰξητοῖἰ
565 1082 725 1126 [κίνησις]
757 1088 817 1117 καὶ
842 1083 905 1118 τοῦ
933 1082 1174 1128 ἀντικειμένου
1197 1085 1327 1128 φθιτοῦ
1359 1084 1470 1128 (οῦδὲν
1492 1086 1560 1132 γάρ
1585 1086 1698 1130 ὄνομα

389 1134 506 1169 κοινὸν
528 1133 579 1170 ἐπ’
604 1134 752 1181 ἀμφοῖν)
778 1138 917 1183 αὔξησις
937 1145 996 1174 καὶ
1021 1142 1155 1184 φθίσις.
1182 1144 1228 1184 V,
1245 1146 1278 1180 2.
1307 1155 1340 1186 p.
1361 1145 1439 1185 226,
1454 1155 1490 1176 a:
1511 1139 1534 1186 ἦ
1549 1141 1582 1177 δὲ
1606 1140 1696 1177 κατὰ

388 1187 428 1223 τὸ
451 1189 557 1224 ποσὸν
585 1193 746 1236 [κίνησις]
774 1193 812 1228 τὸ
839 1195 901 1236 μὲν
922 1194 1041 1229 κοινὸν
1064 1193 1260 1240 ἀνώνυμον,
1283 1195 1370 1232 καθ’
1394 1197 1559 1244 ἑκάτερον
1581 1195 1615 1232 δ’
1635 1195 1700 1231 αὕ-

390 1246 481 1288 ξησις
504 1250 563 1280 καὶ
588 1247 722 1291 φθίσις,
757 1246 779 1291 ἦ
807 1250 870 1290 μὲν
893 1246 939 1282 εἷς
963 1247 1001 1284 td
1025 1250 1156 1284 τέλειον
1178 1253 1329 1295 μέγεθος
1353 1249 1516 1296 αὔξησις,
1555 1249 1576 1296 ἦ
1601 1249 1636 1286 δ’
1661 1251 1698 1286 ἐκ

387 1299 507 1334 τοῦτου
527 1303 660 1345 φθίσις.
702 1299 712 1312 ‘
736 1302 770 1338 δὲ
793 1302 883 1336 κατὰ
910 1302 1017 1338 τόπον
1043 1309 1103 1337 καὶ
1125 1303 1165 1338 τὸ
1195 1303 1312 1339 κοινὸν
1337 1311 1396 1339 καὶ
1418 1305 1457 1339 vd
1482 1307 1573 1341 ἴδιον
1606 1303 1700 1340 ‹imb-

388 1365 516 1399 νυμος,
542 1356 629 1391 ἔστω
671 1372 686 1392 ε
709 1357 800 1403 φορὰ
824 1358 1019 1403 καλουμένη
1046 1357 1087 1393 to*
1114 1359 1244 1394 κοινόν.
1290 1360 1369 1400 (Ad
1393 1367 1565 1403 postrema
1589 1363 1698 1395 verba

388 1412 453 1445 cfr.
480 1413 520 1444 de
545 1417 634 1446 caelo
666 1414 704 1456 I,
728 1417 762 1447 2.
792 1425 826 1457 p.
854 1415 941 1456 268,
964 1415 1006 1447 b:
1049 1411 1145 1448 πᾶσα
1168 1413 1203 1449 δὲ
1228 1417 1356 1457 κίνησις
1378 1412 1440 1459 ὅση
1463 1415 1552 1450 κατὰ
1576 1415 1698 1459 τόπον,

389 1462 442 1508 ἢν
465 1465 689 1510 καλοῦμεν
715 1464 876 1512 φοράν,
908 1465 931 1511 ἢ
954 1467 1098 1512 εὐθεῖα,
1122 1466 1145 1513 ἢ
1161 1469 1276 1512 κύκλῳ
1300 1466 1321 1513 ἢ
1350 1470 1386 1503 ἐκ
1408 1469 1537 1505 τούτων
1560 1470 1697 1514 μικτή).

388 1524 430 1555 ‹le
454 1528 542 1556 caelo
565 1523 629 1566 IV,
646 1526 677 1557 1.
701 1536 735 1567 p.
751 1527 828 1568 307,
840 1526 874 1558 b:
899 1523 992 1570 βαρῦ
1021 1529 1081 1559 καὶ
1102 1523 1230 1567 κοῦφον
1252 1524 1300 1567 τῷ
1323 1524 1497 1559 δύνασθαι
1519 1525 1699 1560 κινεῖσθαι

389 1576 534 1621 φυσικοῖς
560 1589 634 1612 πως
656 1577 812 1624 λέγομεν.
841 1580 920 1614 ταῖς
942 1578 977 1615 δὲ
1004 1580 1190 1625 ἐνεργείαις
1214 1575 1360 1624 δώματ’
1374 1577 1492 1615 αὐτῶν
1510 1576 1551 1614 οὐ
1573 1580 1698 1623 κεῖται,

388 1630 483 1682 πδὴν
510 1632 545 1666 εἴ
562 1644 615 1668 τις
637 1634 743 1668 οἴοιτο
766 1634 854 1668 εἶναι
877 1632 956 1678 τὴν
983 1634 1126 1678 ῥοπὴν
1151 1633 1305 1670 τοιοῦτον
1342 1637 1426 1679 (cfr.
1454 1637 1555 1678 Phys.
1580 1637 1642 1678 IV,
1666 1637 1698 1669 8.

386 1701 421 1732 p.
445 1690 524 1731 216,
538 1687 585 1731 a).
611 1692 834 1732 Physiognom.
859 1691 891 1723 4.
915 1703 948 1734 Ρ.
963 1692 1040 1733 809,
1053 1702 1083 1724 a·
1108 1693 1148 1724 de
1163 1699 1247 1734 part.
1262 1694 1393 1726 animal.
1417 1691 1445 1733 Ῑ,
1460 1693 1492 1723 2·
1514 1703 1549 1734 p.
1563 1689 1640 1733 642,
1655 1692 1675 1724 b
1688 1703 1696 1724 ε

385 1741 498 1789 ταύτῃ
520 1744 586 1786 μὲν
607 1740 668 1778 οὖν
691 1745 734 1791 τῇ
756 1741 939 1788 ὅμοιότητι
968 1744 1063 1789 ὅρνις
1090 1742 1202 1788 ὄνομα
1227 1748 1342 1780 κεῖται
1355 1773 1364 1788 ,
1398 1746 1498 1789 ἑτέρα
1523 1742 1557 1780 δ’
1573 1743 1698 1789 ἰχθύς·

387 1795 496 1832 ἄλλαι
520 1796 559 1833 δ’
577 1797 659 1834 εἰσὶν
683 1797 869 1842 ἀνώνυμοι,
891 1800 963 1835 οἷον
983 1799 1019 1836 td
1043 1801 1192 1844 ἔναιμον
1216 1805 1275 1835 καὶ
1297 1800 1338 1835 τὸ
1356 1801 1519 1845 ἄναιμον.
1546 1798 1601 1845 ἐφ’
1618 1802 1699 1836 ἐκα-

384 1856 471 1896 τέρῳ
500 1853 568 1899 γοέρ
590 1853 720 1890 τούτων
743 1852 782 1888 οὗ
808 1857 921 1889 κεῖται
943 1855 983 1889 ἓν
1004 1853 1131 1899 ὄνομα.
1158 1859 1221 1899 111,
1242 1858 1275 1891 6.
1302 1869 1334 1901 p.
1357 1859 1434 1900 669,
1455 1859 1489 1891 b.

299 1929 315 1935 ·-
338 1910 416 1944 366.
443 1915 516 1943 not.
530 1913 563 1943 6.
588 1912 613 1943 l.
625 1916 713 1943 extr.
732 1928 774 1935 —-
798 1912 896 1944 Idem
919 1911 987 1944 iam
1003 1917 1196 1954 monuerat,
1219 1913 1271 1945 uti
1290 1924 1384 1946 nunc
1406 1914 1524 1956 video,
1548 1913 1698 1955 Septa-

386 1965 477 1998 lius
502 1966 545 1998 ad
570 1966 766 1999 Aristot.
791 1968 897 1998 Probl.
921 1968 975 2008 ΙΙ,
1001 1970 1034 1999 7.
1061 1977 1096 2009 p.
1121 1969 1197 2000 132.

299 2042 317 2047 -
333 2021 414 2055 367.
437 2022 461 2053 l.
479 2023 531 2054 13.
553 2039 597 2045 -
620 2022 705 2054 Inde
728 2021 960 2063 metaphorica
982 2021 1231 2068 significatione
1245 2048 1254 2063 ,
1289 2034 1391 2066 quam
1414 2023 1598 2057 illustravit
1620 2025 1639 2055 J
1650 2035 1695 2056 a-

389 2077 497 2109 cobs
533 2077 576 2109 ad
602 2075 772 2110 Achill.
799 2078 894 2110 Tat.
930 2088 963 2120 p.
986 2076 1065 2110 424.
1087 2076 1165 2112 498.
1199 2080 1427 2120 incitabulum,
1454 2082 1695 2113 irritamentum.

385 2134 548 2165 Problem.
574 2133 603 2175 I,
628 2134 681 2164 11.
709 2143 742 2175 p.
767 2133 890 2174 860,b.

298 2206 315 2214 -
339 2188 415 2221 368.
441 2189 463 2221 l.
488 2189 551 2221 ult.
579 2204 620 2211 —-
649 2187 722 2221 cfr.
746 2189 897 2230 Meiaph.
923 2184 969 2229 α’,
992 2190 1023 2222 3.
1050 2200 1083 2231 p.
1106 2189 1184 2230 983,
1209 2200 1239 2223 a.

297 2265 315 2270 -
339 2244 414 2278 369.
441 2264 460 2270 -
488 2246 542 2277 17.
579 2259 623 2265 —
656 2243 758 2277 Adde
781 2246 933 2286 Metaph.
962 2243 1007 2283 α’,
1033 2248 1066 2277 2.
1103 2257 1139 2288 Ρ.
1161 2245 1250 2286 982,
1275 2244 1318 2277 b:
1356 2247 1416 2278 καὶ
1441 2241 1508 2289 γὰρ
1532 2238 1695 2288 τᾶγαθὲν

384 2302 443 2332 καὶ
468 2296 507 2332 τὸ
532 2293 571 2332 οὗ
591 2297 691 2332 ἕνεκα
716 2297 754 2331 ἓν
777 2296 848 2332 τῶν
872 2296 992 2332 αι’τίοιν
1014 2297 1117 2332 ἐστὶν.

296 2373 313 2380 -
337 2357 414 2390 371.
442 2355 466 2388 1.
493 2355 547 2388 15.
570 2374 616 2380 ——
650 2353 900 2389 Adscribamus
924 2356 1083 2396 exempla
1105 2355 1270 2387 nonnulla
1294 2354 1552 2387 coniunctamm
1573 2355 1695 2387 harum

383 2409 629 2453 particularum
653 2421 699 2444 ex
721 2410 828 2453 ipsius
852 2409 1048 2444 Aristotelis
1075 2410 1210 2453 scriptis
1232 2410 1347 2452 petita.
1391 2412 1492 2452 Phys.
1526 2411 1565 2452 Ι,
1593 2411 1626 2443 5.
1662 2421 1695 2452 ρ.

386 2467 463 2506 189,
479 2476 516 2498 a:
541 2462 654 2498 ταῦτα
678 2463 714 2499 δὲ
737 2463 776 2508 δὴ
799 2461 954 2499 ahaim:
981 2464 1120 2508 λέγουσι
1143 2470 1201 2499 καὶ
1225 2464 1358 2507 ἑτέρως.
1391 2465 1456 2507 IV,
1467 2467 1502 2500 S.
1525 2466 1692 2508 p.216,a:

383 2517 419 2553 ἐν
442 2517 477 2553 δὲ
501 2517 541 2562 δὴ
562 2518 611 2562 τῷ
633 2517 720 2562 κενῷ
745 2519 847 2554 τοῦτο
870 2522 936 2563 μὲν
959 2518 1144 2558 α’ὃύνατον.
1190 2522 1251 2561 IV,
1279 2523 1332 2554 11.
1366 2533 1400 2564 p.
1425 2522 1553 2563 219,a:
1593 2516 1633 2552 τὸ
1659 2518 1693 2553 δὲ

382 2572 424 2617 δὴ
446 2572 616 2619 πρότερον
645 2579 702 2608 καὶ
734 2569 875 2619 ὕστερον
906 2575 944 2610 ἐν
967 2573 1063 2620 τόπῳ
1090 2574 1231 2620 πρῶτόν
1255 2575 1369 2618 ἐστιν,
1402 2575 1462 2608 ubi
1486 2581 1599 2608 tamen
1623 2576 1692 2607 duo

384 2630 505 2673 optimi
529 2630 668 2664 codices
691 2631 852 2664 omittunt
875 2629 923 2667 δέ.
966 2633 1020 2675 V,
1041 2635 1072 2666 1.
1097 2644 1130 2675 p.
1149 2630 1232 2674 224,
1252 2644 1292 2675 a,
1327 2631 1385 2664 ubi
1408 2643 1496 2664 unus
1520 2631 1632 2664 codex
1655 2628 1695 2665 δέ

384 2686 528 2729 omittit,
555 2691 625 2719 tres
652 2686 806 2720 melioris
829 2693 933 2721 notae
959 2687 1137 2722 exhibent.
1171 2690 1212 2720 de
1235 2692 1323 2720 caelo
1348 2687 1410 2728 IV,
1431 2685 1464 2719 4.
1497 2697 1532 2729 p.
1556 2687 1634 2728 312,
1658 2686 1693 2728 b,

383 2741 441 2774 ubi
464 2739 502 2774 δέ
531 2741 694 2775 omissum
716 2742 755 2775 in
777 2743 816 2777 E.
844 2748 878 2776 et
900 2744 941 2776 L.
964 2745 1004 2776 de
1026 2745 1140 2787 spiritu
1166 2745 1200 2776 2.
1236 2755 1270 2786 p.
1292 2741 1369 2782 482,
1392 2752 1424 2774 a.
1467 2742 1621 2783 Metaph.
1648 2738 1694 2782 α’,

384 2797 416 2830 3.
448 2807 482 2839 Ρ.
505 2795 591 2839 984,
612 2798 655 2840 b,
691 2797 751 2831 ubi
775 2803 891 2832 tamen
914 2795 955 2841 δή
986 2798 1022 2832 in
1052 2797 1236 2832 duodecim
1263 2795 1438 2831 codicibus
1473 2796 1570 2830 deest
1602 2795 1694 2830 inter
