1820 3158
170 1183 186 1216 1

168 1315 192 1349 2

441 863 552 908 ME
571 862 893 909 TEJZPOA
911 864 1231 911 ΟΓΙΚΩΝ
1293 870 1345 911 B.

212 1111 298 1142 -··-p.
314 1101 390 1141 353,
402 1110 433 1132 a.
464 1099 656 1139 Bekker—
1163 1123 1207 1129 —
1218 1115 1252 1146 p.
1264 1105 1341 1146 338,
1357 1103 1397 1136 F.
1423 1101 1623 1145 Casaubk—

333 1179 365 1216 I.
421 1176 522 1229 Περὶ
561 1175 604 1216 δὲ
631 1174 860 1229 θαλάττης,
897 1178 960 1218 καὶ
989 1178 1049 1226 τίς
1075 1175 1100 1231 ἦ
1131 1177 1252 1233 φύσις
1280 1177 1422 1231 αὐτῆς,
1463 1178 1527 1218 καὶ
1558 1176 1623 1216 du}

221 1241 296 1295 τίν’
332 1242 461 1282 αἰτίαν
500 1238 679 1294 ἁλμυρὸν
715 1241 910 1284 τοσοῦτόν
947 1243 1053 1284 ἐστιν
1088 1243 1238 1291 ὓδατος
1272 1246 1453 1296 πλῆθος,
1493 1242 1548 1283 ἔτι
1579 1242 1624 1282 δὲ

221 1309 309 1363 περὶ
334 1311 408 1360 τῆς
435 1307 476 1355 ἐξ
505 1306 631 1359 ἀρχῆς
656 1306 840 1360 γενέσεως
868 1308 1051 1363 λέγωμεν.
1108 1316 1148 1351 2.
1189 1310 1239 1350 Οἱ
1266 1309 1339 1362 μὲν
1368 1304 1438 1350 οὖν
1467 1307 1624 1362 ἀρχαῖοι

221 1376 286 1415 καὶ
315 1374 584 1427 διατρίβοντες
610 1373 698 1428 περὶ
723 1371 797 1420 τὰς
817 1375 1030 1429 θεολογίας
1053 1379 1233 1417 ποιοῦσιν
1254 1375 1377 1428 αὐτῆς
1395 1373 1545 1428 πηγάς,
1569 1371 1618 1413 ἵν’

221 1440 358 1487 αὐτοῖς
389 1433 484 1480 ὦσιν
512 1438 631 1492 ἀρχαὶ
660 1439 726 1479 καὶ
756 1437 855 1492 ῥίζαι
884 1444 956 1494 γῆς
983 1441 1048 1481 καὶ
1076 1440 1302 1494 θαλάττης·
1336 1439 1623 1496 τραγικώτερον

221 1506 296 1560 γὰρ
327 1503 432 1545 οὕτω
461 1505 526 1544 καὶ
555 1502 790 1559 σεμνότερον
827 1502 1026 1558 ὑπέλαβον
1065 1506 1162 1555 ἴσως
1201 1505 1296 1547 εἶναι
1324 1506 1370 1548 τὸ
1400 1505 1622 1560 λεγόμενον,

223 1571 277 1620 ὡς
305 1571 404 1625 μέγα
431 1587 469 1611 τι
496 1573 567 1610 τοῦ
595 1569 745 1618 παντὸς
772 1574 890 1612 τοῦτο
917 1571 1060 1624 μόριον
1089 1571 1156 1614 ὅν·
1196 1574 1261 1614 καὶ
1290 1571 1361 1614 τὸν
1389 1571 1527 1613 λοιπὸν
1555 1570 1623 1611 οὖ·-

224 1637 346 1693 ρανόν
375 1635 468 1678 ὅλον
496 1637 584 1691 περὶ
611 1639 755 1677 τοῦτον
783 1641 974 1690 συστῆναι
1002 1637 1074 1680 τὸν
1099 1637 1224 1680 τόπον
1251 1640 1316 1680 καὶ
1334 1636 1480 1679 τούτου
1491 1634 1623 1691 χάριν,

223 1703 277 1753 ὡς
305 1703 402 1745 ὄντα
428 1701 669 1755 τιμιώτατον
697 1703 762 1743 καὶ
792 1702 933 1757 ἀρχήν.
993 1711 1030 1744 3.
1065 1705 1115 1745 Οἳ
1143 1705 1187 1745 δὲ
1216 1703 1435 1759 σοφώτεροι
1457 1702 1529 1756 τὴν
1553 1701 1624 1742 ἀν-

222 1771 433 1826 θρωπίνην
463 1769 608 1823 σοφίαν
636 1772 817 1809 ποιοῦσιν
847 1769 970 1822 αὐτῆς
997 1770 1165 1823 γένεσιν·
1211 1768 1307 1811 εἶναι
1335 1769 1410 1823 γὰρ
1439 1767 1484 1810 τὸ
1514 1771 1624 1822 πρῶ-

222 1853 293 1877 τον
319 1833 440 1889 ὑγρὸν
469 1833 626 1874 ἅπαντα
653 1832 724 1874 τὺν
751 1835 838 1889 περὶ
866 1834 940 1887 τὴν
966 1839 1039 1889 γῆν
1067 1834 1214 1887 τόπον,
1241 1833 1317 1876 ὑπὸ
1340 1834 1384 1875 δὲ
1411 1838 1483 1874 τοῦ
1510 1831 1623 1886 ἡλίου

223 1900 506 1958 ξηραινόμενον
542 1898 588 1940 τὸ
625 1899 699 1951 μὲν
736 1900 948 1952 διατμίσαν
983 1899 1189 1953 πνεύματα
1222 1901 1287 1942 καὶ
1322 1898 1475 1954 τροπὰς
1508 1897 1623 1952 ἧλιόυ

333 2036 434 2074 cst.
456 2034 488 2072 1.
544 2034 607 2071 De
626 2032 747 2080 mari,
773 2045 870 2083 quae
891 2033 941 2070 sit
958 2027 1046 2071 'eius
1070 2039 1229 2082 natura,
1258 2038 1297 2070 et
1318 2045 1432 2083 quam
1460 2032 1509 2069 ob
1529 2045 1623 2070 cau·

224 2115 304 2140 sam
329 2106 438 2139 tanta
456 2113 578 2149 aquae
596 2099 706 2149 copia
728 2099 777 2135 sit
795 2098 909 2144 salsa,
940 2106 1220 2149 praetereaque
1239 2098 1288 2136 de
1304 2099 1431 2148 prima
1452 2099 1533 2135 eius
1553 2110 1622 2148 ge-

223 2168 426 2206 neratione
444 2165 687 2202 disseramus.
745 2168 783 2201 2.
813 2165 947 2215 Itaque
968 2171 1122 2202 veteres
1139 2166 1209 2213 ini,
1239 2165 1306 2214 qui
1325 2164 1459 2202 divina
1480 2170 1624 2201 tracta-

222 2247 331 2280 vere,
358 2233 486 2270 fontes
505 2232 563 2268 illi
583 2231 781 2279 tribuunt,
809 2236 854 2268 ut
873 2231 943 2268 sibi
967 2237 1097 2268 essent
1119 2231 1229 2268 initia
1247 2230 1476 2280 radicesque
1494 2236 1624 2268 terrae

223 2300 431 2348 marisque.
489 2298 554 2335 Sic
574 2297 678 2334 enim
695 2295 863 2347 tragicae
887 2295 1065 2347 dignitati
1093 2295 1256 2347 propius
1281 2296 1476 2347 magisque
1500 2308 1624 2333 vene-—

223 2365 413 2411 randum,
442 2363 547 2414 quod
568 2363 759 2411 dicerent,
792 2376 872 2399 csse
889 2363 1195 2410 arbitrabantur,
1225 2368 1421 2413 tamquam
1449 2361 1624 2399 universi

225 2429 323 2468 illud
352 2442 433 2466 non
462 2431 602 2478 exigua
633 2434 733 2465 esset
759 2429 967 2480 particula:
1008 2441 1242 2479 omnemque
1271 2427 1406 2465 mundi
1432 2427 1621 2476 reliquam

224 2501 376 2545 partem
402 2493 508 2532 hunc
533 2495 682 2531 ambire
701 2495 853 2541 locum,
885 2507 999 2544 quem
1021 2495 1103 2531 eius
1124 2495 1183 2531 rei
1210 2494 1329 2544 gratia
1356 2491 1623 2541 dignissimum

225 2568 264 2597 ct
284 2560 391 2610 quasi
411 2560 648 2610 principium
677 2559 872 2609 quoddam
898 2559 1116 2597 censebant.
1176 2563 1212 2597 3.
1245 2558 1323 2607 Qui
1351 2570 1443 2594 vero
1462 2555 1621 2612 humani

226 2626 413 2676 sapientia
444 2625 563 2674 magis
590 2631 679 2661 sunt
698 2626 864 2672 versati,
895 2626 1185 2675 generationem
1212 2624 1292 2662 eius
1309 2622 1475 2660 faciunt:
1504 2623 1622 2660 fuisse.

227 2693 333 2729 enim
362 2691 541 2741 primitus
572 2689 776 2727 humidum
817 2703 971 2726 omnem
1003 2691 1106 2728 circa
1131 2696 1276 2727 terram
1305 2688 1456 2734 locum,
1493 2701 1514 2723 a
1538 2689 1622 2725 sole

224 2771 323 2795 vero
345 2758 597 2802 exsiccatum,
628 2761 665 2790 et
684 2768 703 2790 a
723 2755 934 2805 vaporibus
963 2755 1093 2803 ssatus,
1130 2752 1298 2803 solisque
1325 2759 1363 2790 ct
1381 2753 1495 2790 lunae
1526 2765 1622 2790 con-
