1820 3158
161 337 334 384 —12·340‚
353 338 567 373 a·Bekk·-
661 334 809 379 LIBJ.
839 336 955 378 CAP.
967 337 1041 377 111.
1111 335 1334 379 -p.327,B.
1353 334 1481 371 οη-
1549 329 1579 373 9

137 452 207 494 καὶ
243 451 319 495 τὸν
355 450 492 494 πάντα
527 449 630 508 πρὸς
657 448 817 491 ’τὸ-πᾶν
844 446 974 504 ὕδωρ.
1055 453 1095 489 8.
1137 448 1337 504 Διαφέρει
1376 445 1418 489 δ”
1451 445 1580 489 οὐθὲν
1610 453 1635 489 8

135 518 213 562 οὐδ
240 520 284 564 εἴ
304 521 366 570 τίς
403 535 504 578 φησι
541 519 617 574 μὲν
656 516 714 573 μὴ
758 517 946 573 γίνεσθαι
991 518 1124 557 ταῦτα
1159 516 1202 566 ἐξ
1229 515 1449 571 ἀλλήλων,
1511 514 1581 556 ἴσα

134 588 273 642 μέντοι
299 589 377 645 τὴν
394 587 566 642 δύναμιν
586 585 712 630 εἶναι·
741 584 847 628 κατὰ
869 587 1015 627 τοῦτον
1044 583 1121 640 γὰρ
1141 583 1213 627 τὸν
1241 583 1396 641 τρόπον
1425 581 1579 640 ἀνάγκη

133 656 210 711 τὴν
241 656 412 712 ἰσότητα
449 659 526 711 τῆς
568 653 781 710 δυνάμεως
821 651 1017 710 ὑπάρχειν
1054 658 1142 703 τοῖς
1179 653 1390 708 μεγέθεσιν
1429 651 1579 705 αὐτῶν,

134 722 272 781 ὥσπερ
301 723 376 768 κᾶν
406 726 449 768 εἷο
467 724 659 780 γινόμενα
688 724 731 773 ἐξ
761 721 949 778 ἀλλήλων
981 719 1176 778 ὑπῆρχεν.
1218 720 1280 765 ὅτι
1309 722 1384 776 μὲν
1405 716 1476 764 οὖν
1496 719 1579 763 οὔτ’

135 791 216 850 ἀὴρ
247 793 338 836 οὔτε
367 797 450 851 πῦρ
481 793 821 849 συμπεπληρωκε·
834 790 962 845 μόνον
987 789 1060 833 τὸν
1089 789 1240 844 μεταξὺ
1271 790 1419 842 τόπον,
1458 805 1584 846 φανε-

134 859 208 917 ρόν
237 862 359 905 ἐστιν.
429 870 464 906 9.
493 862 664 907 Λοιπὸν
692 861 737 904 δὲ
769 857 1102 916 διαπορήσαντας
1130 860 1252 902 εἰπεῖν
1281 863 1368 907 πῶς
1395 857 1584 900 τέτακται
1614 860 1639 897 9

131 927 184 970 τὰ
210 929 286 972 δύο
316 931 422 987 πρὸς
450 930 526 986 τὴν
554 934 630 973 τοῦ
668 928 834 983 πρώτου
864 926 1056 981 σώματος
1083 926 1226 980 θέσιν,
1275 927 1376 981 λέγω
1407 926 1452 968 δὲ
1482 925 1584 982 ἀέρα

130 1013 174 1039 τε
195 999 263 1039 καὶ
283 1002 387 1053 π’ῦρ,
429 1000 495 1042 καὶ
527 998 595 1041 διὰ
624 995 705 1040 τίν’
741 996 876 1038 αἰτίαν
902 992 928 1049 ἦ
954 993 1167 1050 θερμότης
1196 993 1277 1037 ἀπὸ
1307 998 1390 1037 τῶν
1421 992 1584 1036 ἄνωθεν

132 1062 296 1122 ἄστρων
335 1068 484 1122 γίνεται
522 1072 611 1115 τοῖς
638 1066 729 1122 περὶ
757 1063 835 1119 τὴν
861 1067 937 1119 γῆν
965 1062 1120 1113 τόποις.
1151 1065 1241 1121 περὶ
1271 1063 1392 1119 ἀέρος
1421 1057 1496 1106 οὖν
1527 1063 1584 1105 εἶ-

131 1130 278 1183 πόντες
304 1138 492 1189 πρῶτον,
542 1133 678 1191 ὥσπερ
713 1130 981 1186 ὑπεθέμεθα,
1023 1132 1201 1188 λέγωμεν
1230 1130 1339 1175 οὕτω
1379 1133 1446 1174 καὶ
1486 1133 1579 1188 περὶ

130 1200 290 1243 τούτων
318 1201 453 1245 πάλιν.
517 1210 581 1246 10.
617 1204 670 1244 Εἰ
699 1200 749 1256 δὴ
783 1201 931 1257 γίνεται
959 1199 1072 1257 ὕδωρ
1103 1201 1146 1252 ἐξ
1176 1200 1296 1258 ἀέρος
1324 1202 1390 1243 καὶ
1419 1200 1500 1256 ἀὴρ
1531 1200 1639 1250 ἐξἸΟ

129 1266 309 1322 Ιὕδατος,
362 1271 430 1313 διὰ
468 1272 562 1314 τίνα
602 1270 698 1313 ποτ’
735 1270 869 1312 αἰτίαν
899 1267 949 1311 οὐ
978 1270 1216 1313 συνίσταται
1243 1270 1346 1327 νέφη
1376 1268 1482 1312 κατὰ
1509 1268 1584 1312 τὸν

131 1326 229 1380 ἄνω
249 1337 379 1381 τόπον
396 1356 412 1389 ,·
465 1343 646 1397 προσῆκε
683 1339 762 1396 γὰρ
803 1341 962 1393 μᾶλλον
998 1337 1085 1396 ὅσῳ
1115 1338 1376 1396 πορρώτερον
1405 1336 1426 1381 ὃ
1457 1337 1585 1388 τόπος

129 1409 205 1460 τῆς
230 1411 305 1462 γῆς
333 1409 401 1450 καὶ
428 1407 700 1465 ψυχρότερος,
732 1406 799 1449 ὁίὰ
827 1406 875 1449 τὸ
906 1403 1015 1462 μήθ’
1042 1406 1152 1450 οὕτω
1182 1410 1356 1463 πλησίον
1379 1406 1480 1451 εἶναι
1501 1410 1584 1450 τῶν

130 1471 295 1531 ἄστρων
325 1480 497 1532 θερμῶν
527 1475 657 1520 ὄντων
686 1475 790 1531 μήτε
828 1479 911 1518 τῶν
951 1474 1031 1519 ἀπὸ
1075 1480 1150 1531 τῆς
1185 1481 1258 1532 γῆς
1287 1476 1584 1530 ἀνακλωμένων

131 1541 330 1597 ἀκτίνων,
370 1544 421 1588 αἳ
443 1544 646 1588 κωλύουσι
674 1545 849 1599 πλησίον
878 1547 952 1598 τῆς
980 1547 1056 1599 γῒς
1084 1545 1382 1596 συνίστασθαι,
1428 1544 1584 1600 διακρί-

131 1626 277 1655 νουσαι
304 1617 356 1670 τῇ
385 1612 615 1671 θερμότητι
643 1612 721 1662 τὰς
749 1612 988 1661 συστάσεις·
1022 1613 1200 1667 γίνονται
1229 1612 1307 1668 γὰρ
1339 1612 1380 1653 αῖ
1410 1615 1492 1654 τῶν
1522 1627 1587 1653 νε-

132 1749 325 1801 genstum,
345 1748 687 1801 quemadmodum
709 1749 840 1788 omnis
857 1761 958 1801 aqua
975 1747 1027 1787 ad
1046 1762 1209 1788 omnem
1230 1749 1381 1789 ae’rem.
1414 1753 1451 1789 8.
1471 1749 1586 1788 Nihil

134 1818 254 1857 etiam
278 1818 425 1863 differt,
457 1816 490 1855 si
511 1816 599 1868 quis
621 1816 720 1854 haec
738 1829 821 1854 non
840 1816 940 1855 oriri
959 1818 1132 1856 alterum
1154 1830 1206 1856 ex
1222 1818 1364 1864 altero,
1393 1818 1587 1858 facultate

131 1891 269 1924 tamen
288 1886 398 1937 paria
422 1898 507 1923 esse
528 1883 648 1922 dicit:
678 1882 755 1922 hac
774 1885 881 1922 enim
901 1885 1057 1924 ratione
1076 1899 1236 1925 necesse
1255 1887 1374 1935 foret,
1403 1892 1450 1924 ut
1468 1900 1586 1938 pares

131 1954 242 1993 vires
270 1953 434 1992 illorum
459 1951 799 2004 magnitudinibus
821 1953 1021 1999 inessent,
1057 1954 1167 2005 quod
1197 1954 1247 1992 ad
1277 1955 1386 1993 idem
1416 1955 1583 2004 rediret,

133 2035 178 2060 ae
195 2022 228 2059 si
248 2027 388 2059 mutuo
410 2021 679 2072 gignerentur.
710 2022 826 2059 Patet
843 2021 966 2072 igitur
988 2023 1118 2060 solum
1142 2035 1273 2074 neque
1293 2023 1429 2062 aerem
1454 2037 1585 2075 neque

132 2088 268 2141 ignem
293 2090 498 2140 complere
527 2090 661 2127 locum
684 2089 792 2127 inter
814 2095 967 2128 terram
994 2095 1034 2128 et
1050 2090 1221 2130 caelum.
1282 2095 1322 2131 9.
1354 2093 1512 2142 Restat,
1541 2098 1587 2130 ut

135 2156 364 2195 dubitanter
384 2170 657 2209 exponamus,
688 2170 863 2208 quonam
891 2157 1014 2196 modo
1043 2157 1142 2197 haec
1164 2159 1246 2198 duo
1267 2161 1484 2210 elementa,
1514 2160 1586 2199 ae'r

134 2230 176 2262 et
193 2230 318 2271 terra,
339 2225 390 2263 ad
410 2225 532 2263 situm
553 2225 674 2276 primi
699 2226 883 2276 corporis
903 2226 1096 2265 adornata
1116 2228 1196 2266 sint
1214 2234 1255 2268 et
1274 2241 1394 2280 quam
1415 2229 1466 2267 ob
1491 2242 1586 2267 cau-

134 2304 220 2329 sam
249 2293 359 2330 calor
385 2305 407 2330 a
431 2293 616 2344 supernis
645 2293 843 2332 sideribus
871 2294 922 2332 ad
948 2295 1037 2333 loca
1067 2295 1171 2334 circa
1191 2303 1343 2335 terram
1371 2296 1584 2348 pervadat.

134 2359 353 2410 Postquam
377 2359 500 2410 igitur
522 2359 573 2398 de
591 2359 687 2398 ae‘re
708 2362 841 2412 primo
861 2360 951 2400 loco
974 2362 1175 2410 diximus,
1205 2365 1321 2402 sicuti
1350 2365 1465 2402 nobis
1486 2378 1587 2416 pro-

136 2427 367 2479 posuimus,
397 2427 542 2465 eodem
570 2427 718 2466 deinde
746 2429 868 2467 modo
899 2430 1019 2468 etiam
1050 2431 1102 2469 de
1130 2432 1299 2482 reliquis
1326 2431 1583 2471 disseramus.

139 2498 206 2534 10.
237 2495 281 2533 Si
302 2508 351 2533 re
377 2508 479 2534 vera
506 2508 608 2546 aqua
633 2495 686 2534 ex
716 2500 811 2535 εἰέκ-ο
835 2503 876 2536 et
901 2502 972 2536 a'e1*
999 2510 1055 2537 ex
1082 2511 1184 2550 aqua
1204 2499 1270 2549 fit,
1301 2500 1399 2551 quid
1419 2501 1585 2540 tandem

136 2575 278 2601 causae
301 2569 383 2611 est,
416 2575 489 2601 cur
513 2562 641 2600 nubes
671 2564 712 2602 in
744 2566 957 2616 superiore
987 2565 1077 2604 loco
1108 2579 1191 2620 non
1219 2569 1466 2607 consistant?
1523 2571 1586 2609 Eo

137 2633 244 2669 enim
275 2631 399 2682 magis
420 2631 463 2669 id
485 2630 577 2669 fieri
603 2631 740 2680 debet,
770 2645 850 2683 quo
881 2633 1005 2684 magis
1030 2634 1142 2672 locus
1167 2647 1190 2672 a
1208 2640 1317 2674 terra
1343 2635 1474 2686 distat,
1507 2651 1586 2688 quo

136 2698 324 2750 frigidior
343 2700 468 2750 igitur
486 2705 559 2748 est,
591 2713 683 2737 cum
703 2712 836 2751 neque
856 2702 950 2739 satis
971 2703 1199 2755 propinqua
1215 2703 1295 2742 sint
1315 2704 1443 2742 calida
1466 2711 1585 2751 astra,

139 2773 270 2818 neque
295 2767 401 2806 radii
423 2780 447 2804 a
477 2773 586 2806 terra
612 2767 781 2814 reflexi,
822 2768 890 2820 qui
917 2769 961 2807 in
989 2775 1122 2810 terrae
1152 2772 1299 2811 vicinia
1327 2772 1455 2811 nubes
1485 2786 1586 2811 con-

138 2835 279 2873 sistere
305 2833 519 2884 cohibent‚
557 2835 692 2874 calore
729 2848 801 2873 suo
834 2837 1112 2877 concretiones
1151 2839 1384 2878 dissolvant.
1463 2841 1587 2879 Fiunt
