1774 3198
275 370 370 412 424
489 375 933 415 COMMENTARIUS
961 375 1019 413 IN
1046 375 1450 417 METEOROLOG.

274 484 456 531 ὃκύκλος
484 484 670 522 exhibent
699 481 753 521 Α.
775 484 845 521 Er.
868 485 909 521 S.
947 506 1001 512 —-
1042 484 1293 524 Potissimum
1323 487 1461 525 caloris
1498 487 1541 528 in
1570 494 1676 527 terra

273 566 425 591 causam
445 564 527 588 esse
547 551 669 587 solem
694 539 788 587 dicit
812 550 859 586 de
879 550 993 586 eaelo
1013 552 1070 595 ΙΙ,
1094 554 1130 588 7.
1159 564 1200 601 p.
1220 553 1315 600 289,
1337 564 1369 599 a,
1397 554 1574 603 quamvis
1595 567 1675 592 non

271 619 461 656 infitietur
482 617 597 654 etiam
617 629 640 652 a
655 616 819 665 reliquis
839 615 1032 653 sideribus
1051 616 1221 654 calorem
1239 618 1460 668 provocari.
1501 619 1585 659 Cfr.
1605 620 1676 659 nd.-

270 684 510 721 notationem
529 681 577 720 ad
595 684 626 726 I,
648 685 686 725 8,
711 683 770 719 12.
791 703 844 709 -—
872 678 1056 732 γενέσθαι
1083 694 1157 732 pro
1186 681 1366 733 γίνεσθαι
1395 686 1440 722 F.
1478 704 1532 711 —-
1577 687 1679 723 Mox

268 745 463 798 μενούσης
492 745 534 785 δὲ
562 745 672 800 μέσῳ
701 748 770 797 τῆς
799 747 869 797 γῆς
896 749 941 786 F.
969 748 1079 786 Cam.
1115 737 1192 801 7—9—
1211 750 1310 798 Cas„
1337 750 1392 787 ita
1412 756 1456 788 ut
1471 747 1684 804 pcdoqr110r>

269 816 386 852 situm
403 816 453 852 sit
474 827 547 865 pro
568 811 608 851 ἐν
625 810 734 866 μέσῳ
744 842 756 860 ,
787 813 893 863 quod
913 814 984 851 vix
1004 815 1150 852 factum
1170 829 1252 853 esse
1276 816 1329 855 ab-
1339 813 1560 856 Aristotele
1590 830 1678 858 elze-

269 881 450 919 diderim.
474 903 513 909 -
537 878 584 918 ἒν
611 894 640 928 μ
655 877 749 933 έσῳ
773 879 933 917 videtur
951 893 1159 931 agnoscere
1179 878 1473 929 Alexander
1489 883 1677 930 fol.83,b

269 961 357 985 cum
387 947 506 985 dicat:
544 943 750 996 μενούσης
767 942 842 997 γὰρ
873 943 913 984 ἒν
939 944 1049 1000 μέσῳ
1080 949 1151 997 τῆς
1178 948 1268 998 γῆς,
1297 943 1343 986 τὸ
1366 945 1603 999 περὶαύτὴν
1631 944 1678 987 ὗ-

267 1010 374 1066 γρόν,
404 1008 481 1051 ῧπό
502 1026 542 1050 τε
567 1013 639 1061 τῆς
669 1008 745 1049 ἀπὸ
777 1013 848 1050 τοῦ
877 1007 992 1062 ἡλίου
1018 1010 1272 1065 θερμότητος
1299 1013 1364 1053 καὶ
1395 1010 1472 1052 ἀπὸ
1504 1015 1577 1064 τῆς
1605 1011 1678 1053 ἄλ-

268 1080 339 1130 λης
367 1080 437 1129 τῆς
468 1075 625 1116 ἄνωθεν
651 1071 1168 1129 γινομένηζλεπτυνόμενον
1192 1079 1255 1118 καὶ
1274 1075 1572 1129 ἀτμιδούμενον,
1605 1078 1677 1132 φέ-

269 1158 377 1197 ρεται
400 1140 495 1182 ἄνω.
544 1144 636 1181 Νοη
656 1144 750 1193 legit
779 1144 975 1194 Olymp.
1006 1145 1078 1182 fol.
1099 1148 1160 1193 19,
1181 1159 1216 1183 a.
1247 1160 1378 1196 neque
1408 1145 1675 1198 Philopon.

266 1212 337 1250 fol.
362 1213 452 1257 105,
473 1211 513 1248 b.
543 1231 597 1238 --
635 1204 712 1247 ὑπὸ
745 1211 823 1247 τῶν
850 1206 1020 1250 ἀκτίνων
1049 1211 1119 1248 τοῦ
1147 1206 1261 1260 ἡλίου
1290 1213 1378 1249 cod.
1406 1209 1678 1250 Accoram-

266 1277 387 1314 boni
414 1290 455 1326 p.
479 1275 572 1314 476.
631 1273 805 1326 Utraque
836 1275 952 1313 lectio
981 1277 1232 1326 glossatorem
1261 1279 1374 1327 sapit.
1406 1299 1460 1305 --
1490 1279 1560 1328 τῆς
1587 1285 1677 1316 ante

268 1338 425 1380 ἄνωθεν
454 1341 641 1379 omittunt
669 1341 720 1378 H.
741 1342 795 1379 N.
1596 1385 1598 1387 ,

378 1410 414 1444 3.
447 1408 527 1444 Pro
547 1402 838 1457 ἀπολειπούσης
867 1409 917 1445 H.
939 1408 992 1445 N.
1025 1404 1309 1459 ἀπολιπούσης.
1347 1407 1676 1454 Ad⁴remcoufer

264 1474 303 1521 I,
326 1474 390 1510 10.
420 1485 459 1522 p.
482 1472 575 1521 347,
593 1486 635 1510 a:
667 1471 789 1523 δῆλον
817 1469 893 1524 γὰρ
923 1468 984 1511 ὅτι
1013 1467 1038 1523 ἢ
1066 1469 1191 1522 ἀτμὶςζ
1219 1472 1468 1527 θερμότερον
1503 1472 1672 1522 ὕδατος·

265 1535 339 1588 ἔχει
369 1534 441 1589 γὰρ
471 1536 516 1576 τὸ
550 1535 696 1590 ἀνάγον
725 1535 780 1576 ἔτι
809 1539 902 1589 πῦρ.
962 1540 1092 1588 Quem
1122 1541 1291 1577 calorem
1315 1554 1403 1578 cum
1422 1549 1558 1580 nostro
1586 1557 1674 1581 ca-

263 1605 371 1642 lore
398 1605 588 1642 latente
616 1618 844 1655 congruere,
868 1605 945 1643 iam
964 1605 1099 1642 monui
1114 1606 1496 1647 Meteorol.vet.Gr.
1508 1617 1546 1645 et
1556 1610 1672 1646 Rom.

264 1672 336 1718 IV,
363 1670 425 1709 14.
454 1684 494 1721 p.
516 1670 579 1709 94.
613 1672 661 1718 V,
686 1673 745 1710 15.
775 1684 815 1722 p.
839 1674 904 1709 96.
933 1676 1013 1708 not.
1035 1674 1072 1710 3.
1100 1672 1168 1710 ubi
1185 1673 1304 1715 etiam
1324 1674 1436 1724 plura
1455 1673 1504 1711 de
1520 1675 1675 1713 Aristo-

264 1737 352 1774 telis
369 1737 410 1774 in
430 1736 695 1787 hygrometria
715 1738 865 1787 placitis
888 1737 1079 1782 disserui,
1110 1751 1207 1788 quae
1229 1739 1279 1776 ad
1304 1738 1590 1789 h.1.,spectant.
1619 1762 1675 1780 -e-

264 1805 364 1840 Mox
390 1804 461 1853 τῆς
489 1801 532 1840 δὲ
563 1801 826 1854 σβεννυμένης
856 1805 998 1842 omisso
1024 1802 1094 1841 καί
1110 1806 1157 1843 F.
1189 1825 1241 1832 —-
1269 1802 1352 1843 καὶ
1382 1802 1471 1842 τὸν
1499 1803 1672 1847 τόπον.

264 1869 396 1906 Locus
422 1869 526 1906 enim
555 1870 623 1907 ille
647 1869 849 1921 frigidior,
877 1883 995 1921 quam
1017 1876 1147 1907 terrae
1166 1870 1319 1908 vicinia.
1378 1871 1459 1913 Ofr.
1488 1884 1607 1921 supra
1637 1873 1671 1917 I,

265 1938 400 1979 3,=10:
431 1935 604 1986 προσῆκε
622 1931 697 1985 γὰρ
720 1935 893 1983 μᾶλλον,
925 1931 1008 1987 ὅσῳ
1036 1931 1292 1986 πορρώτερον
1312 1929 1332 1972 ὃ
1353 1931 1477 1980 τόπος
1502 1937 1576 1985 τῆς
1592 1938 1674 1987 ,γῆς

264 1998 328 2038 καὶ
356 1996 627 2051 ψυχρότερος,
670 1996 735 2037 διὰ
763 1997 808 2038 τὸ
833 1997 888 2050 μὴ
919 1996 1025 2038 οὕτω
1060 1998 1226 2050 πλησίον
1262 1995 1359 2037 εἶναι
1394 2001 1473 2038 τῶν
1513 1998 1671 2054 ἄστρων

265 2067 429 2117 θερμῶν
457 2062 583 2104 ὄντων
609 2061 708 2115 μήτε
737 2067 817 2106 τῶν
846 2063 923 2104 ἀπὸ
954 2067 1025 2116 τῆς
1051 2066 1124 2117 γῆς
1161 2062 1449 2115 ἀνακλωμένων
1489 2064 1671 2117 ἀκτίνων,

266 2130 313 2170 αἳ
336 2128 531 2171 κωλύουσι
567 2130 733 2182 πλησίον
769 2134 947 2183 τῆς-γῆς
988 2131 1275 2179 συνίστασθαι,
1323 2130 1592 2184 ὃιακρίνουσαι
1623 2135 1672 2186 τῇ

265 2195 486 2250 θερμότητι
514 2194 588 2243 τὰς
608 2194 835 2246 συστάσεις,
864 2199 931 2237 ubi
951 2199 1061 2244 vide,
1091 2211 1188 2248 quae
1208 2199 1442 2236 monuimus.
1472 2220 1526 2226 ·-—
1554 2196 1672 2238 πάλιν

265 2262 425 2317 φέρεται
454 2266 614 2303 inverso
637 2265 776 2302 ordine
796 2263 840 2303 F.
864 2266 912 2303 H.
941 2266 994 2305 N.

375 2331 413 2369 4.
445 2327 686 2381 ἇνθυμίασις
711 2332 761 2369 Α.
819 2331 939 2380 Quod
960 2345 1074 2382 saepe
1093 2330 1182 2370 fieri
1200 2332 1320 2380 solet,
1348 2332 1589 2373 contrarium
1619 2344 1670 2370 ex

265 2397 461 2435 contrario
486 2397 750 2448 supplendum
772 2403 830 2435 est
853 2398 1098 2436 vocabulum.
1156 2398 1336 2446 Scilicet,
1366 2410 1485 2445 quum
1512 2394 1669 2435 ἀναθυα

263 2461 398 2511 μίασις
425 2464 509 2501 fere
535 2464 640 2501 idem
660 2463 735 2511 sit,
772 2463 878 2513 quod
906 2460 1098 2513 ἔκκρισις,
1132 2463 1182 2502 ad
1207 2464 1329 2502 verba
1356 2458 1381 2513 ἡ
1407 2459 1448 2503 δ’
1473 2461 1515 2508 ἐξ
1530 2493 1532 2497 .
1550 2458 1668 2513 ἀέρος

263 2541 344 2565 non
365 2530 625 2580 supplendum
651 2535 710 2567 est
737 2525 1028 2581 ἀναθυμίασις,
1049 2530 1129 2576 sed,
1160 2529 1267 2579 quod
1287 2528 1531 2568 contrarium
1547 2540 1667 2565 voca-

263 2594 357 2631 bulo
387 2591 577 2645 ἕκκρισις,
606 2596 771 2633 verbum
805 2592 1017 2648 σύγκρισις.
1046 2618 1101 2625 --
1141 2597 1252 2644 Quae
1274 2594 1323 2631 de
1341 2592 1667 2642 nebula.disserit,

265 2659 399 2697 eadem
427 2661 633 2710 leguntur,
676 2662 750 2699 nisi
777 2663 892 2712 paulo
916 2663 1115 2700 diffusiora
1141 2662 1182 2699 in
1202 2661 1305 2700 libro
1333 2659 1381 2697 de
1399 2656 1540 2695 mundo
1572 2673 1604 2696 c.
1626 2660 1664 2697 4.

263 2737 302 2774 p.
325 2724 471 2772 394‚a:
502 2723 582 2764 ἔστι
610 2725 653 2764 δὲ
682 2722 823 2778 ὁμίχλη
852 2725 925 2776 μὲν
954 2724 1142 2777 ἀτμώὸης
1169 2722 1439 2773 ἀναθυμίασίς
1460 2737 1542 2771 τις,
1571 2721 1665 2776 ἄγο-

265 2801 331 2835 νος
357 2785 528 2836 ὕδατος,
559 2787 674 2841 ἀέρος
699 2790 772 2840 μὲν
800 2790 1013 2843 παχυτέρα,
1043 2790 1187 2843 νέφους
1215 2788 1258 2828 δὲ
1287 2786 1521 2841 ἀραιοτέρα·
1565 2790 1664 2841 γίνε-
