1760 3138
196 414 272 454 ΕΤ
294 411 509 452 OLYMP.
537 410 600 449 IN
628 408 811 449 ARIST.
834 405 1168 448 METEOROL.
1197 403 1305 443 LIB.
1327 402 1361 442 I.
1431 392 1526 436 251

85 525 232 582 σελήνῃ
260 523 503 571 ἂνακέἂτθαι
531 520 604 564 τὸν
633 519 810 578 ἄργυρον
831 517 872 574 *)
901 518 927 573 ἢ
958 518 1026 560 διὰ
1054 517 1102 560 τὸ
1128 519 1278 573 χρῶμα
1305 517 1379 568 τῆς
1411 511 1532 567 σελή-

84 611 158 648 νης
187 592 329 635 λευκὸν
359 588 406 634 οὗ
435 589 483 633 τὸ
515 589 706 645 ἶ’διον“),
735 591 858 631 τοῦτο
883 586 962 644 γὰρ
993 586 1279 642 ἀνθρακῶδες,
1311 581 1404 624 ἀλλ’
1430 580 1530 636 ὅπερ

86 662 243 715 δέχεται
265 661 309 703 ἐκ
328 662 401 702 τοῦ
421 656 552 713 ἡλίου.
588 657 695 701 οὕτω
707 660 757 712 †)
787 657 863 710 μὲν
893 651 966 698 οὖν
996 654 1157 712 ῥέουσιν
1190 653 1232 694 ἐν
1248 655 1299 709 τῇ
1321 650 1438 710 Ἀσίᾳ
1465 651 1532 692 καὶ

86 731 128 772 ἐν
158 734 210 786 τῇ
238 727 419 784 Εὐρώπῃ
447 728 514 769 καὶ
545 727 587 769 ἐν
615 730 667 783 τῇ
684 723 847 781 Λιβύῃ.
876 723 930 766 τὰ
946 723 1050 778 μετὰ
1079 726 1210 765 ταῦτα
1240 721 1284 763 δὲ
1312 718 1534 774 ἐπανατρέ-

81 815 145 852 χει
175 799 239 839 ἐπὶ
269 796 343 851 τὴν
372 795 591 852 Εὐρώπην.
631 795 869 850 ἐνὸιηγεῖται
906 791 984 848 γὰρ
1021 790 1154 833 πόθεν
1184 789 1345 847 ῥέουσιν
1377 789 1415 831 οἱ
1443 789 1534 841 περὶ

85 864 159 919 τὴν
189 862 368 907 Ἐλλάδα
405 864 599 918 ποταμοί.
647 860 673 918 ἦ
708 863 753 905 δὲ
783 859 932 910 Ἑλλὰς
967 865 1042 915 τῆς
1068 859 1284 916 Εὐρώπης.
1335 861 1458 900 τοῦτο
1490 856 1535 898 δὲ

85 938 196 975 ποιεῖ
216 931 422 984 δεικνύων,
453 931 516 974 ὅτι
536 929 653 986 ἡμεῖς
670 935 745 986 τῆς
773 930 996 986 σαφηνείας
1026 928 1169 971 στάσιν
1196 930 1430 981 διαιροῦμεν
1459 926 1536 981 τὴν

85 1005 159 1056 γῆν
188 1003 245 1050 εἷς
264 1001 406 1043 Ἀσίαν
434 1002 501 1042 καὶ
529 999 734 1056 Εὐρώπην
764 999 832 1041 καὶ
860 996 1044 1051 Λιβύην,
1083 996 1167 1038 ἐπεὶ
1200 994 1303 1050 αὕτη
1338 993 1533 1052 σφαιρικὴ

87 1063 204 1121 οὗσα,
236 1069 430 1123 οὐδαμῶς
457 1070 683 1124 διαιρεῖται.
725 1061 839 1109 οὗτοι
867 1066 968 1108 εἰσὶν
997 1064 1035 1106 οἳ
1068 1064 1261 1117 ποταμοί.
1307 1063 1374 1104 καὶ
1402 1079 1537 1116 μεμα-

87 1135 267 1191 θήκατε,
316 1136 378 1180 ὅτι
409 1138 448 1180 οἶ
474 1137 655 1193 μέγιστοι
693 1133 773 1177 ἀπὸ
814 1137 898 1176 τῶν
934 1133 1136 1188 μεγίστων
1173 1131 1418 1188 ἐξέρχονται.
1469 1133 1536 1174 καὶ

87 1200 175 1260 εὖγε
213 1205 326 1261 λόγοι
365 1205 429 1248 ὅτι
468 1206 533 1247 ἐπὶ
573 1202 734 1261 θρόνου
770 1200 999 1256 καθήμενοι
1038 1200 1081 1242 ἐν
1111 1199 1361 1258 βραχυτάτῳ
1400 1204 1538 1242 πᾶσαν

87 1272 160 1327 τὴν
189 1273 428 1328 οἰκουμένην
459 1271 793 1329 ἐκπεριήλθομεν.
847 1268 917 1326 ἐφ’
953 1266 1015 1318 οἷς
1043 1266 1064 1310 ὅ
1089 1267 1373 1324 Ἀριστοτέλης
1401 1268 1536 1323 ἐπειδὴ

88 1340 157 1383 διὰ
174 1341 385 1399 τεσσάρων
407 1339 731 1398 ἐπιχειρημάτων
762 1339 883 1389 ἔδειξε
910 1337 968 1392 μὴ
998 1335 1098 1380 εἶναι
1127 1337 1304 1397 ἐνεργείᾳ
1331 1337 1407 1393 τὴν
1436 1337 1539 1392 ὕλην

85 1413 168 1452 τῶν
185 1414 383 1465 ποταμῶν
411 1407 587 1466 (δρῶμεν
608 1409 664 1460 δέ,
689 1406 752 1451 ὅτι
774 1408 840 1449 καὶ
870 1405 978 1449 ἔστιν
1007 1406 1212 1466 ἐνεργείᾳ),
1243 1405 1378 1461 ἐπάγει
1399 1406 1537 1461 λέγων,

87 1476 151 1519 ὅτι
180 1475 296 1532 οἶδα,
336 1477 392 1528 ὥς
420 1479 529 1521 ἐστιν
560 1477 735 1535 ἐνεργείᾳ
774 1475 986 1531 σωρευθὲν
1014 1472 1142 1529 ὕδωρ.
1201 1473 1296 1516 ἀλλ’
1330 1473 1379 1516 οὗ
1414 1477 1538 1515 τοῦτο

85 1544 213 1599 μόνον
241 1545 320 1602 ὅλη
358 1551 441 1590 τῶν
478 1550 696 1601 ποταμῶν,
742 1543 849 1586 ἀλλὰ
884 1544 952 1585 καὶ
979 1539 1005 1597 ἦ
1033 1541 1135 1583 καθ’
1170 1539 1345 1595 ἑκάστην
1382 1540 1542 1596 γινόμε-

87 1631 136 1669 νη
163 1616 248 1671 ††)
297 1614 394 1657 οὐδὲ
431 1619 506 1657 τοῦ
545 1612 667 1656 ὕετοῢ
694 1611 771 1666 ὅλη
801 1610 931 1665 μόνον
960 1610 1003 1651 ἐν
1035 1612 1095 1666 τῷ
1126 1609 1242 1665 θέρει
1281 1613 1539 1663 γεννηθεῖσα,

89 1680 195 1724 ἀλλὰ
224 1683 292 1732 καὶ
320 1680 345 1737 ἦ
376 1681 480 1724 καθ’
515 1679 689 1734 ἑκάστην
719 1680 761 1721 ἐν
792 1678 904 1735 αὐτῷ
934 1681 993 1735 τῷ
1026 1680 1195 1730 χειμῶνι
1225 1677 1428 1732 γινομένη.
1478 1676 1542 1719 ὅτι

90 1750 138 1791 δέ
167 1750 276 1792 ἐστιν
314 1749 488 1809 ἐνεργείᾳ
523 1748 571 1791 τὸ
611 1747 753 1805 ὕδωρ,
802 1748 978 1789 δείκνυσι
1008 1746 1052 1787 ἐκ
1079 1748 1162 1788 τῶν
1191 1744 1432 1788 άναπόσεων
1459 1749 1542 1788 τῶν

89 1821 288 1872 ποταμῶν
321 1819 387 1860 καὶ
417 1818 462 1860 ἐκ
489 1821 573 1860 τῶν
600 1815 858 1873 ἐκφάνσεων,
897 1816 965 1858 καὶ
993 1814 1039 1856 ἐκ
1066 1812 1224 1856 τούτων
1253 1814 1297 1855 ἐν
1324 1814 1438 1871 μέσῳ
1467 1817 1543 1868 τῆς

89 1884 306 1941 θαλάττης
331 1884 447 1943 ὕδωρ
476 1883 600 1941 γλυκὺ
628 1882 904 1942 εὖρίσκεσθαι.
935 1881 1087 1925 τούτου
1116 1882 1161 1924 δὲ
1193 1880 1275 1937 ἤδη
1304 1881 1381 1931 τὰς
1410 1883 1543 1931 αἰτίας

89 1953 316 2010 εἰρήκαμεν.
348 1953 454 2009 πλήν
473 1954 581 1996 ἐστιν
602 1954 725 1995 εἰπεῖν
752 1953 820 1994 καὶ
850 1950 991 2008 ἑτέραν
1021 1951 1155 1993 αἲτιάν
1182 1954 1258 1993 τοῦ
1285 1947 1387 1993 εἶναι
1414 1950 1542 2007 γλυκὺ

88 2020 202 2076 ὕδωρ
233 2023 276 2065 ἐν
304 2026 355 2080 τῇ
384 2020 602 2078 θαλάττῃ,
631 2020 679 2063 τὸ
713 2019 796 2078 ῥεῖν
824 2019 1038 2074 ποταμοὺς
1066 2020 1158 2075 περὶ
1189 2017 1333 2073 αὐτήν.
1365 2017 1541 2069 οὕτωςὸ

89 2089 154 2131 ἐπὶ
183 2089 319 2142 Γάζαν
349 2094 477 2139 πλοῦς
514 2089 591 2143 ἔχει
627 2087 743 2144 ὕδωρ
773 2087 897 2144 γλυκὺ
928 2087 996 2130 διὰ
1023 2086 1071 2130 τὸ
1102 2086 1237 2142 στόμα
1268 2090 1343 2129 τοῦ
1374 2090 1544 2130 Νείλου.

89 2157 195 2212 πλὴν
223 2160 258 2200 εἰ
285 2160 352 2200 καὶ
383 2158 490 2201 ἔστιν
519 2157 635 2214 ὕδωρ
665 2156 759 2199 ἀλλ’
789 2151 864 2199 οὗν
893 2155 967 2199 οὗκ
994 2156 1037 2198 ἐν
1066 2156 1180 2214 μέσῳ
1208 2159 1283 2210 τῆς
1312 2154 1542 2209 θαλάττης.

93 2224 186 2266 ἀλλ’
223 2225 272 2267 οὗ
301 2215 512 2279 πανταχσῢ
540 2223 620 2268 ὕπὸ
649 2223 871 2280 θαλάσσης
907 2228 1163 2267 κυκλοῦνται.
1220 2227 1272 2280 τῇ
1309 2223 1387 2279 γὰρ
1433 2222 1544 2279 ῥύμῃ

683 2291 697 2306 Ε

93 2293 160 2334 καὶ
198 2296 250 2350 τῇ
284 2290 391 2349 ὁρμῇ
430 2292 639 2347 ἐκβάλλων
677 2311 700 2336 ο
738 2293 925 2348 ποταμὸς
965 2294 1022 2342 εἷς
1059 2292 1135 2347 τὴν
1171 2291 1390 2341 θάλατταν
1423 2290 1544 2333 οἱονεὶ

138 2418 174 2461 *)
210 2418 287 2454 Cfr.
320 2425 396 2456 not.
419 2417 479 2453 'ad
501 2419 681 2463 Excerpta
704 2429 753 2452 ex
780 2418 1124 2463 Olympiodoro
1153 2417 1196 2450 ad
1223 2417 1259 2460 Ι,
1287 2418 1331 2461 8,
1361 2421 1394 2452 1.
1439 2416 1545 2451 Adde

186 2476 364 2510 Gesner
399 2479 612 2511 Comrneniai.
640 2477 730 2510 Gon.
763 2476 870 2510 Tom.
900 2477 963 2509 111.
996 2487 1031 2518 p.
1056 2475 1115 2510 78.
1161 2474 1430 2508 Beckmann
1461 2476 1544 2508 Bei-

183 2537 278 2576 1r1'ige
311 2547 374 2567 zur
410 2534 604 2568 Geschichie
639 2534 699 2566 der
729 2534 958 2575 Erfindungen
999 2533 1107 2567 Tom.
1134 2532 1199 2565 III.
1237 2543 1272 2575 p.
1304 2530 1373 2566 356
1395 2551 1442 2557 -
1463 2531 1544 2566 368.

184 2591 455 2635 Bernhardy
478 2591 523 2623 ad
550 2589 746 2634 Dionys.
770 2589 1003 2636 Perieget.
1028 2600 1066 2633 p.
1090 2589 1170 2623 886.
1205 2588 1390 2623 Lobeck
1412 2591 1545 2630 Aglao-

186 2649 298 2692 pham.
325 2650 372 2683 II.
401 2661 437 2693 p.
459 2649 541 2684 936.

142 2713 199 2759 **)
225 2716 412 2750 Genuinus·
428 2716 523 2751 enim
538 2716 641 2750 color
659 2714 857 2748 secundum
876 2713 912 2764 ,Ο
923 2714 1011 2758 lym
1021 2712 1096 2758 pio
1108 2714 1264 2748 dorum
1287 2707 1542 2757 άνθρακιῦδης.

190 2773 258 2806 etr.
280 2773 346 2808 fol.
371 2777 407 2815 7,
430 2775 467 2808 b.
497 2775 534 2815 8,
558 2774 595 2807 b.

143 2839 188 2883 †)
213 2840 344 2875 Nescio
368 2853 415 2875 an
440 2836 543 2876 οὗτοι
569 2840 615 2876 sit
638 2840 876 2876 scribendum.
923 2840 1016 2876 Mox
1042 2850 1108 2886 pro
1131 2836 1260 2875 στάσιν
1284 2849 1352 2873 scr.
1379 2835 1499 2883 χάριν.

144 2906 210 2952 ἥ)
236 2908 320 2945 A1d.
344 2908 546 2955 γινόμενον.
