1820 3158
354 335 441 379 128
488 343 867 389 -p.37o,a.Bekk.—
890 345 1060 390 LIB.11.
1090 346 1294 385 CAPJX.
1353 346 1569 388 —p.352‚E.
1592 344 1712 380 cas.-

345 451 466 506 φύσιν
495 452 557 491 ἐπὶ
583 452 656 503 μὲν
683 455 754 503 τῆς
779 454 849 504 γῆς
876 449 1042 503 ἄνεμον,
1093 451 1206 491 ἓνδὲ
1232 456 1282 506 τῇ
1310 457 1358 507 γῇ
1387 454 1568 506 σεισμόν,
1618 456 1658 495 ἒν
1696 455 1738 494 ds}

343 523 428 564 τοῖς
453 518 584 571 νέφεσι
607 513 804 569 βροντήν·
843 508 972 557 πάντόι
998 515 1074 570 γὰρ
1101 514 1197 556 εἶναι
1225 520 1353 557 ταῦτα
1379 517 1450 569 τὴν
1477 519 1612 562 οὐσίαν
1641 519 1739 561 ταῦ-

342 583 426 631 τόν,
455 581 726 632 ἀναθυμίασιν
755 580 890 636 ξηράν,
922 580 1111 636 ’ἢρἐουσα
1137 582 1209 635 μέν
1238 599 1323 630 πως
1350 581 1495 635 ἄνεμός
1522 585 1639 635 ἐστιν,
1669 583 1740 627 ὡδὶ

344 648 388 688 δὲ
410 653 515 688 ποιεῖ
537 645 633 694 τοὺς
661 645 865 700 σεισμούς,
895 647 935 688 ἕν
960 641 1003 688 δὲ
1022 654 1106 696 τοῖς
1125 649 1256 704 νέφεσι
1279 648 1587 701 μεταβάλλουσα
1614 651 1741 704 ἐκκρι-

340 713 507 766 νομένη,
549 711 764 754 συνιόντων
791 714 856 753 καὶ
885 714 1197 768 συγκρινομένων
1227 715 1357 756 αὐτῶν
1387 717 1442 763 εἷς
1461 713 1594 770 ὕδωρ,
1623 719 1741 770 βρον-

341 777 415 826 τάς
441 794 483 820 τε
513 780 577 820 καὶ
608 778 815 834 ἀστραπὰς
853 781 918 820 καὶ
960 779 1061 834 πρὸς
1095 780 1253 829 τούτοις
1291 776 1417 821 τᾶλλα
1444 780 1495 821 τὰ
1523 785 1593 834 τῆς
1622 781 1744 834 αὐτῆς

290 843 509 900 22φύσεως
535 842 692 893 τούτοις
719 844 829 886 ὄντα.
887 852 952 887 22.
983 847 1065 887 Καὶ
1084 847 1172 902 περὶ
1199 847 1273 899 μὲν
1301 850 1473 902 βροντῆς
1500 847 1650 903 εἴρηται
1678 848 1741 888 καὶ

342 909 560 966 ἀστραπῆςε

305 1070 312 1075 -
343 1045 511 1083 nubibus
530 1045 793 1096 ingeneretur,
825 1046 894 1083 sed
914 1048 981 1097 qui
998 1047 1103 1085 insit.
1161 1051 1225 1086 21.
1254 1048 1338 1086 Nos
1357 1061 1456 1086 vero
1478 1048 1650 1085 eiusdem
1673 1061 1742 1085 na-

321 1156 324 1158 ,
342 1117 454 1149 turae
475 1125 558 1149 esse
577 1111 753 1159 dicimus,
782 1124 901 1162 supra
921 1118 1068 1150 terram
1090 1119 1275 1161 ventum,
1303 1114 1343 1150 in
1367 1120 1473 1151 terra
1501 1119 1628 1151 terrae
1655 1126 1743 1150 mo-

342 1184 442 1223 tum,
468 1177 512 1214 in
529 1177 696 1215 nubibus
714 1179 941 1216 tonitruum.
988 1179 1134 1216 Omnia
1154 1179 1257 1216 enim
1276 1179 1371 1215 haec
1389 1179 1494 1216 idem
1515 1193 1608 1226 esse,
1630 1178 1744 1217 vide-

343 1244 437 1281 licet
462 1243 613 1281 aridam
635 1243 945 1292 exhalationem,
976 1257 1074 1295 quae
1100 1244 1219 1281 modo
1249 1244 1418 1294 quodam
1446 1245 1573 1282 fluens
1601 1250 1744 1282 ventus

344 1315 422 1357 est,
450 1309 526 1346 alio
553 1309 672 1346 modo
699 1315 828 1348 terrae
856 1316 981 1348 motus
1009 1316 1219 1361 provocat;
1260 1323 1348 1348 cum
1379 1323 1478 1348 vero
1505 1311 1547 1347 in
1577 1310 1744 1348 nubibus

344 1381 492 1413 mutata
519 1376 764 1423 excernitur,
791 1376 870 1414 illis
898 1376 940 1413 in
965 1389 1103 1426 aquam
1132 1376 1362 1413 coeuntibus
1393 1382 1432 1413 et
1460 1377 1744 1414 concrescenti-

342 1443 426 1490 bus,
454 1441 626 1479 tonitrua
649 1448 688 1479 et
707 1442 862 1492 fulgura
886 1447 1114 1493 caeteraque
1134 1442 1265 1480 omnia
1282 1442 1443 1479 eandem
1456 1470 1469 1487 ,
1499 1455 1614 1492 quam
1635 1441 1743 1487 haec,

343 1514 521 1545 naturam
558 1507 752 1546 habentia.
810 1507 886 1546 22.
938 1508 999 1546 Ac
1041 1508 1091 1546 de
1129 1508 1281 1546 tonitru
1317 1507 1474 1559 quidem
1513 1514 1552 1546 et
1589 1508 1746 1558 fulgure

345 1575 491 1612 dictum
527 1580 595 1611 est.
