1774 3198
352 391 574 432 LIBRUM
603 389 935 432 SECUNDUM.
993 386 1113 428 cAP.
1141 363 1214 428 ni.
1415 377 1509 421 523

77 507 156 546 Pro
177 503 357 560 διέφερεν
378 508 426 545 F.
447 505 574 544 habet
588 501 831 565 διαφέρει-Ξῖ
848 502 904 542 ita
923 502 1036 543 Cam.
1057 503 1097 541 S.
1119 501 1207 540 Cas.
1238 495 1439 554 διαφέρειν
1458 499 1510 539 A.

76 574 236 614 Deinde
257 568 444 627 ἇλμυράν
463 572 632 614 E.F.A.
643 572 688 611 P.
705 573 747 612 S.
766 585 815 625 γρ
839 570 929 612 Cas.
939 572 993 611 G.
1017 571 1085 623 qui
1108 569 1278 609 coniecit
1290 564 1379 626 ,ἀλλ’
1402 563 1429 620 ἢ
1450 568 1509 623 τῷ

75 639 134 693 μὴ
168 637 355 695 ἁλμυρὰν
387 636 487 680 εἶναι
518 641 668 694 inepte.
734 638 857 690 Quod
889 638 940 677 de
970 638 1218 691 Olympio
1232 637 1360 676 doro
1400 635 1510 684 dicit,

35 742 40 746 .
76 723 196 761 quem
220 709 300 748 hoc
321 706 443 748 modo
460 709 601 760 legisse
618 708 759 759 refert,
788 707 830 746 id
849 707 1011 760 quidem
1031 720 1178 747 verum
1195 719 1277 744 non
1294 711 1366 744 cst.
1400 704 1512 744 con-

77 778 202 816 traria
226 779 410 817 confusio
437 784 496 816 est
523 778 585 825 11,
615 781 664 828 2,
692 780 716 816 8
745 776 815 815 ubi
834 775 926 815 cod.
946 777 996 815 F.
1025 771 1159 829 τροφή
1179 787 1324 827 proteo
1342 773 1451 826 quod
1469 773 1512 812 in

75 844 167 883 rell.
194 845 342 896 legitur
368 841 540 899 τροφήν.
570 868 622 874 —-
662 841 778 883 ἀλλ’
811 840 836 896 ἢ
873 849 965 897 post
1001 839 1156 882 οὐδέν
1191 848 1233 882 et
1262 838 1382 881 οὐδὲν
1410 836 1511 880 ἄλλο

75 925 153 964 pro
172 910 207 950 εἷ
226 908 284 964 μή
305 926 595 965 saepenumero
612 912 799 952 infertur.
860 912 949 951 Cfr.
982 912 1204 951 Grammat.
1233 909 1344 962 apud
1371 909 1511 950 Bek-

77 980 262 1019 kerum
301 981 506 1020 Anecdot.
533 995 598 1033 gr.
630 994 671 1032 p.
692 983 787 1020 376.
858 979 1141 1021 Valk‘enar.
1179 977 1230 1017 ad
1267 977 1511 1030 Euripid-

76 1045 296 1099 Hippolyt.
314 1052 407 1088 932.
437 1047 703 1088 Heindorf
715 1048 766 1086 ad
785 1049 979 1088 Platon.
1002 1044 1176 1099 Protag.
1199 1046 1233 1098 §.
1248 1050 1342 1085 108.
1361 1059 1401 1098 p.
1415 1049 1510 1084 622.

77 1115 353 1155 Hermann.
383 1115 435 1154 ad
462 1117 638 1168 Viger.
665 1130 706 1168 p.
727 1119 807 1154 812
838 1121 879 1154 et
905 1115 999 1154 Ast
1027 1113 1079 1152 ad
1107 1115 1303 1153 Platon.
1328 1113 1378 1152 de
1398 1114 1509 1166 legg.

75 1196 119 1235 p.
146 1186 226 1223 359
268 1184 564 1223 Hermanno
601 1183 956 1222 contradicentem.
1013 1181 1150 1222 Verba
1177 1182 1334 1221 τοῦτο
1366 1207 1509 1222 .....

78 1246 292 1302 ῥέουσιν
328 1252 453 1291 vertit
481 1252 906 1291 Vicomercatus:
949 1248 1047 1288 hoc
1075 1262 1203 1288 vero
1233 1249 1346 1288 illis
1372 1249 1425 1288 in
1453 1263 1511 1288 eo

74 1317 190 1356 loco
219 1319 424 1369 evenit,
462 1319 511 1357 in
534 1332 688 1371 quem
717 1317 987 1358 collectim
1014 1318 1208 1357 fluunt.
1265 1318 1416 1357 Rectez
1454 1316 1512 1365 εἷς

75 1381 148 1424 τὸν
173 1381 300 1425 τόπον
326 1387 501 1439 positum
533 1399 608 1438 per
627 1387 907 1425 attractionem
933 1385 1184 1438 sequentium
1205 1398 1282 1437 pro
1306 1382 1348 1424 ἓν
1366 1387 1425 1441 τῷ
1444 1382 1513 1425 τό-

74 1467 153 1509 πῳ.
169 1474 225 1481 —-
253 1455 374 1493 τοῦτο
405 1468 456 1492 sc.
480 1450 526 1493 τὸ
548 1449 732 1506 ἁλμυρὸν
749 1452 948 1506 γίνεσθαι.

189 1525 255 1560 12.
284 1518 528 1574 καθάπερ
550 1518 920 1573 Ἐμπεδοκλῆς.
965 1521 1053 1560 Cfr.
1085 1521 1245 1559 sturz
1274 1521 1512 1572 Empedocl.

74 1589 349 1641 Agrigentin.
379 1603 419 1641 p.
444 1593 539 1637 312,
569 1589 639 1640 qui
653 1589 730 1627 iam
751 1588 934 1628 laudavit
952 1587 1207 1628 Plutarch.
1228 1589 1346 1628 Plac.
1357 1589 1510 1640 philos.

74 1658 153 1706 111,
176 1659 248 1706 16,
278 1657 348 1696 ubi
369 1670 445 1709 pro
467 1652 535 1695 διὰ
553 1653 627 1708 τὴν
648 1652 884 1696 ἐπιπόλαιον
903 1651 1048 1695 πλύσιν
1076 1656 1166 1695 Rei
1180 1656 1268 1694 ske
1297 1656 1513 1708 legendum

76 1737 161 1762 esse
181 1725 335 1763 censuit
355 1725 509 1771 καῦσιν,
539 1724 716 1764 Galen.
736 1726 900 1764 Hister.
910 1722 1063 1775 philos.
1073 1725 1218 1774 XXII,
1239 1725 1511 1766 Eusebium

75 1791 287 1842 Praepar.
312 1789 511 1844 Evangel.
532 1793 630 1842 XV,
654 1794 727 1839 59,
755 1792 826 1844 qui
845 1791 966 1831 habet
995 1787 1064 1831 διὰ
1089 1787 1164 1843 τήν
1189 1789 1253 1830 ἐπὶ
1281 1793 1419 1833 πλεῖον
1446 1793 1514 1833 πί-

76 1859 204 1910 λησιν,
248 1860 561 1899 Lucretium
589 1861 648 1910 V,
679 1859 760 1900 488
781 1873 866 1913 sqq.
924 1859 1125 1899 Adscribe
1155 1860 1358 1899 Sturzii
1385 1863 1512 1902 verba

75 1925 174 1965 haec
210 1940 251 1980 p.
283 1928 365 1968 314
388 1941 467 1980 sq.:
508 1929 714 1979 Quamvis
734 1942 814 1979 per
839 1928 961 1968 illam
987 1926 1277 1979 metaphoram
1300 1928 1513 1980 poeticam

75 1991 188 2032 nullo
207 1995 327 2034 modo
352 2009 440 2034 rem
467 1995 680 2047 explicari
691 1995 921 2048 fatendum
936 1997 1015 2045 sit,
1041 2003 1182 2050 putem
1199 2002 1342 2035 tamen
1358 1998 1513 2050 Empe—

75 2061 232 2101 doclem
256 2077 337 2101 non
366 2065 533 2102 omnino
559 2062 792 2114 neglexisse
820 2076 976 2102 causas
997 2063 1223 2115 physicas,
1262 2066 1434 2103 etiamsi
1462 2081 1512 2105 ex

76 2131 161 2167 eius
181 2131 443 2170 carminibus
464 2145 593 2183 neque
612 2131 881 2184 Aristoteles,
909 2145 1040 2183 neque
1064 2129 1177 2169 alius
1197 2133 1380 2184 scriptor
1402 2135 1512 2172 anti-

77 2210 180 2248 quus
204 2197 342 2235 locam
369 2199 575 2248 aliquem,
614 2198 686 2249 qui
721 2198 783 2236 ad
814 2196 1133 2249 explanandam
1163 2214 1251 2238 rem
1280 2202 1513 2252 pertineat,

76 2265 319 2301 servaverit.
374 2265 492 2302 Nam
512 2265 663 2302 saltem
683 2277 859 2304 eausam
877 2265 1065 2316 aliquam
1078 2265 1299 2316 physicam
1319 2268 1513 2307 attulisse

75 2330 244 2382 legitur,
274 2345 347 2368 cur
368 2333 414 2369 in
435 2332 544 2368 mari
559 2332 617 2368 sit
637 2331 772 2369 duleis
795 2330 1001 2383 quaedam
1020 2345 1134 2384 aqua
1162 2331 1292 2384 (quod
1310 2339 1512 2386 tamquam

76 2403 358 2449 argumentum
397 2397 690 2449 Empedocleae
725 2399 946 2437 sententiae
983 2401 1116 2439 attulit
1160 2400 1510 2456 Alexander),

78 2479 163 2517 qua
185 2466 324 2515 pisces
347 2465 526 2503 alantur.
583 2465 839 2507 Aelianus
870 2467 985 2504 Hist.
1006 2468 1182 2507 animal.
1203 2469 1290 2517 IX,
1311 2469 1387 2508 64:
1413 2466 1512 2521 Ἐμ-

76 2531 274 2584 πεὸοκλῆς
302 2527 323 2572 ὅ
346 2529 654 2585 Ἀκραγαντῖνος
682 2529 781 2585 λέγει
810 2546 850 2571 τι
886 2528 986 2572 εἶναι
1014 2532 1139 2587 γλυκὺ
1168 2533 1211 2575 ἓν
1235 2537 1286 2590 τῇ
1305 2534 1511 2594 ,θαλάσσῃ

76 2597 207 2654 ὕδωρ,
235 2597 284 2640 οὔ
312 2602 410 2640 πᾶσι
441 2599 575 2652 δῆλον,
603 2596 805 2654 τρόφιμον
834 2597 879 2639 δὲ
909 2603 992 2640 τῶν
1022 2600 1182 2654 ἰχθύων
1195 2614 1205 2627 ·
1246 2618 1270 2642 κ
1302 2601 1312 2617 “
1343 2602 1416 2656 τὴν
1445 2605 1512 2644 αἷ-

77 2666 167 2706 τιάν
194 2667 312 2708 τοῦδε
339 2670 414 2707 τοῦ
443 2666 485 2708 ἐν
514 2669 565 2722 τῇ
594 2664 705 2721 ἅλμῃ
739 2667 1055 2721 γλυκαινομὲνου
1094 2668 1194 2724 λέγει
1224 2619 1418 2725 φτῦήν,
1460 2671 1511 2726 ἦν

79 2731 232 2774 ἐκεῖθεν
259 2732 431 2775 εἴσεσθε.
490 2751 519 2775 π
531 2750 554 2789 ρ
566 2732 587 2775 ὸ
601 2749 622 2782 ς
656 2750 686 2774 π
697 2749 717 2774 ο
729 2735 778 2786 ίη
792 2747 818 2774 σ
829 2750 841 2773 ι
853 2750 876 2774 ν
904 2765 1046 2780 .....
1074 2735 1121 2778 ἶκ
1131 2753 1188 2778 αν
1199 2739 1232 2779 ὦ
1243 2753 1274 2786 ς.
1335 2740 1512 2794 Compa-

79 2802 362 2852 resiudieium‚
387 2803 495 2856 quod
514 2803 566 2842 de
582 2806 736 2856 po‘e'ta
755 2803 1064 2855 Empedocle
1092 2806 1173 2845 fert
1192 2806 1510 2847 Aristoteles

80 2869 195 2908 Po‘e't.
227 2874 332 2911 c.1.:
362 2868 480 2911 οὐδὲν
509 2867 642 2911 κοινόν
671 2868 779 2910 ἔστιν
808 2865 978 2928 Ὁμίρῳ
1016 2870 1082 2912 καὶ
1109 2870 1374 2924 Ἐμπεδοκλεῖ
1407 2875 1510 2926 πλὴν
