1812 3158
345 414 439 457 390
559 420 1002 462 COMMENTARIUS
1031 421 1092 460 IN
1114 423 1514 464 METEOROLOG.

341 533 538 570 Aelian.
574 532 735 568 Histor.
756 531 928 569 animal.
956 532 1034 579 XI,
1061 534 1131 571 19:
1161 527 1239 584 πρὸ
1267 529 1378 571 πέντε
1406 527 1563 584 ἡμερῶν
1589 535 1661 572 τοῦ
1689 531 1737 573 ἀ-

342 597 585 648 φανισθῆναι
607 592 679 645 τὴν
702 591 880 648 Ἑλίκην,
912 593 998 636 ὅσοι
1025 598 1103 648 μῦς
1130 595 1170 636 ἓν
1190 593 1290 650 αὐτῇ
1316 590 1417 648 ἦσαν
1447 596 1511 636 καὶ
1530 599 1652 650 γαλαῖ
1671 600 1736 638 καὶ

341 659 452 714 ὄφεις
477 660 542 700 καὶ
573 659 855 715 σκολοπένδραι
883 661 948 702 καὶ
977 659 1198 716 σφονδύλαι
1227 661 1292 701 καὶ
1320 660 1371 707 τιὶ
1401 660 1543 713 λοιπά,
1583 661 1660 703 ὅσα
1688 657 1737 716 ἦν

340 728 525 776 τοιαῦτα,
565 724 702 779 ἀθρόα
728 723 884 782 ὑπεξῄει
911 730 961 782 τῇ
990 724 1072 783 ὁδῷ
1100 731 1150 783 τῇ
1178 727 1218 775 ἐς
1244 726 1466 782 Κορύνειαν
1494 726 1736 783 ἐκφερούσῃ·

339 790 419 831 ἐπεὶ
450 790 494 831 δὲ
522 790 775 845 ἀνεχώρησαν
802 791 852 833 τοὶ
871 792 1136 848 προειρημένα
1163 795 1264 849 ζῷα,
1307 792 1461 848 νύκτωρ
1488 794 1632 847 γίνεται
1660 809 1739 834 σει-

340 856 465 909 σμός,
512 858 577 899 καὶ
605 857 794 908 συνιζάνει
821 856 846 911 ἡ
873 857 988 907 πόλις
1022 859 1088 900 καὶ
1124 857 1504 908 ἔπικλύσαντος
1540 862 1738 901 πολλοῦ

337 922 566 974 κύματος
602 921 636 976 ἧ
658 921 791 977 Ἑλίκη
821 923 1051 980 ἇφανίσθη,
1100 926 1166 966 καὶ
1194 925 1295 967 κατὰ
1327 925 1450 979 τύχην
1476 926 1738 978 Λακεδαιμο-

337 989 430 1029 νίων
457 987 710 1044 ὗφορμοῦσαι
738 994 788 1045 τῇ
813 989 923 1033 πόλει
953 991 1047 1033 δέκα
1073 996 1162 1045 νῆες
1182 990 1461 1033 συναπώλοντο
1480 994 1530 1046 τῇ
1553 1007 1739 1046 προειρη-

338 1053 437 1108 μένῃ
465 1055 680 1108 θαλάσσης
707 1056 900 1098 ἐπικλύσει
929 1061 1078 1113 πολλῇ,
1116 1061 1183 1111 qui
1210 1060 1319 1098 locus
1345 1065 1544 1110 praeterea
1572 1065 1739 1110 propter

336 1124 612 1170 narrationem,
623 1138 728 1174 aqua
744 1126 962 1174 exorditur,
970 1139 1250 1177 saepenumero
1267 1126 1309 1163 in
1326 1125 1606 1163 dubitationem
1621 1138 1739 1163 voca-

336 1195 424 1237 tam,
435 1189 698 1228 memorabilis
711 1196 779 1228 est.
796 1193 858 1229 De
867 1192 1005 1242 Helice
1016 1197 1054 1229 et
1063 1194 1168 1230 Bura
1178 1191 1242 1228 adi
1253 1192 1282 1228 P
1291 1191 1373 1229 lin.
1386 1192 1496 1228 Hist.
1506 1198 1593 1228 nat.
1604 1191 1655 1241 ΙΙ,
1665 1190 1738 1230 94:

336 1253 518 1292 Abstulit
546 1256 720 1293 Helicen
746 1263 785 1293 et
808 1258 971 1294 Buram
997 1258 1042 1293 in
1063 1257 1158 1293 sinu
1175 1256 1462 1303 Corinthiaco,
1493 1269 1668 1306 quarum
1691 1259 1738 1294 in
1782 1283 1786 1286 -

337 1322 420 1357 alto
441 1322 622 1371 vestigia
642 1329 860 1370 apparent.
898 1322 1110 1367 Posterius,
1137 1321 1282 1364 rudera
1302 1321 1444 1359 harum
1466 1322 1623 1359 urbium
1642 1334 1737 1358 con-

335 1385 430 1435 spici
449 1386 520 1423 sub
539 1387 651 1434 mari,
670 1392 756 1424 tum
773 1394 927 1426 veteres
946 1386 1156 1435 tradidere,
1184 1387 1308 1425 veluti
1328 1387 1422 1425 Ovi
1436 1386 1547 1426 dius
1564 1389 1736 1424 Metam.

335 1452 433 1496 XV,
445 1452 524 1490 294
541 1465 611 1503 sq.,
631 1459 714 1490 tum
732 1455 971 1492 recentiores
990 1453 1311 1503 peregrinatores‚
1332 1466 1382 1490 ex
1399 1465 1457 1503 gr.
1475 1454 1500 1491 S
1512 1466 1596 1490 cro
1608 1453 1630 1490 f
1633 1453 1735 1501 ani,

335 1517 447 1554 solito
475 1518 695 1556 fabularum
726 1531 870 1569 genere
890 1519 951 1556 usi
970 1517 1191 1568 perhibent.
1247 1518 1421 1556 Uberius
1447 1531 1533 1557 rem
1556 1519 1738 1557 tractavit

336 1583 366 1620 C
376 1596 396 1620 a
408 1584 420 1620 l
430 1583 444 1619 l
454 1584 467 1620 i
478 1590 520 1622 st
531 1583 555 1620 h
567 1597 624 1622 en
636 1598 657 1621 e
667 1598 684 1621 s
711 1585 754 1622 in
768 1585 997 1622 -Hellenicie
1009 1612 1020 1632 ,
1049 1589 1147 1621 teste
1175 1585 1201 1621 S
1215 1596 1273 1621 en
1283 1598 1304 1622 e
1314 1597 1365 1621 ca
1389 1585 1568 1634 Quaest.
1598 1591 1737 1622 natur.

334 1650 412 1697 VI,
439 1653 514 1687 23:
550 1652 635 1687 Hie
658 1650 928 1688 Callisthenes
954 1650 1160 1698 inlibris,
1192 1650 1338 1700 quibus
1358 1649 1573 1699 describit,
1600 1662 1738 1700 quem-

335 1714 551 1753 admodum
572 1713 717 1753 Helice
737 1717 944 1767 Burieque
970 1729 1128 1753 mersae
1153 1722 1271 1761 eunt,
1310 1715 1457 1766 quibus
1487 1715 1585 1752 illae
1617 1727 1736 1754 casus

334 1780 377 1816 in
397 1793 524 1827 mare,
551 1782 619 1818 vel
634 1784 679 1819 in
701 1783 798 1820 illae
815 1795 931 1819 mare
953 1783 1178 1829 immiserit,
1195 1781 1300 1817 dicit
1323 1781 1378 1828 icl,
1408 1775 1519 1831 qdod
1537 1782 1583 1817 in
1596 1780 1737 1829 priore

327 1853 452 1893 parte
471 1848 626 1884 dictum
642 1855 714 1886 est.
741 1849 910 1885 Auctore
930 1848 956 1884 S
969 1847 1181 1884 trahone
1203 1847 1315 1884 VIII.
1344 1860 1386 1897 p.
1408 1845 1488 1884 294
1516 1852 1646 1883 terrae
1669 1845 1737 1882 ille

334 1917 462 1949 motus
486 1913 562 1950 fuit
580 1913 738 1950 biennio
767 1919 856 1950 ante
876 1912 1292 1950 cladem-Leuctricam
1309 1912 1335 1949 i.
1349 1925 1384 1948 e.
1408 1917 1497 1948 ante
1515 1911 1582 1948 Ol.
1597 1914 1687 1958 102,
1698 1911 1736 1948 4.

334 1976 509 2014 Omnino
530 1978 593 2015 adi
623 1977 798 2015 Ezech.
821 1977 1178 2028 Spanhemium
1207 1977 1257 2014 ad.
1285 1975 1575 2014 Callimach.
1603 1975 1736 2025 hymn.

259 2078 265 2079 ff
333 2043 378 2079 in
395 2044 488 2081 Del.
507 2047 585 2082 100
604 2057 658 2094 sq.
689 2057 727 2093 p.
747 2043 825 2081 465
845 2057 901 2094 sq.
955 2045 1018 2082 De
1037 2049 1188 2081 cometa
1209 2048 1303 2094 tunc
1319 2042 1510 2093 temporis
1528 2046 1736 2092 conspecto

334 2107 438 2156 (sive
462 2111 593 2160 potius
617 2109 727 2147 trabe
752 2110 914 2159 ingenti,
943 2123 1033 2148 cum
1050 2109 1173 2147 dicat:
1204 2104 1326 2160 ὤφθη
1347 2105 1420 2158 μὲν
1443 2103 1518 2159 γὰρ
1541 2102 1642 2145 κατὰ
1665 2102 1735 2144 τόν

325 2170 504 2226 ,οὐρανὸν
533 2173 594 2213 ἐπὶ
623 2171 774 2220 πολλὰς
801 2172 946 2220 νύκτας
977 2172 1137 2225 λαμπὰς
1164 2170 1315 2225 μεγάλη
1339 2171 1524 2223 καιομένη
1559 2169 1636 2210 ἀπὸ
1664 2172 1736 2210 τοῢ

334 2236 535 2290 σχήματος
550 2238 823 2290 ὀνομασθεῖσα
840 2239 982 2292 πυρίνη
1003 2238 1133 2291 δοκίς)
1161 2241 1240 2290 agit
1265 2241 1381 2277 etiam
1409 2238 1622 2278 Diodor.
1654 2239 1680 2274 S
1692 2237 1737 2274 i-

333 2306 427 2344 cul.
458 2308 553 2355 XV,
577 2309 640 2346 50.
698 2308 953 2358 Suspicantur
981 2307 1194 2345 astronomi
1222 2320 1311 2344 eum
1339 2305 1510 2344 eundem
1538 2317 1640 2352 esse,
1670 2304 1736 2353 qui

333 2385 435 2409 anno
458 2374 564 2411 1664
587 2374 818 2423 comparuit.
839 2395 893 2402 —
918 2371 1001 2411 Καὶ
1029 2368 1157 2422 πρός
1182 2369 1335 2411 νότον
1367 2394 1415 2400 -
1446 2367 1733 2423 γεγόνασιν.

332 2439 459 2476 Etiam
477 2432 807 2477 Plinius*Hist.
824 2446 907 2477 nat.
934 2439 986 2486 Π,
1007 2441 1059 2476 23
1083 2438 1197 2476 dicit:
1220 2439 1330 2491 fiunt
1352 2461 1402 2466 —
1421 2443 1460 2475 et
1482 2437 1528 2473 in
1545 2435 1733 2472 austrino

328 2504 432 2553 pola.
450 2524 504 2531 ——
524 2506 624 2543 Mox
649 2504 734 2542 cod.
756 2505 992 2543 Morellii
1020 2500 1199 2548 εὐκλεοῦς
1223 2498 1523 2555 gloriosi-§eima
1544 2506 1582 2539 et
1601 2500 1653 2538 ita
1674 2501 1735 2538 0-

331 2570 694 2620 lympiodorus
722 2568 833 2610 Aldi.
891 2572 1012 2610 Male.
1069 2570 1329 2609 Mizaldus
1367 2566 1473 2618 apud
1506 2563 1732 2612 Struyck

332 2635 540 2686 Inleiding
559 2644 619 2674 tot
639 2639 686 2675 de
707 2637 936 2687 algemeene
951 2637 1108 2675 Kamzie
1129 2635 1202 2673 der
1221 2636 1431 2674 Gomeeten
1459 2628 1731 2680 (Amsterdam

335 2701 454 2739 1740.
481 2698 536 2751 4.)
564 2715 604 2752 p.
631 2705 708 2740 190
737 2703 904 2740 coniecit
921 2704 1052 2753 ipsum
1070 2701 1294 2747 Molonem,
1324 2694 1432 2734 cuius
1447 2695 1550 2733 filius
1569 2695 1733 2733 Euclees

336 2764 499 2814 dicitur,
538 2767 657 2805 fuisse
688 2767 936 2816 archontem,
985 2767 1035 2804 de
1062 2778 1139 2816 quo
1167 2764 1261 2804 vide
1289 2762 1384 2802 Dio
1397 2761 1498 2799 dor.
1528 2762 1633 2806 XV,
1662 2763 1728 2799 90·

334 2831 542 2880 Dionys.
575 2834 613 2869 H
625 2833 735 2869 alic.
774 2835 844 2869 vit.
874 2833 1041 2870 Rhetor.
1074 2829 1283 2885 Binan-h.
1321 2831 1383 2866 13.
1442 2829 1555 2865 Tunc
1581 2831 1732 2864 cometa
