1774 3198
336 348 429 391 564
542 356 987 395 COMMENTARIUS
1018 343 1081 395 ΙΝ
1107 358 1512 398 METEOROLOG.

339 468 512 506 Tom.II.
538 467 783 506 Tab.20.--
811 469 968 507 τοιοῦτο
990 465 1064 521 γὰρ
1084 481 1128 506 το
1150 469 1283 519 σχῆμα
1313 469 1462 519 Olym
1474 482 1514 519 p.
1531 469 1600 508 fol.
1618 463 1682 517 42,
1698 482 1718 506 a

336 535 438 572 Tota
461 533 676 576 enuntiatio
698 547 823 585 prava
846 535 1166 585 interpunctione
1193 535 1345 572 laborat
1369 534 1475 586 apud
1503 535 1616 572 Alex.
1642 538 1736 585 Bag.

334 601 374 636 S.
395 600 478 637 Cas.
510 612 599 636 cum
626 599 678 637 ad
703 601 860 639 τοιοῦτο
889 597 963 652 γὰρ
995 601 1127 650 σχῆμα
1155 602 1226 651 τῆς
1252 602 1344 652 γῆς,
1382 614 1480 652 quae
1506 601 1628 639 verba
1649 607 1738 639 tan-

334 678 451 716 quam
473 664 724 716 parenthesin
744 667 951 717 accipiunt,
981 667 1187 717 suppleant
1204 664 1300 715 ἕστί,
1331 680 1420 704 cum
1439 667 1571 718 potius
1589 667 1737 718 depen-

334 731 450 769 deant
470 746 493 770 a
510 731 636 770 verbo
656 728 920 782 ἔκτέμνουσιν.
938 754 992 761 -—-
1025 730 1276 782 ἕκτέμνουσιν
1306 729 1364 770 ἀεὶ
1381 730 1428 770 ἒκ’
1440 746 1510 771 του
1542 732 1683 783 Olym
1695 745 1734 783 Ρ.

335 817 384 823 -
414 796 598 850 γραμμαί
622 798 809 836 omittunt
830 800 882 837 N.
911 805 951 837 et
974 799 1101 850 prima
1123 812 1242 837 manu
1259 800 1312 836 F.
1345 811 1472 849 neque
1496 799 1619 837 vertit
1645 801 1736 848 Bag.

334 864 402 913 qui
423 870 555 902 tamen
579 864 620 901 in
642 865 817 915 margine
837 865 1016 903 adnotat=
1044 879 1079 903 a.
1105 866 1136 903 l.
1171 864 1318 902 addit
1353 865 1531 905 lineae.
1569 884 1623 891 ·-
1669 860 1739 902 τόν

332 935 422 968 ante
450 926 516 968 διὰ
543 927 695 975 παντὸς
723 927 897 983 φανερόν
937 932 1083 970 omittit
1111 933 1157 970 F.
1223 931 1431 969 Caeterum
1468 930 1638 968 circulus
1671 930 1740 967 ille

333 1010 414 1034 non
445 1003 522 1044 est,
551 997 618 1047 qui
642 996 737 1034 alibi
768 997 912 1036 dicitur
940 993 1132 1050 ἀειφανής
1163 1010 1233 1035 seu
1264 993 1325 1035 ἀεί
1354 992 1546 1049 φανερός,
1585 996 1634 1033 de
1662 1009 1739 1046 quo

335 1063 535 1110 conferas,
571 1075 670 1113 quae
703 1069 814 1113 pater
846 1065 1030 1115 exposuit
1063 1065 1106 1102 in
1135 1063 1406 1102 dissertatione
1443 1062 1492 1100 (le
1525 1061 1740 1101 Eudoxo

335 1127 518 1166 Cnidio
546 1128 589 1165 in
606 1126 819 1167 Abhandl.
840 1130 912 1167 der
926 1129 1185 1167 Berl.Aoad.
1212 1129 1358 1167 histor,
1378 1128 1579 1179 philolog.
1598 1127 1739 1165 Classe

337 1196 455 1231 1830.
475 1207 514 1244 Ρ.
531 1195 582 1232 52
602 1195 848 1244 comparatis,
877 1208 975 1245 quae
995 1195 1179 1232 disseruit
1196 1195 1403 1233 Balfour
1425 1194 1474 1231 ad
1491 1192 1739 1232 Cleomed.

334 1260 509 1296 Meteor.
538 1273 577 1310 p.
599 1263 677 1298 286
697 1273 781 1310 sqq.
815 1261 877 1299 ed.
907 1261 1063 1306 Bake,
1101 1260 1171 1297 sed
1199 1260 1386 1304 arcticus,
1424 1273 1540 1310 quem
1569 1272 1639 1296 nos
1666 1272 1741 1297 vo-

335 1336 480 1367 camus.
534 1326 629 1363 Non
649 1326 753 1363 enim
775 1326 824 1364 de
843 1326 980 1364 mobili
1001 1326 1071 1363 sed
1089 1326 1138 1363 de
1157 1312 1348 1363 immobili
1366 1325 1511 1363 circulo
1530 1338 1660 1363 sermo
1678 1325 1738 1370 sit,

334 1403 489 1428 necesse
506 1397 578 1430 est.
607 1378 682 1429 efr.
703 1391 820 1429 etiam
842 1393 894 1439 II,
916 1394 953 1440 6,
973 1394 1011 1429 8.
1678 1402 1692 1423 t

447 1461 512 1497 11.
544 1454 633 1496 τὸν
665 1454 820 1496 αὐτὸν
848 1453 1120 1509 δὲτρόπον
1214 1486 1223 1495 .
1244 1483 1283 1496 ..
1314 1459 1569 1495 ποιοῦσιν.
1627 1458 1740 1506 Quae

333 1524 533 1574 regiones,
562 1530 698 1562 utrum
717 1537 762 1561 re
782 1537 875 1562 vera
899 1523 1092 1561 habitatae
1113 1523 1209 1568 sint,
1239 1536 1288 1560 an
1309 1537 1433 1572 secus,
1463 1523 1742 1560 dubitaverunt

334 1596 505 1628 veteres.
564 1590 673 1629 Audi
703 1591 967 1629 Geminum
997 1587 1192 1627 Element.
1215 1593 1331 1628 c.13.
1363 1602 1403 1639 p.
1430 1591 1506 1627 199
1540 1587 1604 1626 ed.
1626 1588 1741 1626 Hil—

336 1655 502 1694 derici
519 1651 534 1694 τ’
568 1652 666 1695 ὅταν
694 1655 738 1696 δὲ
765 1655 854 1709 περὶ
881 1657 954 1706 τῆς
983 1653 1118 1694 νοτίου
1150 1650 1275 1705 ζώνης
1301 1652 1472 1706 λέγωμεν
1507 1651 1572 1692 καὶ
1595 1654 1674 1692 τῶν
1701 1650 1741 1691 ἓν

336 1718 437 1774 αὐτῇ
464 1719 756 1762 κατοικούντων
768 1753 789 1775 ,ae
817 1718 918 1775 πρὸς
952 1719 995 1760 δὲ
1024 1717 1188 1767 τούτοις,
1211 1719 1300 1773 περὶ
1327 1722 1406 1760 τῶν
1434 1718 1475 1759 ἓν
1504 1716 1605 1772 αὐτῇ
1633 1716 1742 1758 ἀντι-

334 1784 483 1834 πόδων,
513 1790 594 1827 τῶν
622 1786 839 1840 λεγομένων
867 1784 1020 1833 οὕτως,
1049 1783 1204 1826 ἀκούειν
1234 1783 1435 1839 προσήκει,
1466 1781 1519 1831 ὡς
1545 1783 1741 1836 μηδεμίαν

334 1848 448 1903 ἡμῶν
476 1851 655 1906 ἱστορίαν
681 1850 986 1907 παρειληφότων
1014 1850 1102 1904 περὶ
1130 1853 1202 1903 τῆς
1228 1851 1363 1891 νοτίου
1395 1850 1539 1903 ζώνης,
1579 1848 1682 1902 μηδὲ
1710 1847 1750 1889 εἴ

334 1932 436 1964 τινες
464 1917 504 1957 ἓν
535 1917 636 1972 αὐτῇ
665 1922 935 1965 κατοικοῦσιν,
981 1915 1072 1956 ἀλλ’
1106 1914 1165 1956 ὅτι
1195 1915 1319 1957 ἕνεκεν
1346 1919 1417 1967 τῆς
1450 1913 1545 1967 ὅλης
1572 1930 1744 1968 σφαιρο-

336 1985 469 2030 ποιΐας
496 1984 561 2024 καὶ
589 1987 661 2024 τοῦ
691 1982 894 2036 σχήματος
911 1986 993 2035 ’τῆς
1021 1986 1110 2036 γῆς,
1141 1982 1296 2034 καὶτῆς
1323 1979 1504 2034 παρόδου
1528 1983 1601 2020 τοῦ
1629 1977 1742 2031 ἡλίου

336 2053 409 2101 τῆς
434 2048 584 2101 μεταξὺ
612 2051 692 2090 τῶν
719 2053 918 2104 τροπικῶν
945 2049 1169 2102 γινομένης,
1209 2047 1294 2088 ἔστί
1319 2063 1379 2094 τις
1406 2047 1471 2087 καὶ
1501 2043 1615 2099 ἑτέρα
1641 2043 1741 2097 ζώνη

337 2114 439 2169 πρὸς
465 2115 582 2156 νότον
610 2114 784 2168 κειμένη,
830 2115 902 2169 τὴν
941 2114 1065 2168 αυτὴν
1102 2113 1313 2168 ευκρασίαν
1349 2112 1494 2165 ἔχουσα
1521 2115 1570 2166 τῇ
1597 2111 1742 2166 βορείῳ

338 2180 459 2235 ζώνῃ,
490 2182 531 2222 ἐν
554 2175 579 2237 ᾗ
598 2186 854 2235 κατοικοῦμεν
872 2179 995 2235 ἡμεῖς.
1046 2178 1220 2233 Ὁμοίως
1249 2179 1292 2219 δὲ
1320 2179 1384 2220 καὶ
1413 2179 1500 2232 περὶ
1528 2181 1607 2218 τῶν
1635 2175 1744 2217 ἄντι-

274 2268 278 2272 “
338 2245 473 2288 716de
503 2248 686 2302 λέγθμὸν,
724 2265 795 2301 Ουχ
826 2246 880 2297 ὡς
915 2245 1096 2289 ssavand?
1132 2244 1346 2287 oinoz'JVva
1382 2247 1499 2285 τινῶν
1537 2260 1637 2284 κατα
1671 2259 1743 2294 την

339 2312 465 2366 αὐτὴν
497 2313 708 2369 διάμετρον
736 2311 855 2367 ἡμῖν,
897 2313 988 2354 ἀλλ’
1018 2312 1131 2361 ὄντος
1154 2311 1262 2360 τινὸς
1289 2310 1414 2352 τόπου
1444 2311 1651 2363 οῗκησίμου
1680 2308 1743 2348 ἐπὶ

337 2383 411 2432 τῆς
439 2371 518 2433 γῆς
538 2380 639 2421 κατὰ
670 2379 881 2434 διάμετρον
909 2378 1016 2433 ἡμῖν.
1074 2381 1190 2419 Adde
1219 2380 1442 2419 Macrob.
1471 2377 1607 2416 Somn.
1631 2378 1740 2425 Seip.

338 2450 387 2496 II,
411 2451 454 2485 5:
481 2450 562 2486 Illa
584 2463 674 2496 pero
693 2450 779 2486 sola
802 2451 963 2486 ratione
982 2449 1237 2499 intelligitur,
1261 2446 1550 2496 quodpropter
1568 2442 1743 2479 similem

340 2516 576 2564 temperiem
593 2516 787 2552 similiter
806 2516 1026 2564 incolatur,
1047 2514 1119 2551 sed
1137 2527 1162 2550 a
1176 2513 1320 2563 quibus
1337 2523 1465 2560 neque
1482 2509 1598 2546 licuit
1615 2520 1743 2557 neque

340 2572 475 2617 licebit
495 2595 760 2632 cogno-scer&
789 2583 1008 2618 interiecta
1035 2582 1143 2617 enim
1170 2578 1329 2616 torrida
1351 2577 1513 2626 utrique
1534 2573 1743 2610 hominum

335 2649 479 2695 generi
497 2649 780 2685 commercium
802 2647 862 2684 ad
880 2661 921 2684 se
940 2647 1118 2697 denegat
1136 2642 1400 2681 commeandi.
1449 2640 1669 2684 Caeterum,
1699 2643 1744 2675 ut

340 2719 444 2750 recte
460 2714 702 2764 intelligatur
720 2714 783 2751 hic
799 2714 929 2762 locus,
958 2714 1076 2763 paulo
1100 2710 1302 2750 difficilior
1323 2713 1363 2746 et
1379 2718 1588 2757 perperam
1613 2703 1743 2754 expli-

341 2782 446 2814 catus
474 2791 497 2815 a
526 2780 874 2829 Koenigmann
888 2792 911 2815 o
942 2780 1086 2828 Geogr.
1108 2777 1282 2814 Aristot.
1320 2774 1422 2811 Sect.
1442 2774 1474 2812 I.
1505 2769 1743 2823 (Schleswig
