1820 3158
99 456 102 458 Α
141 406 361 453 -1›·362‚b-
385 406 550 442 Bekk·—
624 405 798 447 Luni.
830 405 1016 447 cAP.v.
1049 393 1051 397 ’
1082 401 1454 448 -ρ;346,ιῑ.οω.-
1515 396 1578 440 99

138 521 232 578 τρία
260 520 308 563 τὸ
335 519 511 576 μέγεθός
547 519 678 569 ἔστιν,
729 517 800 561 ἐάν
828 534 891 567 τις
918 516 1016 566 τούς
1044 532 1086 558 τε
1116 519 1244 565 πλοῦς
1272 516 1476 571 λογίζηται
1514 517 1580 558 καὶ

137 588 214 638 τὰς
251 586 395 639 όὸοὖς,
448 585 504 637 ὥς
541 586 742 640 ἐνδέχεται
778 584 1001 640 λαμβάνειν
1029 588 1112 627 τῶν
1141 582 1339 626 τοιούτων
1367 582 1443 634 τὰς
1470 582 1583 640 ἀκρι-

137 658 265 709 βείας.
327 662 394 699 15.
424 657 572 698 Καίτοι
603 655 668 696 ἐπὶ
696 652 852 704 πλάτος
877 655 954 709 μὲν
981 653 1100 709 μέχρι
1125 656 1208 695 τῶν
1226 650 1428 707 ἀοικήτων
1456 651 1572 706 ἴσμεν
1586 657 1637 694 15

136 723 214 779 τὴν
245 724 508 779 οἰκουμένην·
551 723 657 766 ἔνθα
681 723 757 778 μὲν
784 721 863 779 γὰρ
892 722 962 764 διὰ
989 725 1126 776 ψῦχος
1155 719 1286 763 οὐκέτι
1311 724 1581 771 κατοικοῦσιν,

138 791 243 834 ἔνθα
272 793 318 834 δὲ
347 791 416 834 διὰ
445 791 522 847 τὴν
551 790 688 834 ἇλὲαν.
720 791 772 833 τὰ
803 791 848 832 δὲ
877 794 951 845 τῆς
971 789 1143 844 Ἰνδικῆς
1172 787 1249 838 ἔξω
1278 789 1345 830 καὶ
1373 792 1456 831 τῶν
1484 802 1585 843 στη-

138 863 220 911 λῶν
247 864 330 903 τῶν
352 857 610 916 εΗρακλείων
638 859 706 901 διὰ
734 859 808 914 τὴν
838 858 1054 901 θάλατταν
1082 857 1133 899 οὗ
1162 856 1349 913 φαίνεται
1377 856 1582 913 συνείρειν,

135 931 196 986 τῷ
225 932 403 982 συνεχῶς
442 926 542 970 εἰναι
580 931 716 970 πᾶσαν
755 927 1008 982 οἰκουμένην.
1088 931 1153 966 16.
1192 924 1300 966 Ἐπεὶ
1339 922 1383 966 ‹5’
1415 922 1569 979 ὁμοίως
1586 930 1638 965 16
1685 916 1688 919 ’

136 995 238 1049 ἔχειν
268 995 420 1051 ἀνάγκη
450 995 578 1038 τόπον
606 995 698 1038 τινὰ
726 994 832 1051 πρὸς
862 993 936 1036 τὸν
965 994 1102 1051 ἕτερον
1130 991 1258 1036 πόλον
1288 991 1425 1049 ὥσπερ
1455 991 1504 1035 ὃν
1533 989 1586 1046 ἦ-

137 1069 226 1116 μεΐς
256 1065 445 1117 οἰκοῦμεν
473 1063 578 1120 πρὸς
603 1063 676 1105 τὸν
702 1060 805 1119 ὑπὲρ
834 1059 975 1117 ἡμῶν,
1020 1063 1145 1116 δῆλον
1174 1058 1231 1110 ὦς
1270 1059 1472 1115 ἀνάλογον
1509 1059 1587 1110 ἕξει

137 1129 191 1172 τὰ
218 1130 259 1173 τ’
295 1130 401 1173 ἄλλα
439 1133 506 1174 καὶ
534 1135 618 1174 τῶν
646 1129 889 1184 πνευμάτων
917 1127 944 1185 ἦ
968 1129 1136 1179 στάσις·
1165 1128 1270 1172 ὥστε
1300 1127 1492 1184 καθάπερ
1522 1129 1588 1170 ε’ν-

137 1201 280 1241 ταῦθα
306 1198 458 1255 βορέας
485 1199 586 1251 ἔστί,
616 1198 816 1248 κάκείνοις
841 1196 923 1240 ἀπὸ
952 1202 1029 1253 τῆς
1057 1199 1142 1240 ἐκεῖ
1165 1196 1320 1254 ἄρκτου
1346 1213 1408 1247 τις
1437 1196 1587 1251 ἄνεμος

137 1265 270 1315 οὕτως
299 1265 381 1319 ὤν,
413 1265 461 1309 ὃν
492 1266 621 1309 οὐθὲν
650 1266 826 1309 δυνατὸν
856 1265 1006 1321 διήκειν
1035 1268 1177 1323 δεῦρο,
1219 1266 1303 1308 ἐπεὶ
1333 1265 1428 1308 οὐδ’
1459 1263 1480 1308 ὃ
1510 1270 1587 1320 βο-

136 1334 232 1388 ρέας
259 1327 382 1384 οὗτος
409 1335 466 1384 εἰς
493 1334 568 1389 τὴν
599 1335 785 1377 ἐνταῦθα
815 1335 1055 1390 οἰκουμένην
1072 1334 1214 1382 ,πᾶσάν
1236 1334 1336 1376 ἐστι.
1381 1340 1447 1377 17.
1467 1333 1642 1376 ’Eo-cin

135 1400 213 1458 γὰρ
246 1401 382 1460 ὥσπερ
413 1401 602 1459 ἀπόγειον
630 1402 678 1445 τὸ
711 1407 870 1457 πνεῦμα
899 1403 947 1446 τὸ
974 1402 1160 1460 βόρειον,
1192 1402 1269 1452 ἕως
1294 1399 1317 1444 ὃ
1334 1402 1486 1458 βορέας
1515 1395 1588 1444 οὗ-

134 1485 207 1519 τος
235 1471 293 1520 εἰς
319 1470 396 1525 τὴν
425 1470 612 1513 ἐνταῦθα
641 1472 881 1527 οἰκουμένην
911 1478 1012 1514 πνεῖ.
1058 1470 1165 1513 ἀλλὰ
1195 1469 1263 1512 διὰ
1292 1470 1340 1512 τὸ
1370 1470 1447 1525 τὴν
1475 1469 1589 1524 οἴκη-

137 1550 200 1579 σιν
229 1542 393 1581 κεῖσθαι
430 1538 586 1594 ταύτην
624 1539 729 1596 πρὸς
768 1540 944 1596 ἄρκτον,
985 1543 1166 1582 πλεῖστοι
1203 1538 1348 1594 βορέαι
1386 1538 1588 1580 πνέουσιν.

139 1611 205 1647 18.
228 1605 370 1661 ’Ὀμως
386 1608 433 1650 δὲ
454 1609 520 1651 καὶ
538 1609 724 1650 ἐνταῦθα
748 1607 918 1650 ἐλλείπει
947 1608 1014 1650 καὶ
1044 1606 1095 1650 οὗ
1125 1605 1298 1649 δύναται
1327 1603 1472 1661 πόρρω
1501 1602 1645 1658 Boi-18
1688 1602 1692 1606 ’

139 1739 289 1779 habent
308 1743 359 1781 ad
376 1743 466 1791 tria,
490 1743 524 1781 si
546 1745 633 1795 quis
655 1750 735 1783 tam
759 1744 1046 1796 navigationes,
1065 1756 1184 1795 quam
1206 1742 1414 1782 terrestria
1434 1741 1589 1787 itinera,

138 1814 334 1859 quatenus
362 1810 502 1848 talium
528 1812 729 1850 certitudo
757 1813 863 1850 sumi
897 1818 1054 1864 potest,
1083 1824 1244 1849 mensus
1274 1807 1587 1860 computaverit.
1620 1829 1623 1833 ,

142 1879 206 1914 15.
241 1878 380 1928 Atque
410 1877 668 1918 habitabilem
703 1885 852 1919 terram
887 1893 1019 1931 usque
1048 1879 1100 1917 ad
1129 1879 1218 1917 loca
1243 1875 1518 1916 inhabitabilia
1546 1875 1590 1913 in

137 1943 391 1983 latitudinem
416 1947 621 1986 novimus.
678 1948 756 1986 Hic
785 1949 893 1987 enim
925 1962 1023 2000 prae
1047 1947 1202 1999 frigore
1210 1973 1225 1993 ,
1253 1945 1338 1984 illic
1359 1957 1459 1997 prae
1476 1948 1591 1981 aestu

138 2011 311 2051 habitari
331 2015 482 2066 nequit.
542 2017 659 2066 Quae
685 2030 787 2054 vero
811 2018 918 2056 ultra
938 2016 1096 2056 Indiam
1116 2021 1157 2053 et
1175 2015 1382 2053 columnas
1401 2010 1591 2051 Herculis

139 2079 212 2118 sita
238 2087 349 2130 sunt,
381 2089 552 2135 propter
574 2097 686 2122 mare
708 2084 958 2135 continuari,
989 2084 1046 2122 ita
1064 2088 1111 2121 ut
1134 2080 1362 2121 habitabilis
1384 2085 1469 2118 tota
1490 2091 1591 2117 con-

140 2147 270 2185 tinens
298 2149 371 2197 sit,
414 2163 496 2189 non
528 2152 734 2191 videntur.
820 2156 888 2191 16.
928 2151 1136 2203 Quoniam
1168 2155 1303 2188 autem
1329 2160 1492 2186 necesse
1519 2152 1591 2196 est,

142 2215 340 2263 quendam
370 2218 506 2256 locum
534 2219 585 2258 ad
608 2221 780 2259 alterum
804 2221 945 2272 polum
968 2233 1078 2266 esse,
1107 2218 1176 2270 qm·
1198 2230 1286 2256 eam
1308 2215 1362 2255 ad
1383 2215 1500 2253 illum
1524 2226 1592 2252 ra-

141 2280 292 2318 tionem
313 2281 480 2335 habeat,
511 2301 631 2338 quam
649 2289 695 2336 is,
717 2301 837 2339 quem
855 2288 1081 2335 incolimus,
1101 2285 1152 2324 ad
1171 2299 1263 2324 eum
1285 2283 1358 2335 qui
1378 2295 1500 2334 supra
1519 2294 1592 2319 nos

142 2354 210 2396 cst,
231 2348 362 2399 habet,
384 2355 639 2405 perspicuum
662 2361 734 2405 est,
757 2361 804 2393 ut
818 2361 976 2394 caetera
993 2355 1082 2402 alia,
1103 2354 1159 2391 ita
1178 2358 1398 2392 ventorum
1430 2361 1595 2401 quoque

141 2421 289 2454 statum
321 2417 462 2457 eadem
488 2423 756 2473 proportione
784 2422 1049 2474 respondere.
1101 2422 1242 2471 Quare
1263 2425 1310 2457 ut
1331 2417 1449 2456 nobis
1476 2417 1594 2468 aqui-

140 2483 197 2533 lo,
227 2484 283 2522 sic
303 2491 343 2523 et
360 2486 439 2525 illis
463 2494 611 2527 ventus
629 2488 792 2540 quidem
813 2490 862 2527 ab
883 2503 944 2538 ea,
978 2502 1077 2541 quae
1100 2488 1184 2526 illic
1206 2492 1286 2535 est,
1312 2499 1406 2525 ursa
1427 2485 1593 2533 exsistit,

141 2552 211 2602 qui
235 2551 316 2591 huc
334 2560 551 2605 penetrare
573 2569 656 2595 non
676 2563 832 2608 potest,
860 2555 1191 2609 quandoquidem
1213 2567 1344 2605 neque
1364 2552 1432 2592 hic
1459 2552 1596 2604 aquilo

143 2622 267 2655 totam
284 2645 296 2665 ,
340 2635 444 2669 quae
484 2622 594 2675 apud
631 2637 707 2663 nos
752 2629 813 2662 est
827 2652 839 2674 ,
897 2624 1156 2662 habitabilem
1199 2628 1352 2661 terram
1390 2619 1594 2673 pervadit·

148 2687 214 2724 17.
246 2684 491 2735 Aquilonius
519 2691 627 2724 enim
656 2691 776 2730 flatus
807 2704 883 2729 ceu
910 2691 1173 2729 abterraneus
1198 2696 1279 2725 est.-
1310 2687 1381 2724 sed
1404 2684 1593 2736 quoniam

148 2751 340 2790 habitatio
357 2759 494 2792 nostra
508 2767 651 2793 versus
663 2755 960 2807 septentriones
969 2755 1100 2807 posita
1120 2760 1191 2802 est,
1208 2754 1416 2807 aquilones
1428 2751 1595 2804 plurimi

147 2820 313 2870 spirant.
376 2824 440 2860 18.
468 2822 725 2873 Quamquam
747 2829 788 2861 et
808 2822 914 2874 apud
935 2836 1010 2861 nos
1024 2822 1177 2871 deficit,
1203 2828 1243 2861 et
1263 2823 1384 2873 longe
1404 2818 1595 2871 progredi

151 2899 231 2924 non
256 2893 396 2939 potest.
454 2890 558 2927 Nam
584 2891 627 2929 in
649 2891 750 2930 mari
778 2891 962 2940 australi,
993 2891 1102 2942 quod
1126 2896 1242 2929 extra
1259 2889 1439 2929 Africam
1461 2886 1597 2938 porri-

1143 2962 1169 2998 7
1194 2956 1223 2985 ἐκ
