1820 3158
358 346 447 390 142
513 355 807 395 EXCERPTA
831 354 912 393 EX
934 354 1230 394 ΟΟΜΜΕΝΤ.
1250 356 1436 424 A13Ex„
1462 358 1493 395 I.
1511 357 1651 397 PHIL.

350 462 522 518 ἦρξατο·
563 461 623 503 ὅτι
647 461 721 513 μὲν
749 455 822 501 οὖν
850 458 980 514 ἑαυτῷ
1009 460 1319 514 περιπέπτωκεν,
1364 463 1537 518 ἐναργῶς
1573 465 1735 545 ἐδείχθη
1749 479 1757 488 ·
1778 488 1791 492 »ι

351 529 420 570 διὰ
446 527 601 569 τούτων
630 525 670 566 ‹5‘
703 524 813 578 ὅμως
850 522 925 575 ὡς
942 524 1183 606 ἀρχαιοτέρα
1221 526 1304 567 ἐστὶ
1334 526 1432 576 δόξα
1457 527 1503 568 τὸ
1532 527 1665 584 ἑτέρας
1692 531 1761 572 οὐ-

351 596 440 642 σίας
469 591 567 634 εῗναι
595 595 676 633 τῶν
697 588 777 632 υπὸ
809 588 976 659 σελήνην
1002 590 1073 633 τὸν
1102 591 1285 648 οὐρανόν,
1315 594 1381 635 καὶ
1407 592 1461 641 ὥς
1489 594 1594 635 ἔστιν
1622 594 1759 645 ἀίδιος,

350 660 667 712 συλλογίσασθαι
695 656 896 709 βούλεται.
925 661 1046 699 τοῦτο
1074 657 1150 714 γὰρ
1178 660 1265 714 περὶ
1295 659 1420 701 αὐτοῦ
1450 661 1655 715 φησιν.οἳ
1685 662 1762 716 πρὸ

347 724 462 779 ημῶν
488 722 867 776 ὑπολαμβάνοντες,
905 724 1053 779 αἰθέρα
1081 729 1199 766 τοῦτο
1223 724 1270 766 τὸ
1299 729 1416 779 σῶμα
1443 726 1763 783 προσαγορεύου-

348 807 411 832 σιν
437 791 481 832 ἐκ
505 793 579 832 τοῦ
611 789 670 831 ἀεὶ
699 789 808 832 θέειν
837 792 903 832 καὶ
934 794 1090 832 παῦλαν
1117 795 1188 845 τῆς
1215 791 1404 845 κινήσεως
1440 791 1496 846 μὴ
1536 792 1655 846 ἔχειν,
1698 795 1762 834 καὶ

347 861 461 899 θεῖον
488 855 585 898 εἶναι
615 854 744 905 οὕτως
772 855 895 898 αὗτόν
923 855 1211 910 ὀνομάσαντες·
1257 858 1352 914 ὅπερ
1391 857 1530 900 οὐθενὶ
1569 863 1650 901 τῶν
1685 857 1762 900 ὑπὸ

347 923 514 977 σελήνης
546 921 730 978 ἁρμόζει,
771 922 816 964 τὸ
848 922 908 964 ἀεὶ
937 924 1002 964 καὶ
1032 922 1247 972 ἀπαύστως
1285 928 1498 966 κινεῖσθαι·
1541 924 1689 978 ταύτης
1719 925 1762 966 δὲ

342 988 479 1046 χρόνῳ
510 990 610 1044 φησὶ
637 992 710 1042 τῆς
737 987 857 1042 δόξης
885 988 1200 1044 ἀφανισθείσης,
1230 989 1276 1032 τὸ
1298 989 1425 1044 όνομα
1452 991 1665 1044 μεμένηκεν
1692 990 1756 1031 ἐπ’

345 1055 472 1108 αλλην
502 1055 725 1108 σημασί·αν
762 1054 808 1096 τὸ
839 1055 971 1097 αἶθειν
1000 1053 1077 1097 υπὸ
1106 1060 1186 1097 τῶν
1213 1054 1381 1112 ύστερον
1404 1057 1622 1111 γενομένων
1649 1072 1762 1108 μετε-

345 1121 489 1174 νεχθεν
518 1118 573 1168 ὥς
601 1125 682 1176 πῦρ
710 1120 809 1163 ὄντα
837 1139 909 1175 την
938 1121 1100 1163 οὐσίαν·
1131 1121 1179 1163 οὗ
1207 1122 1281 1177 γὰρ
1310 1122 1436 1175 μόνον
1468 1115 1600 1171 πόλεις
1627 1139 1669 1164 τε
1697 1123 1762 1163 καὶ

346 1186 447 1240 ἔθνη
487 1188 610 1242 φησιν
635 1190 676 1240 *)
723 1187 851 1242 ἅρχας
887 1188 951 1228 καὶ
988 1187 1101 1236 τέλος
1138 1187 1412 1241 λαμβάνωσιν
1451 1187 1506 1237 ὡς
1532 1190 1587 1236 εις
1612 1187 1762 1242 πολλην

346 1252 481 1307 λήθην
519 1252 750 1306 ἀναπεσεῖν,
798 1253 901 1295 ἀλλὰ
938 1254 1003 1294 καὶ
1041 1252 1153 1303 δόξαι
1191 1251 1256 1295 καὶ
1285 1255 1417 1307 τέχναι
1455 1257 1522 1296 καὶ
1551 1255 1763 1308 ἐπιστῆμαι

342 1323 464 1362 τοῦτο
506 1319 751 1372 πάσχουσιν·
801 1317 850 1367 ἃς
879 1320 1086 1372 συμβαίνει
1113 1318 1232 1360 πάλιν
1262 1319 1573 1361 ἀνακυκλεῖσθαι
1600 1324 1657 1376 τῷ
1684 1336 1762 1373 μα-

345 1390 428 1442 κρῷ
453 1386 610 1442 χρόνῳ·
657 1386 722 1427 καὶ
750 1385 825 1440 γὰρ
854 1383 880 1438 ἦ
907 1385 1078 1439 μουσικὴ
1109 1385 1174 1427 καὶ
1202 1384 1226 1439 ἦ
1258 1384 1668 1441 ἃνὸριαντοπλαστικη
1696 1387 1761 1426 καὶ

343 1452 477 1507 ξ’τεραί
501 1468 604 1500 τινες
632 1450 817 1506 εὕρηνται
845 1451 919 1504 μὲν
956 1448 1035 1493 ὑπὸ
1065 1455 1145 1493 τῶν
1174 1451 1252 1507 πρὸ
1281 1450 1418 1506 ἡμῶν,
1465 1451 1762 1506 ἠμβλύνθησαν

345 1518 389 1558 δὲ
417 1521 488 1558 νῦν
513 1521 596 1567 **).
647 1519 713 1558 καὶ
750 1522 808 1574 τῷ
842 1516 979 1573 χρόνῳ
1007 1516 1127 1558 πάλιν
1159 1518 1256 1566 ἴσως
1273 1519 1320 1571 †)
1351 1517 1619 1572 ἀκμάσουσιν·
1660 1517 1762 1565 εῗκὸς

344 1578 416 1625 οὖν
443 1582 518 1631 τὰς
546 1584 633 1638 περὶ
661 1587 742 1625 τῶν
768 1582 1016 1638 πραγμάτων
1050 1582 1168 1632 δόξας
1195 1584 1240 1625 τὸ
1268 1584 1366 1626 αὐτὸ
1390 1583 1576 1637 πάσχειν·
1606 1583 1761 1637 λέγουσι

343 1650 388 1691 δὲ
425 1651 491 1691 καὶ
525 1649 787 1705 Ἀλέξανδρον
826 1650 867 1699 ἐξ
892 1649 1029 1691 Ἰνδῶν
1051 1648 1310 1704 Ἀριστοτέλει
1339 1650 1515 1705 γράψαι,
1547 1645 1610 1697 ,ὥς
1636 1649 1765 1704 ἕτεροί

344 1730 468 1771 φασιν
498 1716 541 1757 ἐκ
561 1717 829 1768 Βαβυλῶνος,
863 1714 919 1764 ὡς
947 1717 1011 1756 καὶ
1039 1716 1077 1757 οἶ
1105 1716 1286 1757 ἐνταῦθα
1314 1717 1434 1771 σοφοὶ
1463 1713 1649 1768 σώματος
1679 1715 1761 1757 ἑτέ-

343 1799 418 1837 ρου
445 1785 569 1837 φασὶν
601 1780 699 1823 εἶναι
725 1781 796 1823 τὸν
825 1780 1011 1837 οὐρανόν.
1061 1786 1181 1823 τοῦτο
1210 1782 1284 1834 μὲν
1314 1776 1385 1823 οὖν
1422 1780 1533 1829 ὅπως
1567 1781 1761 1835 ἀληθείας

343 1849 434 1901 ἔχει,
465 1852 586 1902 λέγειν
617 1848 690 1889 οὐκ
719 1848 816 1900 ἔχω·
847 1846 948 1902 παρ’
976 1846 1140 1901 (Ἑλλησι
1169 1848 1213 1888 δὲ
1241 1851 1360 1888 τοῦτο
1389 1851 1551 1901 φρονῶν
1579 1849 1760 1902 φαίνεται

343 1919 424 1956 τῶν
453 1913 530 1969 πρὸ
553 1913 854 1966 Ἀριστοτέλους
883 1912 1033 1960 οὐδείς·
1065 1911 1284 1954 ὃΠλάτων
1311 1913 1352 1954 ἓν
1378 1917 1435 1968 τῷ
1463 1912 1666 1969 Κρατύλῳ
1676 1912 1759 1966 -Η-)

343 1981 432 2035 περὶ
469 1979 698 2034 ὀρθότητος
736 1978 946 2033 ὀνομάτων
975 1978 1250 2033 διαλεγόμενος
1276 1978 1348 2020 τὸν
1376 1978 1525 2033 αἰθέρα
1552 1978 1662 2033 παρὰ
1684 1982 1758 2020 τοῦ

342 2047 404 2088 ἀεὶ
432 2050 522 2088 θεῒν
551 2045 845 2101 ἦτυμολόγηκε·
882 2048 962 2087 τῶν
988 2044 1065 2100 γὰρ
1093 2044 1194 2098 μετὰ
1222 2043 1292 2086 τὸν
1321 2044 1599 2097 κατακλυσμόν
1635 2058 1758 2099 φησιν

340 2111 661 2168 ὑπολειφθέντας
698 2111 740 2152 ἓν
772 2117 858 2159 τοῖς
894 2109 1170 2165 ὑψηλοτάτοις
1208 2110 1353 2165 διάγειν
1393 2108 1523 2164 ὄρεσι,
1567 2111 1633 2151 καὶ
1661 2109 1758 2158 τέως

340 2177 639 2232 βοσκηματώδη
666 2179 757 2230 βίον
786 2179 877 2231 ζῆν,
908 2178 973 2218 καὶ
996 2178 1085 2232 περὶ
1112 2176 1185 2230 τὴν
1214 2175 1410 2231 συλλογὴν
1440 2176 1758 2228 ἐνασχολεῖσθαι,

342 2247 408 2288 καὶ
435 2244 559 2299 μόνον
587 2247 668 2286 τῶν
696 2247 836 2299 σοφῶν
865 2244 930 2285 καὶ
957 2247 1038 2286 τῶν
1066 2242 1199 2286 ἄλλων
1226 2245 1306 2284 τῶν
1331 2241 1435 2298 πρὸς
1460 2241 1508 2284 τὸ
1541 2243 1608 2295 ζῆν
1638 2240 1758 2296 ἀναγ-

386 2400 422 2445 *)
449 2401 523 2436 Cfr.
546 2402 582 2443 1,
608 2400 662 2433 14.

386 2467 439 2510 **)
466 2466 626 2512 Vestigia
648 2466 843 2500 sententiae
862 2467 904 2500 ab
919 2464 1090 2499 illustriss.
1116 2465 1145 2498 B
1158 2464 1274 2508 ailly
1294 2462 1504 2508 propositae.
1551 2463 1697 2495 Histoire
1714 2462 1755 2494 de

433 2523 630 2556 l'astronom.
649 2525 802 2556 ancienne
837 2521 948 2563 (Paris
973 2521 1072 2556 1775.
1100 2519 1151 2562 4.)
1173 2531 1209 2563 p.
1233 2522 1298 2554 323
1323 2531 1374 2563 sq.

387 2599 425 2643 †)
456 2600 540 2633 ἴσως
565 2611 679 2643 aeque.
727 2598 800 2633 cfr.
835 2599 858 2633 S
871 2601 922 2633 ch
935 2610 986 2640 ae
997 2599 1072 2631 fer
1105 2599 1149 2631 ad
1178 2596 1333 2630 Aristo
1344 2596 1465 2638 phau.
1501 2597 1588 2627 Plut·
1617 2605 1652 2637 p.
1676 2594 1753 2629 502.

434 2657 478 2688 ad
501 2654 764 2700 Theognid.
790 2654 868 2689 224.
912 2653 1158 2688 Heindorf.
1188 2653 1231 2685 ad
1257 2652 1436 2684 Platon.
1469 2650 1568 2690 Gorg.
1611 2661 1642 2692 p.
1673 2652 1752 2683 230.

433 2711 554 2754 Neque
576 2709 684 2743 Aris
693 2716 708 2743 t
717 2721 738 2744 o
747 2715 788 2744 te
797 2710 830 2744 li
849 2720 991 2753 prorsus
1008 2709 1174 2755 ignotum.
1200 2706 1274 2741 cfr.
1286 2707 1388 2740 Ethio.
1408 2706 1596 2740 Nicomach.
1613 2707 1659 2749 ΙΙ,
1672 2707 1706 2749 6,
1719 2707 1752 2740 6.

385 2775 456 2818 ††)
489 2787 525 2818 p.
549 2775 629 2818 410,
657 2778 692 2809 b.
