<?xml version="1.0" encoding="UTF-8"?>
<!DOCTYPE html PUBLIC "-//W3C//DTD XHTML 1.0 Transitional//EN"
    "http://www.w3.org/TR/xhtml1/DTD/xhtml1-transitional.dtd">
<html xmlns="http://www.w3.org/1999/xhtml" xml:lang="en" lang="en">
 <head>
  <title>
</title>
<meta http-equiv="Content-Type" content="text/html;charset=utf-8" />
  <meta name='ocr-system' content='tesseract 3.04.00' />
  <meta name='ocr-capabilities' content='ocr_page ocr_carea ocr_par ocr_line ocrx_word'/>
</head>
<body>
  <div class='ocr_page' id='page_1' title='image "./meteorologicorum01arisuoft_0408.png"; bbox 0 0 1812 3158; ppageno 0'>
   <div class='ocr_carea' id='block_1_1' title="bbox 5 233 17 887">
    <p class='ocr_par' dir='ltr' id='par_1_1' title="bbox 5 233 17 887">
     <span class='ocr_line' id='line_1_1' title="bbox 5 233 17 887; baseline 0 0"><span class='ocrx_word' id='word_1_1' title='bbox 5 233 17 887; x_wconf 95' lang='lat' dir='ltr'><strong> </strong></span> 
     </span>
    </p>
   </div>
   <div class='ocr_carea' id='block_1_2' title="bbox 0 0 44 1289">
    <p class='ocr_par' dir='ltr' id='par_1_2' title="bbox 0 0 44 1289">
     <span class='ocr_line' id='line_1_2' title="bbox 0 0 44 1289; baseline 0 0"><span class='ocrx_word' id='word_1_2' title='bbox 0 0 44 1289; x_wconf 95' lang='lat' dir='ltr'><strong> </strong></span> 
     </span>
    </p>
   </div>
   <div class='ocr_carea' id='block_1_3' title="bbox 359 306 1536 361">
    <p class='ocr_par' dir='ltr' id='par_1_3' title="bbox 359 306 1536 361">
     <span class='ocr_line' id='line_1_3' title="bbox 359 306 1536 361; baseline 0.009 -11"><span class='ocrx_word' id='word_1_3' title='bbox 359 306 451 351; x_wconf 82' lang='lat'><strong>368</strong></span> <span class='ocrx_word' id='word_1_4' title='bbox 574 315 1018 356; x_wconf 82' lang='lat' dir='ltr'><strong>COMMENTARIUS</strong></span> <span class='ocrx_word' id='word_1_5' title='bbox 1045 317 1105 357; x_wconf 92' lang='lat' dir='ltr'><strong>IN</strong></span> <span class='ocrx_word' id='word_1_6' title='bbox 1135 317 1536 361; x_wconf 86' lang='lat' dir='ltr'><strong>METEOROLOG.</strong></span> 
     </span>
    </p>
   </div>
   <div class='ocr_carea' id='block_1_4' title="bbox 354 426 1770 2666">
    <p class='ocr_par' dir='ltr' id='par_1_4' title="bbox 356 426 1768 944">
     <span class='ocr_line' id='line_1_4' title="bbox 359 426 1763 479; baseline 0.004 -13"><span class='ocrx_word' id='word_1_7' title='bbox 359 427 506 479; x_wconf 81' lang='lat' dir='ltr'><strong>differt</strong></span> <span class='ocrx_word' id='word_1_8' title='bbox 524 428 653 478; x_wconf 77' lang='lat' dir='ltr'><strong>igitur</strong></span> <span class='ocrx_word' id='word_1_9' title='bbox 681 432 721 464; x_wconf 89' lang='lat' dir='ltr'><strong>et</strong></span> <span class='ocrx_word' id='word_1_10' title='bbox 740 426 783 463; x_wconf 88' lang='lat' dir='ltr'><strong>in</strong></span> <span class='ocrx_word' id='word_1_11' title='bbox 798 426 973 476; x_wconf 83' lang='lat' dir='ltr'>margine</span> <span class='ocrx_word' id='word_1_12' title='bbox 998 433 1179 466; x_wconf 82' lang='lat' dir='ltr'><strong>enotane:</strong></span> <span class='ocrx_word' id='word_1_13' title='bbox 1211 440 1253 466; x_wconf 84' lang='lat' dir='ltr'><strong>a.</strong></span> <span class='ocrx_word' id='word_1_14' title='bbox 1272 429 1299 467; x_wconf 78' lang='lat' dir='ltr'><strong>l.</strong></span> <span class='ocrx_word' id='word_1_15' title='bbox 1325 431 1471 476; x_wconf 64' lang='lat' dir='ltr'><strong>autemf</strong></span> <span class='ocrx_word' id='word_1_16' title='bbox 1488 432 1588 470; x_wconf 85' lang='lat' dir='ltr'><strong>iam.</strong></span> <span class='ocrx_word' id='word_1_17' title='bbox 1617 454 1672 462; x_wconf 90' lang='lat'>—</span> <span class='ocrx_word' id='word_1_18' title='bbox 1699 429 1763 472; x_wconf 75' lang='grc' dir='ltr'><strong>ἔκ-</strong></span> 
     </span>
     <span class='ocr_line' id='line_1_5' title="bbox 359 489 1761 548; baseline 0.002 -15"><span class='ocrx_word' id='word_1_19' title='bbox 359 493 520 540; x_wconf 79' lang='grc' dir='ltr'><em>καιέται,</em></span> <span class='ocrx_word' id='word_1_20' title='bbox 538 489 792 542; x_wconf 76' lang='grc' dir='ltr'><strong><em>ἐκκαιομένης</em></strong></span> <span class='ocrx_word' id='word_1_21' title='bbox 807 498 847 530; x_wconf 87' lang='lat' dir='ltr'><strong>et</strong></span> <span class='ocrx_word' id='word_1_22' title='bbox 862 492 916 530; x_wconf 86' lang='lat' dir='ltr'><strong>ita</strong></span> <span class='ocrx_word' id='word_1_23' title='bbox 932 506 1004 543; x_wconf 87' lang='lat' dir='ltr'><strong>per</strong></span> <span class='ocrx_word' id='word_1_24' title='bbox 1020 499 1148 531; x_wconf 88' lang='lat' dir='ltr'><strong>totum</strong></span> <span class='ocrx_word' id='word_1_25' title='bbox 1167 495 1252 533; x_wconf 88' lang='lat' dir='ltr'><strong>fere</strong></span> <span class='ocrx_word' id='word_1_26' title='bbox 1273 502 1390 546; x_wconf 85' lang='lat' dir='ltr'><strong>caput</strong></span> <span class='ocrx_word' id='word_1_27' title='bbox 1418 494 1511 547; x_wconf 89' lang='lat' dir='ltr'><strong>(nisi</strong></span> <span class='ocrx_word' id='word_1_28' title='bbox 1531 498 1638 548; x_wconf 87' lang='lat' dir='ltr'><strong>quod</strong></span> <span class='ocrx_word' id='word_1_29' title='bbox 1661 498 1761 548; x_wconf 87' lang='lat'><strong>§.11</strong></span> 
     </span>
     <span class='ocr_line' id='line_1_6' title="bbox 358 555 1764 610; baseline 0.004 -13"><span class='ocrx_word' id='word_1_30' title='bbox 358 560 520 597; x_wconf 80' lang='lat' dir='ltr'><strong>exhibet</strong></span> <span class='ocrx_word' id='word_1_31' title='bbox 539 555 802 609; x_wconf 73' lang='grc' dir='ltr'><em>ἐκκαομένης)</em></span> <span class='ocrx_word' id='word_1_32' title='bbox 831 558 1087 597; x_wconf 83' lang='lat' dir='ltr'><strong>Bekkerus</strong></span> <span class='ocrx_word' id='word_1_33' title='bbox 1117 573 1233 610; x_wconf 89' lang='lat' dir='ltr'><strong>quam</strong></span> <span class='ocrx_word' id='word_1_34' title='bbox 1260 560 1559 600; x_wconf 83' lang='lat' dir='ltr'><strong>inconstantiam</strong></span> <span class='ocrx_word' id='word_1_35' title='bbox 1585 563 1764 602; x_wconf 84' lang='lat' dir='ltr'><strong>codicum</strong></span> 
     </span>
     <span class='ocr_line' id='line_1_7' title="bbox 357 624 1766 678; baseline 0.003 -14"><span class='ocrx_word' id='word_1_36' title='bbox 357 626 607 673; x_wconf 82' lang='lat' dir='ltr'><strong>auctoritate,</strong></span> <span class='ocrx_word' id='word_1_37' title='bbox 637 625 705 674; x_wconf 86' lang='lat' dir='ltr'><strong>qui</strong></span> <span class='ocrx_word' id='word_1_38' title='bbox 727 624 871 662; x_wconf 81' lang='lat' dir='ltr'><strong>nullius</strong></span> <span class='ocrx_word' id='word_1_39' title='bbox 896 624 966 662; x_wconf 85' lang='lat' dir='ltr'><strong>hae</strong></span> <span class='ocrx_word' id='word_1_40' title='bbox 992 625 1033 662; x_wconf 89' lang='lat' dir='ltr'><strong>in</strong></span> <span class='ocrx_word' id='word_1_41' title='bbox 1052 639 1098 663; x_wconf 90' lang='lat' dir='ltr'><strong>re</strong></span> <span class='ocrx_word' id='word_1_42' title='bbox 1116 632 1207 664; x_wconf 85' lang='lat' dir='ltr'><strong>sunt</strong></span> <span class='ocrx_word' id='word_1_43' title='bbox 1220 627 1429 678; x_wconf 84' lang='lat' dir='ltr'><strong>ponderis,</strong></span> <span class='ocrx_word' id='word_1_44' title='bbox 1459 628 1674 668; x_wconf 85' lang='lat' dir='ltr'><strong>defendere</strong></span> <span class='ocrx_word' id='word_1_45' title='bbox 1692 644 1766 668; x_wconf 84' lang='lat' dir='ltr'><strong>ne·</strong></span> 
     </span>
     <span class='ocr_line' id='line_1_8' title="bbox 357 686 1768 746; baseline 0.004 -17"><span class='ocrx_word' id='word_1_46' title='bbox 357 693 452 743; x_wconf 83' lang='lat' dir='ltr'><strong>quit.</strong></span> <span class='ocrx_word' id='word_1_47' title='bbox 479 712 535 718; x_wconf 86' lang='lat'><strong>--</strong></span> <span class='ocrx_word' id='word_1_48' title='bbox 571 687 595 741; x_wconf 82' lang='grc' dir='ltr'>ἢ</span> <span class='ocrx_word' id='word_1_49' title='bbox 617 686 663 728; x_wconf 87' lang='grc' dir='ltr'><strong>τό</strong></span> <span class='ocrx_word' id='word_1_50' title='bbox 683 691 858 729; x_wconf 82' lang='lat' dir='ltr'><strong>correxit</strong></span> <span class='ocrx_word' id='word_1_51' title='bbox 875 692 919 729; x_wconf 92' lang='lat' dir='ltr'><strong>E.</strong></span> <span class='ocrx_word' id='word_1_52' title='bbox 948 692 1109 742; x_wconf 73' lang='grc' dir='ltr'><em>πλῆθος</em></span> <span class='ocrx_word' id='word_1_53' title='bbox 1134 689 1256 731; x_wconf 82' lang='grc' dir='ltr'><em>αὐτοῦ</em></span> <span class='ocrx_word' id='word_1_54' title='bbox 1285 696 1332 732; x_wconf 86' lang='lat' dir='ltr'><strong>F.</strong></span> <span class='ocrx_word' id='word_1_55' title='bbox 1372 690 1397 744; x_wconf 75' lang='grc' dir='ltr'>ἢ</span> <span class='ocrx_word' id='word_1_56' title='bbox 1418 691 1520 733; x_wconf 77' lang='grc' dir='ltr'><em>κατὰ</em></span> <span class='ocrx_word' id='word_1_57' title='bbox 1538 691 1583 733; x_wconf 83' lang='grc' dir='ltr'><strong>τὸ</strong></span> <span class='ocrx_word' id='word_1_58' title='bbox 1607 696 1768 746; x_wconf 73' lang='grc' dir='ltr'><em>πλῆθος</em></span> 
     </span>
     <span class='ocr_line' id='line_1_9' title="bbox 359 746 1765 809; baseline 0.003 -13"><span class='ocrx_word' id='word_1_59' title='bbox 359 755 484 796; x_wconf 77' lang='grc' dir='ltr'><em>αὐτοῦ</em></span> <span class='ocrx_word' id='word_1_60' title='bbox 502 759 608 796; x_wconf 85' lang='lat' dir='ltr'><strong>Cam.</strong></span> <span class='ocrx_word' id='word_1_61' title='bbox 628 746 707 809; x_wconf 46' lang='grc' dir='ltr'><strong>’ᾗ</strong></span> <span class='ocrx_word' id='word_1_62' title='bbox 730 758 815 796; x_wconf 85' lang='lat' dir='ltr'><strong>Cas.</strong></span> <span class='ocrx_word' id='word_1_63' title='bbox 870 758 1026 796; x_wconf 83' lang='lat' dir='ltr'><strong>Deinde</strong></span> <span class='ocrx_word' id='word_1_64' title='bbox 1044 754 1113 797; x_wconf 69' lang='grc' dir='ltr'><strong>ἐὰν</strong></span> <span class='ocrx_word' id='word_1_65' title='bbox 1141 773 1215 809; x_wconf 84' lang='lat' dir='ltr'><strong>pro</strong></span> <span class='ocrx_word' id='word_1_66' title='bbox 1235 755 1283 798; x_wconf 74' lang='grc' dir='ltr'><strong>ἂν</strong></span> <span class='ocrx_word' id='word_1_67' title='bbox 1304 762 1349 799; x_wconf 93' lang='lat' dir='ltr'><strong>F.</strong></span> <span class='ocrx_word' id='word_1_68' title='bbox 1367 761 1419 798; x_wconf 95' lang='lat' dir='ltr'><strong>H.</strong></span> <span class='ocrx_word' id='word_1_69' title='bbox 1436 762 1488 800; x_wconf 89' lang='lat' dir='ltr'><strong>N.</strong></span> <span class='ocrx_word' id='word_1_70' title='bbox 1515 782 1571 788; x_wconf 94' lang='lat'>—</span> <span class='ocrx_word' id='word_1_71' title='bbox 1598 758 1700 799; x_wconf 83' lang='grc' dir='ltr'><em>κατὰ</em></span> <span class='ocrx_word' id='word_1_72' title='bbox 1718 758 1765 800; x_wconf 83' lang='grc' dir='ltr'><strong>τὸ</strong></span> 
     </span>
     <span class='ocr_line' id='line_1_10' title="bbox 356 820 1767 882; baseline 0.002 -20"><span class='ocrx_word' id='word_1_73' title='bbox 356 825 486 875; x_wconf 85' lang='grc' dir='ltr'><em>μῆκος</em></span> <span class='ocrx_word' id='word_1_74' title='bbox 512 820 637 874; x_wconf 83' lang='grc' dir='ltr'><em>μόνον</em></span> <span class='ocrx_word' id='word_1_75' title='bbox 664 823 798 861; x_wconf 88' lang='lat' dir='ltr'><strong>addito</strong></span> <span class='ocrx_word' id='word_1_76' title='bbox 817 824 981 862; x_wconf 89' lang='lat' dir='ltr'><strong>articulo</strong></span> <span class='ocrx_word' id='word_1_77' title='bbox 1004 826 1054 863; x_wconf 91' lang='lat' dir='ltr'><strong>N.</strong></span> <span class='ocrx_word' id='word_1_78' title='bbox 1109 827 1188 864; x_wconf 90' lang='lat' dir='ltr'><strong>Pro</strong></span> <span class='ocrx_word' id='word_1_79' title='bbox 1209 822 1364 882; x_wconf 70' lang='grc' dir='ltr'><em>ἀροῦρα</em></span> <span class='ocrx_word' id='word_1_80' title='bbox 1393 827 1443 866; x_wconf 94' lang='lat' dir='ltr'><strong>A.</strong></span> <span class='ocrx_word' id='word_1_81' title='bbox 1474 826 1639 878; x_wconf 87' lang='lat' dir='ltr'><strong>(legitur</strong></span> <span class='ocrx_word' id='word_1_82' title='bbox 1660 828 1767 866; x_wconf 88' lang='lat' dir='ltr'><strong>enim</strong></span> 
     </span>
     <span class='ocr_line' id='line_1_11' title="bbox 358 886 1207 944; baseline 0.001 -15"><span class='ocrx_word' id='word_1_83' title='bbox 358 886 552 943; x_wconf 78' lang='grc' dir='ltr'><strong>ἀροὺρ”.)</strong></span> <span class='ocrx_word' id='word_1_84' title='bbox 583 891 653 928; x_wconf 88' lang='lat' dir='ltr'><strong>Er.</strong></span> <span class='ocrx_word' id='word_1_85' title='bbox 671 891 777 929; x_wconf 90' lang='lat' dir='ltr'><strong>Cam.</strong></span> <span class='ocrx_word' id='word_1_86' title='bbox 797 890 985 929; x_wconf 85' lang='lat' dir='ltr'><strong>exhibent</strong></span> <span class='ocrx_word' id='word_1_87' title='bbox 1004 886 1207 944; x_wconf 79' lang='grc' dir='ltr'><em>ἀρούραις.</em></span> 
     </span>
    </p>

    <p class='ocr_par' dir='ltr' id='par_1_5' title="bbox 354 949 1770 2666">
     <span class='ocr_line' id='line_1_12' title="bbox 471 949 1766 1011; baseline 0.003 -18"><span class='ocrx_word' id='word_1_88' title='bbox 471 959 507 995; x_wconf 91' lang='grc'><strong>6.</strong></span> <span class='ocrx_word' id='word_1_89' title='bbox 536 952 605 994; x_wconf 74' lang='grc' dir='ltr'><strong>ἐὰν</strong></span> <span class='ocrx_word' id='word_1_90' title='bbox 631 954 705 1005; x_wconf 72' lang='grc' dir='ltr'><strong>μὲν</strong></span> <span class='ocrx_word' id='word_1_91' title='bbox 734 949 804 995; x_wconf 81' lang='grc' dir='ltr'><strong>οὗν</strong></span> <span class='ocrx_word' id='word_1_92' title='bbox 831 970 906 1008; x_wconf 91' lang='lat' dir='ltr'><strong>pro</strong></span> <span class='ocrx_word' id='word_1_93' title='bbox 935 955 999 996; x_wconf 82' lang='grc' dir='ltr'><strong>καὶ</strong></span> <span class='ocrx_word' id='word_1_94' title='bbox 1031 954 1100 996; x_wconf 74' lang='grc' dir='ltr'><strong>ἐὰν</strong></span> <span class='ocrx_word' id='word_1_95' title='bbox 1127 955 1199 1008; x_wconf 80' lang='grc' dir='ltr'><strong>μέν</strong></span> <span class='ocrx_word' id='word_1_96' title='bbox 1227 958 1279 997; x_wconf 88' lang='grc' dir='ltr'><strong>Ν.</strong></span> <span class='ocrx_word' id='word_1_97' title='bbox 1307 959 1479 998; x_wconf 78' lang='grc' dir='ltr'><em>πλεῖον</em></span> <span class='ocrx_word' id='word_1_98' title='bbox 1507 961 1698 1011; x_wconf 86' lang='lat' dir='ltr'><strong>praebent</strong></span> <span class='ocrx_word' id='word_1_99' title='bbox 1722 963 1766 999; x_wconf 90' lang='lat' dir='ltr'><strong>F.</strong></span> 
     </span>
     <span class='ocr_line' id='line_1_13' title="bbox 356 1023 1768 1078; baseline 0.003 -17"><span class='ocrx_word' id='word_1_100' title='bbox 356 1024 409 1061; x_wconf 93' lang='lat' dir='ltr'><strong>H.</strong></span> <span class='ocrx_word' id='word_1_101' title='bbox 429 1024 481 1061; x_wconf 91' lang='lat' dir='ltr'><strong>N.</strong></span> <span class='ocrx_word' id='word_1_102' title='bbox 513 1036 594 1060; x_wconf 86' lang='lat' dir='ltr'><strong>non</strong></span> <span class='ocrx_word' id='word_1_103' title='bbox 616 1023 760 1073; x_wconf 87' lang='lat' dir='ltr'><strong>inepte.</strong></span> <span class='ocrx_word' id='word_1_104' title='bbox 789 1023 862 1062; x_wconf 76' lang='lat' dir='ltr'><strong>cfr.</strong></span> <span class='ocrx_word' id='word_1_105' title='bbox 882 1025 1150 1062; x_wconf 81' lang='lat' dir='ltr'><strong>Buttmann</strong></span> <span class='ocrx_word' id='word_1_106' title='bbox 1181 1026 1251 1062; x_wconf 87' lang='lat' dir='ltr'><strong>Gr.</strong></span> <span class='ocrx_word' id='word_1_107' title='bbox 1270 1039 1333 1076; x_wconf 81' lang='lat' dir='ltr'><strong>gr.</strong></span> <span class='ocrx_word' id='word_1_108' title='bbox 1350 1039 1462 1065; x_wconf 84' lang='lat' dir='ltr'><strong>max.</strong></span> <span class='ocrx_word' id='word_1_109' title='bbox 1491 1030 1525 1073; x_wconf 56' lang='grc' dir='ltr'><strong>ς.</strong></span> <span class='ocrx_word' id='word_1_110' title='bbox 1541 1030 1605 1065; x_wconf 84' lang='grc'><strong>68.</strong></span> <span class='ocrx_word' id='word_1_111' title='bbox 1626 1041 1663 1078; x_wconf 89' lang='lat' dir='ltr'><strong>p.</strong></span> <span class='ocrx_word' id='word_1_112' title='bbox 1675 1027 1768 1066; x_wconf 84' lang='lat'><strong>274.</strong></span> 
     </span>
     <span class='ocr_line' id='line_1_14' title="bbox 356 1082 1768 1143; baseline 0.004 -16"><span class='ocrx_word' id='word_1_113' title='bbox 356 1082 525 1141; x_wconf 87' lang='lat' dir='ltr'><strong>Poppo</strong></span> <span class='ocrx_word' id='word_1_114' title='bbox 556 1089 604 1126; x_wconf 86' lang='lat' dir='ltr'><strong>de</strong></span> <span class='ocrx_word' id='word_1_115' title='bbox 634 1089 778 1127; x_wconf 79' lang='lat' dir='ltr'><strong>elocut.</strong></span> <span class='ocrx_word' id='word_1_116' title='bbox 811 1089 991 1140; x_wconf 77' lang='lat' dir='ltr'><strong>Thucyd.</strong></span> <span class='ocrx_word' id='word_1_117' title='bbox 1029 1104 1069 1140; x_wconf 90' lang='lat' dir='ltr'><strong>p.</strong></span> <span class='ocrx_word' id='word_1_118' title='bbox 1096 1094 1189 1129; x_wconf 87' lang='lat'><strong>223.</strong></span> <span class='ocrx_word' id='word_1_119' title='bbox 1217 1113 1274 1120; x_wconf 86' lang='lat'><strong>——</strong></span> <span class='ocrx_word' id='word_1_120' title='bbox 1308 1093 1388 1130; x_wconf 86' lang='lat' dir='ltr'><strong>Pro</strong></span> <span class='ocrx_word' id='word_1_121' title='bbox 1415 1087 1440 1143; x_wconf 77' lang='grc' dir='ltr'>ἢ</span> <span class='ocrx_word' id='word_1_122' title='bbox 1469 1090 1514 1132; x_wconf 82' lang='grc' dir='ltr'><strong>τὸ</strong></span> <span class='ocrx_word' id='word_1_123' title='bbox 1543 1090 1695 1139; x_wconf 82' lang='grc' dir='ltr'><em>πλάτος</em></span> <span class='ocrx_word' id='word_1_124' title='bbox 1721 1094 1768 1132; x_wconf 90' lang='grc' dir='ltr'><strong>Ε.</strong></span> 
     </span>
     <span class='ocr_line' id='line_1_15' title="bbox 356 1151 1767 1206; baseline 0.004 -13"><span class='ocrx_word' id='word_1_125' title='bbox 356 1154 422 1194; x_wconf 86' lang='grc' dir='ltr'><strong>καὶ</strong></span> <span class='ocrx_word' id='word_1_126' title='bbox 449 1151 496 1194; x_wconf 85' lang='grc' dir='ltr'><strong>τὸ</strong></span> <span class='ocrx_word' id='word_1_127' title='bbox 525 1151 689 1201; x_wconf 82' lang='grc' dir='ltr'><em>πλάτος.</em></span> <span class='ocrx_word' id='word_1_128' title='bbox 720 1155 769 1193; x_wconf 90' lang='lat' dir='ltr'><strong>A.</strong></span> <span class='ocrx_word' id='word_1_129' title='bbox 791 1156 897 1194; x_wconf 91' lang='lat' dir='ltr'><strong>Cam.</strong></span> <span class='ocrx_word' id='word_1_130' title='bbox 918 1157 989 1194; x_wconf 89' lang='lat' dir='ltr'><strong>Er.</strong></span> <span class='ocrx_word' id='word_1_131' title='bbox 1018 1152 1164 1206; x_wconf 81' lang='grc' dir='ltr'><em>ἢκατὰ</em></span> <span class='ocrx_word' id='word_1_132' title='bbox 1194 1153 1240 1195; x_wconf 88' lang='grc' dir='ltr'><strong>τὸ</strong></span> <span class='ocrx_word' id='word_1_133' title='bbox 1273 1155 1436 1204; x_wconf 84' lang='grc' dir='ltr'><em>πλάτος.</em></span> <span class='ocrx_word' id='word_1_134' title='bbox 1496 1161 1575 1198; x_wconf 88' lang='lat' dir='ltr'><strong>Pro</strong></span> <span class='ocrx_word' id='word_1_135' title='bbox 1604 1154 1689 1198; x_wconf 79' lang='grc' dir='ltr'><em>οἷον</em></span> <span class='ocrx_word' id='word_1_136' title='bbox 1715 1160 1767 1198; x_wconf 88' lang='lat' dir='ltr'><strong>N.</strong></span> 
     </span>
     <span class='ocr_line' id='line_1_16' title="bbox 355 1215 1767 1277; baseline 0.001 -17"><span class='ocrx_word' id='word_1_137' title='bbox 355 1221 475 1260; x_wconf 85' lang='lat' dir='ltr'><strong>habet</strong></span> <span class='ocrx_word' id='word_1_138' title='bbox 493 1215 575 1261; x_wconf 78' lang='grc' dir='ltr'><strong>οὗν.</strong></span> <span class='ocrx_word' id='word_1_139' title='bbox 592 1245 648 1251; x_wconf 93' lang='grc'>-</span> <span class='ocrx_word' id='word_1_140' title='bbox 677 1218 702 1260; x_wconf 81' lang='grc' dir='ltr'>ἀ</span> <span class='ocrx_word' id='word_1_141' title='bbox 715 1237 741 1260; x_wconf 88' lang='grc' dir='ltr'><em>π</em></span> <span class='ocrx_word' id='word_1_142' title='bbox 753 1235 772 1261; x_wconf 94' lang='grc' dir='ltr'><em>ο</em></span> <span class='ocrx_word' id='word_1_143' title='bbox 785 1233 844 1260; x_wconf 91' lang='grc' dir='ltr'><em>σπ</em></span> <span class='ocrx_word' id='word_1_144' title='bbox 856 1222 973 1273; x_wconf 71' lang='grc' dir='ltr'><em>ινθη</em></span> <span class='ocrx_word' id='word_1_145' title='bbox 985 1236 1007 1274; x_wconf 94' lang='grc' dir='ltr'><em>ρ</em></span> <span class='ocrx_word' id='word_1_146' title='bbox 1018 1219 1136 1269; x_wconf 80' lang='grc' dir='ltr'><em>ι’ζειν</em></span> <span class='ocrx_word' id='word_1_147' title='bbox 1159 1222 1187 1260; x_wconf 90' lang='lat' dir='ltr'><strong>i.</strong></span> <span class='ocrx_word' id='word_1_148' title='bbox 1200 1236 1235 1261; x_wconf 88' lang='lat' dir='ltr'><strong>e.</strong></span> <span class='ocrx_word' id='word_1_149' title='bbox 1252 1225 1480 1274; x_wconf 74' lang='grc' dir='ltr'><em>σπινθῆρας</em></span> <span class='ocrx_word' id='word_1_150' title='bbox 1498 1221 1767 1277; x_wconf 79' lang='grc' dir='ltr'><em>ἀπορρίπτειν,</em></span> 
     </span>
     <span class='ocr_line' id='line_1_17' title="bbox 354 1287 1767 1340; baseline 0.002 -15"><span class='ocrx_word' id='word_1_151' title='bbox 354 1294 400 1326; x_wconf 92' lang='lat' dir='ltr'><strong>ut</strong></span> <span class='ocrx_word' id='word_1_152' title='bbox 428 1288 602 1339; x_wconf 89' lang='lat' dir='ltr'><strong>loquitur</strong></span> <span class='ocrx_word' id='word_1_153' title='bbox 629 1288 893 1327; x_wconf 84' lang='lat' dir='ltr'><strong>Diodorus</strong></span> <span class='ocrx_word' id='word_1_154' title='bbox 922 1288 1132 1326; x_wconf 84' lang='lat' dir='ltr'><strong>Siculus</strong></span> <span class='ocrx_word' id='word_1_155' title='bbox 1158 1289 1236 1337; x_wconf 89' lang='grc' dir='ltr'><strong>ΙΠ,</strong></span> <span class='ocrx_word' id='word_1_156' title='bbox 1270 1288 1338 1327; x_wconf 85' lang='grc'><strong>48.</strong></span> <span class='ocrx_word' id='word_1_157' title='bbox 1374 1303 1412 1340; x_wconf 90' lang='lat' dir='ltr'><strong>p.</strong></span> <span class='ocrx_word' id='word_1_158' title='bbox 1433 1294 1527 1329; x_wconf 89' lang='lat'><strong>216.</strong></span> <span class='ocrx_word' id='word_1_159' title='bbox 1571 1287 1674 1340; x_wconf 79' lang='grc' dir='ltr'><strong>ἅμα</strong></span> <span class='ocrx_word' id='word_1_160' title='bbox 1714 1288 1767 1328; x_wconf 76' lang='grc' dir='ltr'><strong>δὲ</strong></span> 
     </span>
     <span class='ocr_line' id='line_1_18' title="bbox 356 1351 1767 1406; baseline -0.001 -13"><span class='ocrx_word' id='word_1_161' title='bbox 356 1351 600 1405; x_wconf 82' lang='grc' dir='ltr'><em>καόμενον</em></span> <span class='ocrx_word' id='word_1_162' title='bbox 618 1356 666 1393; x_wconf 90' lang='grc' dir='ltr'><strong>Ε.</strong></span> <span class='ocrx_word' id='word_1_163' title='bbox 689 1354 796 1393; x_wconf 85' lang='lat' dir='ltr'><strong>Cam.</strong></span> <span class='ocrx_word' id='word_1_164' title='bbox 817 1356 886 1393; x_wconf 88' lang='lat' dir='ltr'><strong>Er.</strong></span> <span class='ocrx_word' id='word_1_165' title='bbox 912 1361 1075 1406; x_wconf 81' lang='lat' dir='ltr'><strong>praeter</strong></span> <span class='ocrx_word' id='word_1_166' title='bbox 1097 1368 1261 1400; x_wconf 88' lang='lat' dir='ltr'><strong>morem,</strong></span> <span class='ocrx_word' id='word_1_167' title='bbox 1277 1363 1323 1392; x_wconf 79' lang='lat' dir='ltr'><strong>ut</strong></span> <span class='ocrx_word' id='word_1_168' title='bbox 1339 1369 1430 1393; x_wconf 80' lang='lat' dir='ltr'><strong>cum</strong></span> <span class='ocrx_word' id='word_1_169' title='bbox 1450 1356 1617 1394; x_wconf 80' lang='lat' dir='ltr'><strong>aliunde</strong></span> <span class='ocrx_word' id='word_1_170' title='bbox 1632 1363 1767 1406; x_wconf 82' lang='lat' dir='ltr'><strong>patet,</strong></span> 
     </span>
     <span class='ocr_line' id='line_1_19' title="bbox 357 1419 1766 1473; baseline -0.001 -15"><span class='ocrx_word' id='word_1_171' title='bbox 357 1428 440 1459; x_wconf 82' lang='lat' dir='ltr'><strong>tum</strong></span> <span class='ocrx_word' id='word_1_172' title='bbox 468 1435 516 1458; x_wconf 82' lang='lat' dir='ltr'><strong>ex</strong></span> <span class='ocrx_word' id='word_1_173' title='bbox 541 1423 629 1459; x_wconf 82' lang='lat' dir='ltr'><em>loco</em></span> <span class='ocrx_word' id='word_1_174' title='bbox 660 1420 716 1458; x_wconf 83' lang='lat' dir='ltr'><strong>de</strong></span> <span class='ocrx_word' id='word_1_175' title='bbox 742 1427 973 1471; x_wconf 78' lang='lat' dir='ltr'><strong>generat.</strong></span> <span class='ocrx_word' id='word_1_176' title='bbox 1008 1426 1054 1456; x_wconf 77' lang='lat' dir='ltr'><strong>et</strong></span> <span class='ocrx_word' id='word_1_177' title='bbox 1083 1420 1313 1457; x_wconf 78' lang='lat' dir='ltr'><strong>interitu</strong></span> <span class='ocrx_word' id='word_1_178' title='bbox 1338 1423 1370 1470; x_wconf 87' lang='lat' dir='ltr'><strong>I,</strong></span> <span class='ocrx_word' id='word_1_179' title='bbox 1396 1425 1420 1460; x_wconf 91' lang='lat'><strong>7</strong></span> <span class='ocrx_word' id='word_1_180' title='bbox 1452 1419 1510 1473; x_wconf 87' lang='lat' dir='ltr'><strong>(p.</strong></span> <span class='ocrx_word' id='word_1_181' title='bbox 1525 1423 1616 1470; x_wconf 82' lang='lat'><strong>324,</strong></span> <span class='ocrx_word' id='word_1_182' title='bbox 1638 1423 1675 1460; x_wconf 93' lang='lat' dir='ltr'><strong>b.</strong></span> <span class='ocrx_word' id='word_1_183' title='bbox 1707 1422 1766 1460; x_wconf 88' lang='lat' dir='ltr'><strong>ed.</strong></span> 
     </span>
     <span class='ocr_line' id='line_1_20' title="bbox 355 1480 1766 1539; baseline 0.001 -14"><span class='ocrx_word' id='word_1_184' title='bbox 355 1484 528 1538; x_wconf 87' lang='lat' dir='ltr'><strong>Bekk.)</strong></span> <span class='ocrx_word' id='word_1_185' title='bbox 558 1482 702 1538; x_wconf 72' lang='grc' dir='ltr'><em>ἢᾶλλο</em></span> <span class='ocrx_word' id='word_1_186' title='bbox 730 1500 769 1525; x_wconf 89' lang='grc' dir='ltr'><strong>τι</strong></span> <span class='ocrx_word' id='word_1_187' title='bbox 796 1482 937 1535; x_wconf 80' lang='grc' dir='ltr'><em>πάσχει</em></span> <span class='ocrx_word' id='word_1_188' title='bbox 966 1480 1050 1535; x_wconf 72' lang='grc' dir='ltr'><strong>ἅμα</strong></span> <span class='ocrx_word' id='word_1_189' title='bbox 1083 1486 1241 1532; x_wconf 78' lang='grc' dir='ltr'><em>ποιοῦν,</em></span> <span class='ocrx_word' id='word_1_190' title='bbox 1271 1493 1454 1525; x_wconf 85' lang='lat' dir='ltr'><strong>monente</strong></span> <span class='ocrx_word' id='word_1_191' title='bbox 1483 1489 1766 1539; x_wconf 74' lang='lat' dir='ltr'><strong>Sylburgio,</strong></span> 
     </span>
     <span class='ocr_line' id='line_1_21' title="bbox 359 1548 1767 1605; baseline 0.001 -14"><span class='ocrx_word' id='word_1_192' title='bbox 359 1576 409 1581; x_wconf 95' lang='lat'><strong>——</strong></span> <span class='ocrx_word' id='word_1_193' title='bbox 441 1549 542 1591; x_wconf 82' lang='grc' dir='ltr'><em>κατὰ</em></span> <span class='ocrx_word' id='word_1_194' title='bbox 570 1550 718 1605; x_wconf 84' lang='grc' dir='ltr'><em>μικρὰν</em></span> <span class='ocrx_word' id='word_1_195' title='bbox 745 1550 820 1603; x_wconf 78' lang='grc' dir='ltr'><strong>μὲν</strong></span> <span class='ocrx_word' id='word_1_196' title='bbox 846 1553 894 1591; x_wconf 90' lang='lat' dir='ltr'><strong>A.</strong></span> <span class='ocrx_word' id='word_1_197' title='bbox 914 1554 980 1590; x_wconf 90' lang='lat' dir='ltr'><strong>Er.</strong></span> <span class='ocrx_word' id='word_1_198' title='bbox 1008 1552 1087 1589; x_wconf 87' lang='lat' dir='ltr'><strong>Pro</strong></span> <span class='ocrx_word' id='word_1_199' title='bbox 1110 1548 1166 1589; x_wconf 72' lang='grc' dir='ltr'><strong>ἐπ’</strong></span> <span class='ocrx_word' id='word_1_200' title='bbox 1189 1548 1316 1604; x_wconf 79' lang='grc' dir='ltr'><em>ἀρχὴν</em></span> <span class='ocrx_word' id='word_1_201' title='bbox 1333 1555 1376 1591; x_wconf 91' lang='lat' dir='ltr'><strong>F.</strong></span> <span class='ocrx_word' id='word_1_202' title='bbox 1396 1553 1558 1592; x_wconf 84' lang='lat' dir='ltr'><strong>exhibet</strong></span> <span class='ocrx_word' id='word_1_203' title='bbox 1574 1550 1767 1605; x_wconf 67' lang='grc' dir='ltr'><em>ἐπάρχειν.</em></span> 
     </span>
     <span class='ocr_line' id='line_1_22' title="bbox 359 1614 1766 1671; baseline 0.002 -15"><span class='ocrx_word' id='word_1_204' title='bbox 359 1642 409 1648; x_wconf 95' lang='lat'><strong>—-</strong></span> <span class='ocrx_word' id='word_1_205' title='bbox 440 1615 516 1656; x_wconf 69' lang='grc' dir='ltr'><strong>ἐπ’</strong></span> <span class='ocrx_word' id='word_1_206' title='bbox 549 1615 734 1671; x_wconf 77' lang='grc' dir='ltr'><em>ἀρχήν,</em></span> <span class='ocrx_word' id='word_1_207' title='bbox 774 1625 820 1657; x_wconf 87' lang='lat' dir='ltr'><strong>ut</strong></span> <span class='ocrx_word' id='word_1_208' title='bbox 853 1619 947 1656; x_wconf 92' lang='lat' dir='ltr'><strong>alibi</strong></span> <span class='ocrx_word' id='word_1_209' title='bbox 983 1614 1146 1670; x_wconf 80' lang='grc' dir='ltr'><em>ἀρχήν</em></span> <span class='ocrx_word' id='word_1_210' title='bbox 1183 1624 1223 1656; x_wconf 88' lang='lat' dir='ltr'><strong>et</strong></span> <span class='ocrx_word' id='word_1_211' title='bbox 1257 1614 1349 1669; x_wconf 69' lang='grc' dir='ltr'><strong>τὴν</strong></span> <span class='ocrx_word' id='word_1_212' title='bbox 1389 1615 1549 1671; x_wconf 79' lang='grc' dir='ltr'><em>ἀρχήν</em></span> <span class='ocrx_word' id='word_1_213' title='bbox 1580 1634 1766 1669; x_wconf 69' lang='lat' dir='ltr'><strong>prorsus.</strong></span> 
     </span>
     <span class='ocr_line' id='line_1_23' title="bbox 355 1685 1768 1737; baseline 0.001 -14"><span class='ocrx_word' id='word_1_214' title='bbox 355 1685 561 1736; x_wconf 85' lang='lat' dir='ltr'><strong>Exemplis</strong></span> <span class='ocrx_word' id='word_1_215' title='bbox 580 1699 602 1723; x_wconf 93' lang='lat' dir='ltr'><strong>a</strong></span> <span class='ocrx_word' id='word_1_216' title='bbox 623 1686 799 1723; x_wconf 86' lang='lat' dir='ltr'><strong>Reizio</strong></span> <span class='ocrx_word' id='word_1_217' title='bbox 826 1685 877 1723; x_wconf 86' lang='lat' dir='ltr'><strong>ad</strong></span> <span class='ocrx_word' id='word_1_218' title='bbox 894 1685 1028 1735; x_wconf 88' lang='lat' dir='ltr'><strong>Viger.</strong></span> <span class='ocrx_word' id='word_1_219' title='bbox 1055 1697 1096 1735; x_wconf 90' lang='lat' dir='ltr'><strong>p.</strong></span> <span class='ocrx_word' id='word_1_220' title='bbox 1115 1687 1193 1722; x_wconf 87' lang='lat'><strong>723</strong></span> <span class='ocrx_word' id='word_1_221' title='bbox 1223 1691 1316 1736; x_wconf 84' lang='lat' dir='ltr'><strong>post</strong></span> <span class='ocrx_word' id='word_1_222' title='bbox 1339 1686 1541 1737; x_wconf 87' lang='lat' dir='ltr'><strong>Lennep</strong></span> <span class='ocrx_word' id='word_1_223' title='bbox 1570 1685 1621 1723; x_wconf 87' lang='lat' dir='ltr'><strong>ad</strong></span> <span class='ocrx_word' id='word_1_224' title='bbox 1649 1685 1768 1724; x_wconf 83' lang='lat' dir='ltr'><strong>Pha-</strong></span> 
     </span>
     <span class='ocr_line' id='line_1_24' title="bbox 355 1749 1770 1802; baseline 0.002 -13"><span class='ocrx_word' id='word_1_225' title='bbox 355 1751 498 1789; x_wconf 86' lang='lat' dir='ltr'><strong>larid.</strong></span> <span class='ocrx_word' id='word_1_226' title='bbox 524 1753 632 1802; x_wconf 74' lang='lat' dir='ltr'><strong>Epp.</strong></span> <span class='ocrx_word' id='word_1_227' title='bbox 651 1754 768 1791; x_wconf 88' lang='lat' dir='ltr'><strong>XVI.</strong></span> <span class='ocrx_word' id='word_1_228' title='bbox 798 1764 839 1802; x_wconf 95' lang='grc' dir='ltr'><strong>Ρ.</strong></span> <span class='ocrx_word' id='word_1_229' title='bbox 861 1752 913 1790; x_wconf 87' lang='grc'><strong>94</strong></span> <span class='ocrx_word' id='word_1_230' title='bbox 938 1750 1090 1787; x_wconf 81' lang='lat' dir='ltr'><strong>collatis</strong></span> <span class='ocrx_word' id='word_1_231' title='bbox 1107 1749 1208 1787; x_wconf 86' lang='lat' dir='ltr'><strong>adde</strong></span> <span class='ocrx_word' id='word_1_232' title='bbox 1226 1751 1457 1802; x_wconf 88' lang='lat' dir='ltr'><strong>Xenoph.</strong></span> <span class='ocrx_word' id='word_1_233' title='bbox 1472 1750 1659 1790; x_wconf 80' lang='lat' dir='ltr'><strong>Anabas.</strong></span> <span class='ocrx_word' id='word_1_234' title='bbox 1677 1753 1770 1798; x_wconf 89' lang='lat' dir='ltr'>VII,</span> 
     </span>
     <span class='ocr_line' id='line_1_25' title="bbox 357 1811 1768 1870; baseline -0.001 -14"><span class='ocrx_word' id='word_1_235' title='bbox 357 1820 395 1866; x_wconf 90' lang='lat'><strong>7,</strong></span> <span class='ocrx_word' id='word_1_236' title='bbox 412 1821 486 1856; x_wconf 71' lang='lat'><strong>282</strong></span> <span class='ocrx_word' id='word_1_237' title='bbox 515 1813 599 1870; x_wconf 84' lang='grc' dir='ltr'><strong>ὅσῳ</strong></span> <span class='ocrx_word' id='word_1_238' title='bbox 627 1830 701 1869; x_wconf 79' lang='grc' dir='ltr'><em>περ</em></span> <span class='ocrx_word' id='word_1_239' title='bbox 726 1811 1003 1868; x_wconf 80' lang='grc' dir='ltr'><em>χαλεπώτερον</em></span> <span class='ocrx_word' id='word_1_240' title='bbox 1033 1812 1075 1853; x_wconf 72' lang='grc' dir='ltr'><strong>ἔκ</strong></span> <span class='ocrx_word' id='word_1_241' title='bbox 1102 1814 1297 1854; x_wconf 85' lang='grc' dir='ltr'><em>πλουσίου</em></span> <span class='ocrx_word' id='word_1_242' title='bbox 1324 1814 1496 1867; x_wconf 76' lang='grc' dir='ltr'><em>πένητας</em></span> <span class='ocrx_word' id='word_1_243' title='bbox 1530 1814 1715 1868; x_wconf 75' lang='grc' dir='ltr'><em>γενέσθαι</em></span> <span class='ocrx_word' id='word_1_244' title='bbox 1743 1813 1768 1867; x_wconf 75' lang='grc' dir='ltr'>ἢ</span> 
     </span>
     <span class='ocr_line' id='line_1_26' title="bbox 357 1877 1768 1935; baseline 0 -15"><span class='ocrx_word' id='word_1_245' title='bbox 357 1879 485 1935; x_wconf 79' lang='grc' dir='ltr'><em>ἀρχὴν</em></span> <span class='ocrx_word' id='word_1_246' title='bbox 513 1879 569 1932; x_wconf 78' lang='grc' dir='ltr'><strong>μὴ</strong></span> <span class='ocrx_word' id='word_1_247' title='bbox 600 1883 822 1932; x_wconf 80' lang='grc' dir='ltr'><em>πλουτῆσαι</em></span> <span class='ocrx_word' id='word_1_248' title='bbox 850 1880 914 1919; x_wconf 86' lang='grc' dir='ltr'><strong>καὶ</strong></span> <span class='ocrx_word' id='word_1_249' title='bbox 944 1878 1028 1934; x_wconf 79' lang='grc' dir='ltr'><strong>ὅσῳ</strong></span> <span class='ocrx_word' id='word_1_250' title='bbox 1058 1877 1329 1934; x_wconf 77' lang='grc' dir='ltr'><em>λυπηρότερον</em></span> <span class='ocrx_word' id='word_1_251' title='bbox 1357 1880 1400 1920; x_wconf 72' lang='grc' dir='ltr'><strong>ἐκ</strong></span> <span class='ocrx_word' id='word_1_252' title='bbox 1425 1881 1623 1931; x_wconf 79' lang='grc' dir='ltr'><em>βασιλέως</em></span> <span class='ocrx_word' id='word_1_253' title='bbox 1657 1879 1768 1920; x_wconf 79' lang='grc' dir='ltr'><em>ἰδιώ-</em></span> 
     </span>
     <span class='ocr_line' id='line_1_27' title="bbox 356 1944 1768 2001; baseline -0.001 -14"><span class='ocrx_word' id='word_1_254' title='bbox 356 1963 431 2000; x_wconf 86' lang='grc' dir='ltr'><strong>την</strong></span> <span class='ocrx_word' id='word_1_255' title='bbox 447 1950 620 2001; x_wconf 79' lang='grc' dir='ltr'><em>φανῆναι</em></span> <span class='ocrx_word' id='word_1_256' title='bbox 642 1944 667 1999; x_wconf 76' lang='grc' dir='ltr'>ἢ</span> <span class='ocrx_word' id='word_1_257' title='bbox 685 1945 810 2000; x_wconf 71' lang='grc' dir='ltr'><em>ἀρχὴν</em></span> <span class='ocrx_word' id='word_1_258' title='bbox 831 1945 887 1998; x_wconf 84' lang='grc' dir='ltr'><strong>μὴ</strong></span> <span class='ocrx_word' id='word_1_259' title='bbox 902 1947 1150 1996; x_wconf 78' lang='grc' dir='ltr'><em>βασιλεῦσαι.</em></span> <span class='ocrx_word' id='word_1_260' title='bbox 1174 1952 1214 1984; x_wconf 89' lang='lat' dir='ltr'><strong>et</strong></span> <span class='ocrx_word' id='word_1_261' title='bbox 1230 1948 1302 1985; x_wconf 91' lang='lat' dir='ltr'><strong>He</strong></span> <span class='ocrx_word' id='word_1_262' title='bbox 1314 1947 1578 1986; x_wconf 87' lang='lat' dir='ltr'><strong>msterhus.</strong></span> <span class='ocrx_word' id='word_1_263' title='bbox 1607 1947 1656 1984; x_wconf 80' lang='lat' dir='ltr'><strong>ad</strong></span> <span class='ocrx_word' id='word_1_264' title='bbox 1674 1949 1768 1985; x_wconf 89' lang='lat' dir='ltr'><strong>Lu-</strong></span> 
     </span>
     <span class='ocr_line' id='line_1_28' title="bbox 357 2010 1769 2065; baseline -0.001 -12"><span class='ocrx_word' id='word_1_265' title='bbox 357 2016 476 2053; x_wconf 87' lang='lat' dir='ltr'><strong>cian.</strong></span> <span class='ocrx_word' id='word_1_266' title='bbox 507 2016 683 2065; x_wconf 73' lang='lat' dir='ltr'><strong>Nigr-in.</strong></span> <span class='ocrx_word' id='word_1_267' title='bbox 715 2015 829 2051; x_wconf 89' lang='lat' dir='ltr'><strong>Tom.</strong></span> <span class='ocrx_word' id='word_1_268' title='bbox 848 2016 877 2053; x_wconf 94' lang='grc' dir='ltr'><strong>Ι.</strong></span> <span class='ocrx_word' id='word_1_269' title='bbox 907 2027 944 2064; x_wconf 90' lang='lat' dir='ltr'><strong>p.</strong></span> <span class='ocrx_word' id='word_1_270' title='bbox 964 2016 1028 2053; x_wconf 82' lang='lat'><strong>66.</strong></span> <span class='ocrx_word' id='word_1_271' title='bbox 1058 2010 1136 2050; x_wconf 72' lang='grc' dir='ltr'><em>ἐπὶ</em></span> <span class='ocrx_word' id='word_1_272' title='bbox 1164 2012 1343 2050; x_wconf 82' lang='lat' dir='ltr'><strong>additum</strong></span> <span class='ocrx_word' id='word_1_273' title='bbox 1369 2018 1439 2060; x_wconf 86' lang='lat' dir='ltr'><strong>est,</strong></span> <span class='ocrx_word' id='word_1_274' title='bbox 1466 2019 1512 2050; x_wconf 90' lang='lat' dir='ltr'><strong>ut</strong></span> <span class='ocrx_word' id='word_1_275' title='bbox 1529 2026 1645 2063; x_wconf 86' lang='lat' dir='ltr'><strong>saepe</strong></span> <span class='ocrx_word' id='word_1_276' title='bbox 1668 2014 1769 2051; x_wconf 87' lang='lat' dir='ltr'><strong>solet</strong></span> 
     </span>
     <span class='ocr_line' id='line_1_29' title="bbox 355 2078 1768 2129; baseline -0.001 -10"><span class='ocrx_word' id='word_1_277' title='bbox 355 2081 551 2120; x_wconf 89' lang='lat' dir='ltr'><strong>inservire</strong></span> <span class='ocrx_word' id='word_1_278' title='bbox 570 2080 852 2119; x_wconf 87' lang='lat' dir='ltr'><strong>adverbiorum</strong></span> <span class='ocrx_word' id='word_1_279' title='bbox 875 2078 1309 2129; x_wconf 85' lang='lat' dir='ltr'><strong>circumscriptionibus.</strong></span> <span class='ocrx_word' id='word_1_280' title='bbox 1368 2079 1459 2117; x_wconf 84' lang='lat' dir='ltr'><strong>Ast</strong></span> <span class='ocrx_word' id='word_1_281' title='bbox 1486 2078 1536 2116; x_wconf 87' lang='lat' dir='ltr'><strong>ad</strong></span> <span class='ocrx_word' id='word_1_282' title='bbox 1564 2079 1688 2117; x_wconf 91' lang='lat' dir='ltr'><strong>Plat.</strong></span> <span class='ocrx_word' id='word_1_283' title='bbox 1719 2080 1768 2117; x_wconf 82' lang='lat' dir='ltr'><strong>de</strong></span> 
     </span>
     <span class='ocr_line' id='line_1_30' title="bbox 357 2144 1768 2199; baseline -0.001 -14"><span class='ocrx_word' id='word_1_284' title='bbox 357 2149 462 2199; x_wconf 81' lang='lat' dir='ltr'><strong>legg.</strong></span> <span class='ocrx_word' id='word_1_285' title='bbox 491 2161 532 2198; x_wconf 89' lang='lat' dir='ltr'><strong>p.</strong></span> <span class='ocrx_word' id='word_1_286' title='bbox 554 2150 644 2184; x_wconf 90' lang='lat'><strong>132.</strong></span> <span class='ocrx_word' id='word_1_287' title='bbox 678 2145 941 2184; x_wconf 87' lang='lat' dir='ltr'><strong>Heindorf</strong></span> <span class='ocrx_word' id='word_1_288' title='bbox 962 2144 1011 2182; x_wconf 88' lang='lat' dir='ltr'><strong>ad</strong></span> <span class='ocrx_word' id='word_1_289' title='bbox 1039 2145 1229 2183; x_wconf 85' lang='lat' dir='ltr'><strong>Platon.</strong></span> <span class='ocrx_word' id='word_1_290' title='bbox 1262 2144 1388 2195; x_wconf 81' lang='lat' dir='ltr'><strong>Gorg.</strong></span> <span class='ocrx_word' id='word_1_291' title='bbox 1417 2146 1447 2189; x_wconf 80' lang='lat'><strong>§.</strong></span> <span class='ocrx_word' id='word_1_292' title='bbox 1471 2148 1534 2184; x_wconf 89' lang='lat'><strong>17.</strong></span> <span class='ocrx_word' id='word_1_293' title='bbox 1565 2146 1768 2184; x_wconf 83' lang='lat' dir='ltr'><strong>Lobeck</strong></span> 
     </span>
     <span class='ocr_line' id='line_1_31' title="bbox 357 2206 1767 2264; baseline -0.002 -12"><span class='ocrx_word' id='word_1_294' title='bbox 357 2215 408 2252; x_wconf 84' lang='lat' dir='ltr'><strong>ad</strong></span> <span class='ocrx_word' id='word_1_295' title='bbox 428 2212 694 2263; x_wconf 86' lang='lat' dir='ltr'><strong>Phrynich.</strong></span> <span class='ocrx_word' id='word_1_296' title='bbox 714 2212 830 2264; x_wconf 82' lang='lat' dir='ltr'><strong>p.4s.</strong></span> <span class='ocrx_word' id='word_1_297' title='bbox 850 2235 900 2240; x_wconf 91' lang='lat'><strong>—-</strong></span> <span class='ocrx_word' id='word_1_298' title='bbox 930 2212 1007 2249; x_wconf 87' lang='lat' dir='ltr'><strong>Pro</strong></span> <span class='ocrx_word' id='word_1_299' title='bbox 1024 2206 1132 2261; x_wconf 81' lang='grc' dir='ltr'><em>μήκη</em></span> <span class='ocrx_word' id='word_1_300' title='bbox 1155 2211 1207 2249; x_wconf 90' lang='grc' dir='ltr'><strong>Ν.</strong></span> <span class='ocrx_word' id='word_1_301' title='bbox 1238 2216 1278 2248; x_wconf 89' lang='lat' dir='ltr'><strong>et</strong></span> <span class='ocrx_word' id='word_1_302' title='bbox 1302 2211 1388 2248; x_wconf 85' lang='lat' dir='ltr'><strong>cod.</strong></span> <span class='ocrx_word' id='word_1_303' title='bbox 1408 2211 1767 2250; x_wconf 88' lang='lat' dir='ltr'><strong>Accoramboni</strong></span> 
     </span>
     <span class='ocr_line' id='line_1_32' title="bbox 358 2274 1767 2330; baseline -0.001 -14"><span class='ocrx_word' id='word_1_304' title='bbox 358 2279 408 2330; x_wconf 91' lang='lat' dir='ltr'><strong>(p.</strong></span> <span class='ocrx_word' id='word_1_305' title='bbox 427 2277 523 2330; x_wconf 83' lang='lat'>474)</span> <span class='ocrx_word' id='word_1_306' title='bbox 541 2278 733 2329; x_wconf 83' lang='lat' dir='ltr'><strong>praebent</strong></span> <span class='ocrx_word' id='word_1_307' title='bbox 750 2274 865 2329; x_wconf 76' lang='grc' dir='ltr'><em>μέρη,</em></span> <span class='ocrx_word' id='word_1_308' title='bbox 895 2276 1002 2327; x_wconf 86' lang='lat' dir='ltr'><strong>quod</strong></span> <span class='ocrx_word' id='word_1_309' title='bbox 1018 2277 1171 2327; x_wconf 89' lang='lat' dir='ltr'><strong>recepi,</strong></span> <span class='ocrx_word' id='word_1_310' title='bbox 1199 2277 1318 2327; x_wconf 89' lang='lat' dir='ltr'><strong>paulo</strong></span> <span class='ocrx_word' id='word_1_311' title='bbox 1339 2283 1428 2327; x_wconf 88' lang='lat' dir='ltr'><strong>post</strong></span> <span class='ocrx_word' id='word_1_312' title='bbox 1443 2290 1488 2314; x_wconf 90' lang='lat' dir='ltr'><strong>ea</strong></span> <span class='ocrx_word' id='word_1_313' title='bbox 1509 2277 1560 2315; x_wconf 90' lang='lat' dir='ltr'><strong>de</strong></span> <span class='ocrx_word' id='word_1_314' title='bbox 1574 2291 1620 2316; x_wconf 89' lang='lat' dir='ltr'><strong>re</strong></span> <span class='ocrx_word' id='word_1_315' title='bbox 1637 2277 1767 2315; x_wconf 90' lang='lat' dir='ltr'><strong>moni-</strong></span> 
     </span>
     <span class='ocr_line' id='line_1_33' title="bbox 356 2339 1765 2395; baseline -0.002 -11"><span class='ocrx_word' id='word_1_316' title='bbox 356 2353 482 2384; x_wconf 88' lang='lat' dir='ltr'><strong>turus.</strong></span> <span class='ocrx_word' id='word_1_317' title='bbox 504 2369 553 2374; x_wconf 89' lang='grc'><strong>-</strong></span> <span class='ocrx_word' id='word_1_318' title='bbox 582 2340 714 2383; x_wconf 70' lang='grc' dir='ltr'><em>πολλὰ</em></span> <span class='ocrx_word' id='word_1_319' title='bbox 741 2339 766 2393; x_wconf 74' lang='grc' dir='ltr'>ἢ</span> <span class='ocrx_word' id='word_1_320' title='bbox 785 2340 1051 2395; x_wconf 75' lang='grc' dir='ltr'><em>διεσπαρμένα</em></span> <span class='ocrx_word' id='word_1_321' title='bbox 1079 2356 1138 2393; x_wconf 85' lang='lat' dir='ltr'><strong>pr.</strong></span> <span class='ocrx_word' id='word_1_322' title='bbox 1158 2356 1276 2380; x_wconf 86' lang='lat' dir='ltr'><strong>manu</strong></span> <span class='ocrx_word' id='word_1_323' title='bbox 1296 2344 1342 2380; x_wconf 91' lang='lat' dir='ltr'><strong>E.</strong></span> <span class='ocrx_word' id='word_1_324' title='bbox 1361 2342 1540 2393; x_wconf 80' lang='grc' dir='ltr'><em>πολλαχῆ</em></span> <span class='ocrx_word' id='word_1_325' title='bbox 1570 2345 1617 2381; x_wconf 91' lang='grc' dir='ltr'><strong>Α.</strong></span> <span class='ocrx_word' id='word_1_326' title='bbox 1638 2344 1704 2381; x_wconf 88' lang='lat' dir='ltr'><strong>Er.</strong></span> <span class='ocrx_word' id='word_1_327' title='bbox 1727 2345 1765 2381; x_wconf 90' lang='lat' dir='ltr'><strong>S.</strong></span> 
     </span>
     <span class='ocr_line' id='line_1_34' title="bbox 358 2404 1767 2461; baseline -0.004 -10"><span class='ocrx_word' id='word_1_328' title='bbox 358 2414 443 2452; x_wconf 84' lang='lat' dir='ltr'><strong>Cas.</strong></span> <span class='ocrx_word' id='word_1_329' title='bbox 465 2417 504 2449; x_wconf 92' lang='lat' dir='ltr'><strong>et</strong></span> <span class='ocrx_word' id='word_1_330' title='bbox 527 2412 581 2448; x_wconf 88' lang='lat' dir='ltr'><strong>ita</strong></span> <span class='ocrx_word' id='word_1_331' title='bbox 604 2410 762 2461; x_wconf 87' lang='lat' dir='ltr'><strong>ubique.</strong></span> <span class='ocrx_word' id='word_1_332' title='bbox 802 2410 987 2459; x_wconf 88' lang='lat' dir='ltr'><strong>Denique</strong></span> <span class='ocrx_word' id='word_1_333' title='bbox 1010 2407 1074 2447; x_wconf 83' lang='grc' dir='ltr'><strong>καὶ</strong></span> <span class='ocrx_word' id='word_1_334' title='bbox 1094 2405 1197 2447; x_wconf 79' lang='grc' dir='ltr'><em>κατὰ</em></span> <span class='ocrx_word' id='word_1_335' title='bbox 1216 2404 1353 2458; x_wconf 75' lang='grc' dir='ltr'><em>βάθος</em></span> <span class='ocrx_word' id='word_1_336' title='bbox 1379 2409 1431 2446; x_wconf 93' lang='grc' dir='ltr'><strong>Η.</strong></span> <span class='ocrx_word' id='word_1_337' title='bbox 1453 2409 1505 2448; x_wconf 91' lang='lat' dir='ltr'><strong>N.</strong></span> <span class='ocrx_word' id='word_1_338' title='bbox 1530 2414 1570 2446; x_wconf 89' lang='lat' dir='ltr'><strong>et</strong></span> <span class='ocrx_word' id='word_1_339' title='bbox 1594 2405 1767 2459; x_wconf 74' lang='grc' dir='ltr'><em>μέγεθος</em></span> 
     </span>
     <span class='ocr_line' id='line_1_35' title="bbox 357 2473 1766 2531; baseline -0.004 -14"><span class='ocrx_word' id='word_1_340' title='bbox 357 2493 433 2531; x_wconf 85' lang='lat' dir='ltr'><strong>pro</strong></span> <span class='ocrx_word' id='word_1_341' title='bbox 451 2474 588 2527; x_wconf 72' lang='grc' dir='ltr'><em>βάθος</em></span> <span class='ocrx_word' id='word_1_342' title='bbox 608 2477 655 2514; x_wconf 94' lang='lat' dir='ltr'><strong>A.</strong></span> <span class='ocrx_word' id='word_1_343' title='bbox 674 2478 745 2515; x_wconf 89' lang='lat' dir='ltr'><strong>Er.</strong></span> <span class='ocrx_word' id='word_1_344' title='bbox 776 2499 826 2504; x_wconf 89' lang='lat'>—</span> <span class='ocrx_word' id='word_1_345' title='bbox 867 2475 1170 2513; x_wconf 81' lang='lat' dir='ltr'><strong>Aristoteles</strong></span> <span class='ocrx_word' id='word_1_346' title='bbox 1197 2475 1240 2512; x_wconf 88' lang='lat' dir='ltr'><strong>in</strong></span> <span class='ocrx_word' id='word_1_347' title='bbox 1266 2474 1372 2512; x_wconf 88' lang='lat' dir='ltr'><strong>omni</strong></span> <span class='ocrx_word' id='word_1_348' title='bbox 1396 2473 1644 2525; x_wconf 86' lang='lat' dir='ltr'><strong>philosophia</strong></span> <span class='ocrx_word' id='word_1_349' title='bbox 1669 2488 1766 2525; x_wconf 86' lang='lat' dir='ltr'><strong>qua-</strong></span> 
     </span>
     <span class='ocr_line' id='line_1_36' title="bbox 355 2539 1764 2594; baseline -0.002 -11"><span class='ocrx_word' id='word_1_350' title='bbox 355 2550 449 2583; x_wconf 88' lang='lat' dir='ltr'><strong>tuor</strong></span> <span class='ocrx_word' id='word_1_351' title='bbox 478 2543 721 2594; x_wconf 82' lang='lat' dir='ltr'><strong>cogitationis</strong></span> <span class='ocrx_word' id='word_1_352' title='bbox 746 2547 905 2581; x_wconf 87' lang='lat' dir='ltr'><strong>aeterna</strong></span> <span class='ocrx_word' id='word_1_353' title='bbox 931 2541 1187 2579; x_wconf 83' lang='lat' dir='ltr'><strong>fundamenta</strong></span> <span class='ocrx_word' id='word_1_354' title='bbox 1203 2540 1394 2591; x_wconf 84' lang='lat' dir='ltr'><strong>agnoscit,</strong></span> <span class='ocrx_word' id='word_1_355' title='bbox 1422 2539 1492 2576; x_wconf 78' lang='lat' dir='ltr'><strong>sed</strong></span> <span class='ocrx_word' id='word_1_356' title='bbox 1508 2539 1599 2577; x_wconf 82' lang='lat' dir='ltr'><strong>alias</strong></span> <span class='ocrx_word' id='word_1_357' title='bbox 1617 2541 1660 2578; x_wconf 87' lang='lat' dir='ltr'><strong>in</strong></span> <span class='ocrx_word' id='word_1_358' title='bbox 1679 2542 1764 2580; x_wconf 89' lang='lat' dir='ltr'><strong>aliis</strong></span> 
     </span>
     <span class='ocr_line' id='line_1_37' title="bbox 358 2603 1763 2666; baseline -0.001 -18"><span class='ocrx_word' id='word_1_359' title='bbox 358 2610 574 2666; x_wconf 79' lang='lat' dir='ltr'><strong>disciplinis</strong></span> <span class='ocrx_word' id='word_1_360' title='bbox 590 2608 741 2648; x_wconf 89' lang='lat' dir='ltr'><strong>inducit</strong></span> <span class='ocrx_word' id='word_1_361' title='bbox 757 2622 895 2647; x_wconf 88' lang='lat' dir='ltr'><strong>eorum</strong></span> <span class='ocrx_word' id='word_1_362' title='bbox 913 2608 1062 2647; x_wconf 87' lang='lat' dir='ltr'><strong>formas</strong></span> <span class='ocrx_word' id='word_1_363' title='bbox 1072 2606 1123 2659; x_wconf 84' lang='lat'><strong>*).</strong></span> <span class='ocrx_word' id='word_1_364' title='bbox 1178 2607 1277 2645; x_wconf 90' lang='lat' dir='ltr'><strong>Cum</strong></span> <span class='ocrx_word' id='word_1_365' title='bbox 1300 2605 1405 2642; x_wconf 87' lang='lat' dir='ltr'><strong>enim</strong></span> <span class='ocrx_word' id='word_1_366' title='bbox 1422 2604 1593 2655; x_wconf 54' lang='lat' dir='ltr'><strong>Anaht.</strong></span> <span class='ocrx_word' id='word_1_367' title='bbox 1608 2603 1763 2648; x_wconf 75' lang='lat' dir='ltr'><strong>Poster.</strong></span> 
     </span>
    </p>
   </div>
   <div class='ocr_carea' id='block_1_5' title="bbox 358 2696 629 2704">
    <p class='ocr_par' dir='ltr' id='par_1_6' title="bbox 358 2696 629 2704">
     <span class='ocr_line' id='line_1_38' title="bbox 358 2696 629 2704; baseline 0 454"><span class='ocrx_word' id='word_1_368' title='bbox 358 2696 629 2704; x_wconf 95' lang='lat' dir='ltr'><strong> </strong></span> 
     </span>
    </p>
   </div>
   <div class='ocr_carea' id='block_1_6' title="bbox 402 2741 1764 2792">
    <p class='ocr_par' dir='ltr' id='par_1_7' title="bbox 402 2741 1764 2792">
     <span class='ocr_line' id='line_1_39' title="bbox 402 2741 1764 2792; baseline -0.001 -9"><span class='ocrx_word' id='word_1_369' title='bbox 402 2748 435 2791; x_wconf 86' lang='lat'><strong>*)</strong></span> <span class='ocrx_word' id='word_1_370' title='bbox 461 2750 512 2783; x_wconf 82' lang='lat' dir='ltr'><strong>Ita</strong></span> <span class='ocrx_word' id='word_1_371' title='bbox 537 2751 700 2783; x_wconf 74' lang='lat' dir='ltr'><strong>Rhetoric.</strong></span> <span class='ocrx_word' id='word_1_372' title='bbox 727 2750 765 2791; x_wconf 88' lang='grc' dir='ltr'><strong>Ι,</strong></span> <span class='ocrx_word' id='word_1_373' title='bbox 790 2750 823 2782; x_wconf 82' lang='grc'><strong>3.</strong></span> <span class='ocrx_word' id='word_1_374' title='bbox 859 2760 893 2791; x_wconf 87' lang='lat' dir='ltr'><strong>p.</strong></span> <span class='ocrx_word' id='word_1_375' title='bbox 920 2749 1019 2790; x_wconf 82' lang='lat'><strong>1358,</strong></span> <span class='ocrx_word' id='word_1_376' title='bbox 1043 2759 1062 2781; x_wconf 87' lang='lat' dir='ltr'><strong>a</strong></span> <span class='ocrx_word' id='word_1_377' title='bbox 1091 2745 1158 2780; x_wconf 81' lang='lat' dir='ltr'><strong>ait:</strong></span> <span class='ocrx_word' id='word_1_378' title='bbox 1192 2743 1269 2781; x_wconf 70' lang='grc' dir='ltr'><strong>ἔπι</strong></span> <span class='ocrx_word' id='word_1_379' title='bbox 1296 2741 1332 2780; x_wconf 76' lang='grc' dir='ltr'><strong>δὲ</strong></span> <span class='ocrx_word' id='word_1_380' title='bbox 1358 2744 1421 2789; x_wconf 70' lang='grc' dir='ltr'><strong>τῆς</strong></span> <span class='ocrx_word' id='word_1_381' title='bbox 1459 2744 1647 2792; x_wconf 70' lang='grc' dir='ltr'><em>ῥητορικῆς</em></span> <span class='ocrx_word' id='word_1_382' title='bbox 1681 2747 1764 2792; x_wconf 69' lang='grc' dir='ltr'><strong>τρία</strong></span> 
     </span>
    </p>
   </div>
  </div>
 </body>
</html>
