1760 3138
271 388 368 432 234
431 395 723 435 EXCERPTA
745 396 826 433 EX
847 395 1139 434 COMMENT.
1169 395 1351 445 ALEX„
1375 398 1561 436 LPHIL.

272 505 484 560 ὀφθέντων
511 503 599 555 περὶ
628 501 702 555 τὴν
729 505 822 556 γῆν,
853 500 1177 556 ἐπηκολούθησεν
1196 501 1348 550 εὐθέως
1365 501 1533 554 χάλαζα,
1561 508 1674 557 τηλι-

271 571 396 623 καύτη
426 570 471 610 δὲ
498 569 690 622 μέγεθος,
740 565 794 615 ὡς
833 566 998 609 ἄπιστον
1036 565 1133 609 εἶναι
1170 574 1256 617 τοῖς
1283 567 1498 620 ἀκούουσι,
1537 571 1599 610 καὶ
1627 570 1673 611 τὸ

272 641 406 689 σχῆμα
442 634 593 687 ταύτης
630 633 677 675 οὗ
707 632 961 688 στρογγύλον.
1008 638 1135 676 ταῦτα
1174 635 1217 676 δὲ
1230 631 1386 676 ..πάντα
1421 641 1564 688 σημεῖα
1601 639 1674 676 τοῦ

270 702 439 754 πλησίον
478 704 550 753 τῆς
585 704 657 754 γῆς
703 700 825 753 αὗτὴν
867 704 1070 754 συστῆναι.
1117 698 1137 743 ὃ
1166 700 1242 756 γὰρ
1272 700 1398 749 πολὺς
1425 700 1574 749 κτύπος
1602 700 1676 754 τὴν

270 766 463 822 ἐγγύτητα
499 761 678 819 σημαίνει
715 770 786 807 τοῦ
823 767 981 822 νέφους.
1031 766 1246 822 πόρρωθεν
1282 767 1357 821 γὰρ
1405 770 1479 820 τῆς
1515 766 1677 821 πρώτης

268 833 475 888 γινομένης
509 836 663 887 πληγῆς
698 834 763 874 καὶ
801 837 872 886 τῆς
909 832 1126 881 διαδόσεως
1163 832 1264 874 κατὰ
1299 834 1421 886 μέρος
1456 832 1678 888 φερομένης

269 899 372 955 πρὸς
411 897 540 953 ἡμᾶς,
593 898 768 940 ἐκλύεται
799 903 855 955 τῷ
884 899 1122 953 διαστήματι
1151 897 1197 940 τό
1225 899 1399 954 μέγεθος
1422 903 1493 940 τοῦ
1521 897 1676 953 ψόφου,

271 963 325 1014 ὥς
352 967 417 1007 καὶ
445 970 525 1007 τῶν
553 963 707 1019 ὁρατῶν
736 964 761 1019 ἦ
792 965 1004 1019 ἀντίληψις
1033 965 1100 1007 διὰ
1125 968 1275 1007 πολλοῦ
1298 966 1477 1020 γινομένη
1506 969 1579 1006 τοῦ
1607 980 1678 1017 με·-

269 1031 367 1080 ταξὺ
397 1034 619 1087 διαφανοῦς
647 1032 888 1085 ἀμβλύνεται
919 1035 1128 1087 προϊοῦσα.
1177 1030 1266 1073 οὔτε
1301 1032 1376 1087 γὰρ
1412 1031 1458 1074 τὸ
1488 1030 1678 1086 διαφανὲς

271 1098 334 1138 ἐπὶ
371 1099 474 1139 πολὺ
513 1098 754 1151 διαβιβάζειν
794 1098 845 1139 τὰ
879 1098 1076 1152 χρώματα
1117 1096 1306 1150 δύναται,
1354 1097 1443 1140 οὔτε
1471 1097 1515 1139 τὸ
1548 1096 1679 1150 διηχὲς

269 1163 366 1212 τοὺς
394 1163 571 1220 ψόφους.
622 1166 687 1205 καὶ
715 1164 760 1205 τὸ
789 1165 961 1219 μέγεθος
990 1165 1032 1205 δὲ
1062 1165 1126 1205 καὶ
1153 1164 1199 1205 τὸ
1227 1165 1284 1218 μὴ
1315 1164 1554 1219 στρογγύλον
1581 1163 1679 1216 ἔχειν

269 1229 316 1272 τὸ
341 1234 488 1284 σχῆμα,
518 1230 591 1284 τὴν
607 1232 695 1283 περὶ
724 1232 796 1283 τὴν
819 1235 891 1285 γῆν
921 1230 1045 1283 αὐτῆς
1075 1231 1253 1284 σημαίνει
1273 1231 1430 1285 γένεσιν.
1462 1230 1581 1288 ῥᾳδία
1602 1229 1678 1283 γὰρ

272 1295 396 1350 αὐτῆς
423 1296 622 1348 διάλυσις,
653 1295 720 1338 ἅτε
743 1294 790 1350 δὴ
820 1298 884 1338 καὶ
913 1295 1162 1351 θερμότερον
1187 1301 1258 1338 τοῦ
1286 1301 1426 1350 καιροῦ
1456 1295 1480 1350 ἢ
1500 1300 1572 1349 τῆς
1597 1296 1680 1348 χώ-

272 1379 346 1416 ρας
373 1362 506 1416 οῧσης.
549 1365 583 1403 εἴ
609 1363 684 1416 μὲν
712 1358 783 1404 οὖν
815 1361 1030 1418 πόρρωθεν
1059 1362 1241 1418 φέροιτο,
1287 1362 1392 1411 εἰκὸς
1429 1362 1552 1415 αὐτῆς
1590 1378 1680 1403 τινα

270 1429 370 1483 μέρη
399 1428 451 1470 τὰ
480 1429 662 1480 ἐξέχοντα
689 1430 1060 1483 παραναλίσκεσθαι
1089 1430 1153 1469 καὶ
1182 1434 1254 1482 τῆς
1291 1430 1332 1478 ἒξ
1370 1428 1494 1484 ἀρχῆς
1531 1427 1680 1469 συστά-

273 1511 372 1543 σεως
392 1494 584 1536 ἐλάττονα
601 1497 795 1549 γίνεσθαι.
826 1496 867 1543 ἐξ
891 1494 1024 1549 ὀλίγου
1053 1495 1096 1535 δὲ
1124 1500 1195 1536 τοῦ
1224 1495 1493 1548 διαστήματος
1520 1493 1681 1547 ἄθραυ-

273 1577 368 1609 στος
393 1561 569 1614 μένουσα
596 1563 738 1614 μείζων
767 1563 960 1616 φαίνεται.
1008 1561 1054 1602 τὸ
1086 1560 1184 1602 αὐτὸ
1212 1563 1277 1602 καὶ
1306 1565 1376 1602 τοῦ
1405 1561 1461 1614 μὴ
1489 1559 1681 1614 στρογγύ-

273 1631 346 1669 λου
380 1625 570 1681 ὗπάρχειν
599 1627 726 1670 αἴτιόν
755 1629 850 1669 ἐστι.
898 1625 1114 1681 πόρρωθεν
1142 1626 1218 1681 γὰρ
1246 1627 1395 1680 πολλὴν
1427 1624 1520 1667 ὁδὸν
1549 1625 1682 1667 διανύ-

273 1707 375 1736 ουσα
400 1698 481 1736 τῶν
510 1694 643 1750 ἀκρῶν
672 1693 805 1748 αὐτῆς
823 1697 874 1750 τῇ
901 1692 1000 1749 πρὸς
1027 1692 1099 1734 τὸν
1128 1693 1227 1748 ἀέρα
1253 1695 1386 1748 τρίψει
1406 1692 1681 1747 θραυομένων,

227 1764 230 1769 ’
274 1764 516 1816 σφαιροῦται
547 1758 602 1810 ὡς
629 1758 659 1803 δ’
682 1762 724 1810 ἐξ
753 1760 875 1815 ὄρους
902 1763 1083 1816 κορυφῆς
1126 1759 1360 1813 ὠθούμενος
1404 1757 1479 1815 ὑφ’
1515 1757 1683 1800 ὁτουοῦν

274 1828 414 1878 λίθος,
452 1828 517 1867 καὶ
545 1831 594 1882 τῇ
623 1831 733 1884 φορᾷ
759 1826 812 1868 ‘ca‘
849 1825 954 1881 ἄκρα
990 1825 1194 1867 πάντοθεν
1231 1826 1570 1880 περιθραυσθείς,
1617 1826 1682 1866 καὶ

272 1890 481 1947 γενόμενος
509 1892 610 1933 καθ’
635 1892 819 1947 ’Όμηρον
836 1895 872 1946 *)
903 1890 1240 1946 ὃλοότροχος,
1269 1893 1334 1933 καὶ
1357 1892 1393 1933 οἳ
1422 1892 1463 1932 ἕν
1491 1887 1682 1945 θαλάσσῃ

273 1962 346 2012 τῆς
372 1960 608 2012 παλιρροίας
637 1958 848 2013 φερόμενοι
878 1960 1001 1999 λίθοι.
1043 1958 1085 2006 ἐξ
1111 1957 1245 2011 ὀλίγου
1274 1958 1319 1998 δὲ
1342 1961 1550 2013 κινηθεῖσα
1575 1956 1683 2009 μένει

274 2023 440 2077 ἀπαθὴς
476 2021 529 2072 ὡς
557 2024 723 2078 συνέστη
753 2024 825 2077 τὴν
855 2023 1003 2078 ἀρχήν,
1042 2022 1097 2076 μὴ
1125 2023 1311 2078 γενομένη
1344 2022 1570 2078 περιφερής.
1618 2023 1682 2063 καὶ

276 2089 377 2144 αὕτη
406 2090 450 2131 δὲ
475 2094 547 2144 τῆς
571 2089 707 2143 ὄψεως
733 2088 847 2144 ἡμῶν
866 2088 890 2143 ἦ
910 2089 1123 2142 ἀντίληψις
1150 2091 1292 2144 κρίνειν
1322 2089 1373 2130 τὰ
1401 2089 1683 2144 προσγειότερα

273 2160 355 2198 τῶν
385 2160 516 2212 νεφῶν
546 2156 619 2198 οὒκ
647 2156 856 2204 ἀδύνατος.
885 2154 950 2197 ὅτε
972 2157 1037 2197 καὶ
1058 2154 1212 2196 τούτων
1241 2155 1343 2196 ἄλλα
1372 2155 1507 2204 ἄλλοις
1533 2155 1584 2196 τὰ
1611 2155 1684 2207 μὲν

276 2224 509 2276 ἐπικείμενα,
536 2222 588 2265 τὰ
609 2223 652 2263 δὲ
679 2220 950 2277 ὑποτρέχοντα
979 2223 1173 2277 φαίνεται.
1206 2221 1297 2262 ἀλλ’
1323 2221 1396 2274 οὐχ
1427 2220 1558 2277 ὥσπερ
1588 2222 1685 2262 ἔκεῖ-

275 2291 341 2331 νὀί
366 2305 503 2345 φασιν.
560 2291 834 2342 Philopon.
863 2292 934 2330 fol.
962 2294 1054 2336 106,
1076 2305 1107 2328 a.

387 2360 495 2407 XII,
522 2362 560 2398 9.
611 2355 797 2409 Ἐδείχθη
829 2354 895 2396 διὰ
922 2358 1002 2395 τῶν
1031 2354 1267 2409 εἶρημένων,
1311 2353 1371 2395 ὅτι
1407 2355 1574 2407 πλησίον
1614 2356 1686 2405 τῆς

276 2426 349 2476 γῆς
377 2419 402 2475 ἡ
430 2426 501 2476 τῆς
526 2421 702 2475 χαλάζης
729 2425 873 2476 γίνεται
903 2419 1093 2469 σύστασις
1120 2423 1186 2462 καὶ
1216 2420 1289 2473 οὐχ
1318 2419 1371 2468 ὡς
1401 2421 1544 2474 οἱπερὶ
1567 2418 1684 2459 Ἀνα-

278 2487 449 2543 ξαγόραν
478 2491 534 2536 εἰς
559 2488 630 2529 τὸν
660 2487 743 2529 ἄνω
763 2487 898 2529 τόπον.
928 2489 962 2529 εἷ
986 2487 1061 2542 γὰρ
1093 2485 1113 2529 ὅ
1145 2486 1227 2528 ι’ίνω
1254 2487 1376 2534 τόπος
1405 2483 1458 2533 ὥς
1485 2483 1685 2538 ψυχρότε-

279 2570 349 2609 ρος
378 2555 496 2595 ἒποίει
521 2553 720 2607 χάλαζαν,
760 2554 879 2608 ἐχρῆν
907 2554 950 2594 ἐκ
978 2558 1050 2595 τοῦ
1078 2557 1231 2606 μᾶλλον
1261 2552 1342 2594 ἄνω
1371 2549 1521 2603 πολλήν
1548 2567 1589 2591 τε
1619 2552 1683 2591 καὶ

277 2622 437 2672 μείζονα
466 2622 660 2674 γίνεσθαι.
699 2619 782 2676 ὅσῳ
810 2620 885 2675 γὰρ
914 2624 972 2677 τῷ
1002 2622 1114 2676 αῖτίῳ
1145 2621 1209 2661 καὶ
1238 2621 1428 2673 ποιητικῷ
1455 2616 1501 2658 τὸ
1531 2616 1685 2673 γινόμε-

279 2702 348 2727 νον
377 2687 605 2740 πλησιάζει,
650 2686 832 2743 τοσούτῳ
870 2687 1016 2741 γίνεται
1052 2689 1229 2738 μᾶλλον·
1274 2688 1342 2725 νῦν
1373 2683 1417 2724 δὲ
1453 2682 1685 2735 τούναντίον

325 2829 356 2870 *)
382 2829 503 2862 Scribe
529 2825 761 2872 ὀλοοίτροχος.
809 2829 881 2862 Csr.
906 2833 948 2862 ΙΙ.
972 2830 1071 2870 XIII,
1103 2830 1177 2861 137.
