1820 3158
662 233 679 253 θ’,

300 357 360 400 74
406 365 616 409 -p·³⁵6‚a·
643 366 801 399 Bekk·—
858 368 1246 408 LIB.11.CAP.111.
1300 367 1520 411 —p.341,0.
1549 366 1672 403 σαμ-

295 472 344 527 δὴ
374 473 504 515 πάντα
532 474 705 530 φανερὸν
732 471 787 522 ὡς
813 473 1008 515 ἀδύνατόν
1037 474 1119 514 ἐστι
1150 476 1378 527 συμβαίνειν
1406 475 1536 524 ἄλλως
1560 493 1602 518 τε
1632 478 1696 518 καὶ

239 544 374 593 26τῆς
403 540 608 592 θαλάττης
635 539 797 598 32:553st
814 539 886 593 τὴν
914 539 1042 595 ἀρχὴν
1070 539 1249 594 ἐχούσης.
1306 547 1372 581 26.
1404 540 1494 582 ’Ότι
1521 543 1595 594 μὲν
1626 538 1697 583 οὖν

291 605 442 654 ὕδατός
467 622 507 647 τε
535 603 554 646 ὃ
583 604 708 652 τόπος
737 605 842 646 ἐστὶν
871 600 987 654 οὗτος
1016 607 1079 646 καὶ
1107 606 1153 647 οὗ
1183 606 1412 660 θαλάττης,
1441 609 1505 648 καὶ
1531 607 1597 648 διὰ
1616 608 1692 649 τίν’

294 672 424 712 αἰτίαν
452 671 497 712 τὸ
526 672 600 723 μὲν
627 670 796 723 πότιμον
827 671 977 725 ἄδηλον
1006 666 1108 726 πλὴν
1138 671 1240 728 ῥέον,
1271 673 1316 714 τὸ
1342 673 1381 713 ‹5’
1405 671 1603 726 ὑπομένει,
1634 675 1699 715 καὶ

294 737 394 778 διότι
423 737 582 790 τελευτὴ
611 741 765 790 μᾶλλον
793 737 942 785 ὓδατος
969 737 993 791 ἢ
1023 737 1124 793 ἀρχή
1155 739 1260 779 ἔστιν
1286 737 1311 792 ἦ
1335 739 1535 786 θάλαττα,
1565 740 1699 781 καθά-

292 819 364 856 περ
394 802 440 844 τὸ
469 803 510 844 ἓν
539 810 623 852 τοΐς
651 802 807 856 σώμασι
836 805 1065 857 περίττευμα
1093 808 1166 857 τῆς
1186 809 1339 859 τροφῆς
1357 805 1509 859 πάσης,
1538 808 1601 847 καὶ
1619 805 1700 859 μά-

292 872 407 910 λιστα
435 869 481 910 τὸ
511 872 584 922 τῆς
610 867 754 924 ἶιγρᾶς,
793 868 972 924 εἰρήσθω
1001 869 1179 911 τοσαῦθ’
1203 867 1309 923 ἣμῖν.

238 941 258 974 1
400 940 475 977 ΙΙΙ.
533 936 635 989 Περὶ
666 936 709 976 δὲ
738 939 810 989 τῆς
838 933 1116 988 ἆλμυρότητος
1144 935 1269 989 αὐτῆς
1297 938 1463 986 λεκτέον,
1493 940 1555 980 καὶ
1583 938 1700 980 πότε-

292 1018 364 1056 ρον
395 1002 457 1043 ἀεί
480 1002 585 1043 ἐστιν
613 999 637 1054 ἡ
668 1001 793 1055 αὐτή,
832 1001 857 1055 ἢ
889 1001 977 1042 οὔτ’
1011 998 1060 1055 ἦν
1099 1001 1188 1043 οὔτ’
1213 1002 1321 1044 ἔσται
1355 1000 1699 1057 ἀλλ)·ῧπολει’ψει·

236 1075 261 1107 2
292 1070 356 1108 καὶ
383 1068 458 1123 γὰρ
487 1067 618 1116 οὕτως
647 1067 802 1109 οἴονταί
825 1084 939 1115 τινες.
999 1075 1038 1109 2.
1075 1072 1207 1109 Τοῦτο
1225 1069 1298 1120 μὲν
1327 1065 1396 1111 οὖν
1423 1071 1572 1112 ἐοίκασι
1600 1070 1701 1111 πάν-

292 1151 357 1183 τες
386 1133 604 1188 ὁμολογεῖν,
641 1133 702 1175 ὅτι
730 1134 897 1188 γένονεν,
938 1133 1044 1188 εἴπερ
1074 1135 1139 1175 καὶ
1168 1138 1246 1182 πᾶς
1274 1133 1294 1176 ὃ
1317 1135 1489 1189 κόσμος·
1520 1136 1700 1192 ἅμαγὰρ

292 1201 417 1255 αὐτῆς
454 1204 612 1242 ποιοῦσι
650 1199 724 1253 τὴν
758 1201 918 1254 γένεσιν.
977 1200 1078 1242 ὥστε
1118 1202 1238 1253 δῆλον
1277 1199 1332 1248 ὡς
1359 1202 1465 1257 εἴπερ
1498 1203 1627 1244 ἀΐδιον
1654 1202 1700 1244 τὸ

237 1275 261 1308 3
290 1271 391 1316 πᾶν,
429 1268 495 1309 καὶ
523 1268 612 1321 περὶ
640 1270 713 1320 τῆς
743 1266 951 1320 θαλάττης
987 1265 1115 1315 οὕτως
1154 1264 1416 1319 ὑποληπτέον.
1490 1275 1526 1309 3.
1567 1268 1626 1309 Τὸ
1658 1268 1702 1309 δὲ

291 1335 460 1386 νομίζειν
499 1332 651 1374 ἐλάττω
685 1349 726 1373 τε
755 1334 935 1387 γίνεσθαι
963 1333 1009 1374 τὸ
1040 1337 1220 1386 πλῆθος,
1269 1332 1400 1388 ὥσπερ
1430 1335 1528 1389 φησὶ
1557 1332 1702 1387 Δημό-

291 1416 449 1454 κριτος,
479 1401 544 1441 καὶ
563 1400 677 1447 τέλος
704 1396 946 1452 ὗπολείψειν,
974 1403 1054 1441 τῶν
1073 1398 1272 1440 Αἰσώπου
1299 1399 1448 1451 μύθων
1469 1399 1594 1441 οὐθὲν
1614 1401 1702 1440 δια-

291 1467 424 1522 φέρειν
457 1465 578 1507 ἴοικεν
607 1463 628 1506 ὃ
658 1466 914 1517 πεπεισμένος
941 1465 1087 1514 οὕτως·
1126 1466 1191 1506 καὶ
1219 1464 1294 1520 γὰρ
1325 1466 1470 1514 ἐκεῖνος
1498 1465 1703 1519 ἐμυθολό-

291 1547 408 1587 γησεν
438 1529 491 1579 ὡς
519 1533 581 1580 δὶς
606 1532 680 1584 μὲν
708 1529 732 1584 ἦ
762 1531 976 1587 Χάρυβδις
1014 1530 1334 1586 ἀναρροφῆσασα
1366 1531 1412 1573 τὸ
1442 1532 1515 1584 μὲν
1543 1536 1702 1587 πρῶτον

291 1599 344 1641 τὰ
381 1598 454 1655 ὅρη
493 1598 650 1652 ἐποίησε
688 1597 866 1653 φανερά,
907 1598 952 1639 τὸ
984 1599 1028 1639 δὲ
1058 1596 1240 1650 δεύτερον
1270 1597 1344 1645 τὰς
1371 1597 1542 1651 νήσους,
1580 1599 1625 1640 τὸ
1658 1599 1702 1639 δὲ

291 1733 548 1785 posse‚.mari
567 1733 799 1784 praesertim
818 1733 1010 1783 originem
1029 1732 1122 1770 inde
1142 1731 1320 1770 ducente.
1379 1735 1445 1770 26.
1473 1733 1590 1770 Hunc
1609 1745 1702 1783 ergo

292 1801 426 1838 locum
454 1813 576 1850 aquae
606 1813 688 1836 esse
719 1805 758 1836 et
783 1812 863 1836 non
883 1800 1024 1843 maris,
1051 1804 1090 1835 et
1117 1798 1372 1847 quamobrem
1402 1811 1495 1848 pars
1519 1799 1703 1849 potabilis

291 1872 452 1917 praeter
471 1879 567 1912 eam,
596 1878 694 1915 quae
713 1865 814 1912 fluit,
847 1866 998 1902 occulta
1019 1865 1078 1911 sit,
1107 1865 1180 1901 alia
1199 1878 1297 1902 vero
1318 1878 1409 1914 pars
1428 1870 1601 1910 maneat,
1632 1878 1703 1902 cur

292 1933 388 1970 item
417 1944 525 1968 mare
551 1944 674 1981 aquae
703 1931 833 1981 potius
852 1931 902 1967 sit
919 1931 1034 1979 finis,
1066 1943 1180 1980 quam
1202 1930 1462 1979 principium,
1491 1943 1573 1967 non
1592 1944 1702 1967 secus

292 2012 338 2037 ac
354 1999 397 2036 in
415 1997 647 2048 corporibus
666 1998 787 2034 totius
808 1997 1003 2044 alimenti,
1031 1998 1099 2035 sed
1119 1995 1270 2033 humidi
1298 1996 1544 2046 potissimum
1563 2010 1703 2035 excre-

294 2070 491 2111 mentum,
519 2063 721 2114 hucusque
742 2076 764 2099 a
781 2062 893 2100 nobis
912 2062 1100 2099 traditum
1120 2061 1179 2099 sit.

378 2130 556 2168 cmm.
578 2131 642 2167 De
658 2129 742 2166 eius
757 2134 887 2166 autem
906 2128 1098 2166 salsedine
1118 2133 1158 2164 et
1174 2133 1309 2164 utrum
1326 2134 1559 2178 perpetuum
1575 2128 1636 2175 sit,
1652 2141 1702 2166 au

294 2211 367 2235 nec
376 2196 497 2235 fuerit
513 2195 734 2246 aliquando,
756 2209 828 2232 nec
844 2195 1024 2233 futurum
1044 2196 1105 2241 sit,
1125 2193 1195 2230 sed
1206 2193 1466 2238 defecturum,
1490 2194 1702 2232 dicendum

296 2270 367 2302 est.
397 2263 473 2301 hoc
495 2263 602 2300 enim
621 2262 742 2298 modo
761 2261 942 2300 nonnulli
960 2262 1146 2299 sentiunt.
1177 2265 1216 2298 2.
1239 2263 1389 2300 Omnes
1410 2260 1568 2310 quidem
1591 2262 1700 2310 geni-

294 2338 380 2368 tum
403 2342 484 2366 esse
497 2328 685 2366 videntur
695 2328 821 2373 fateri,
834 2328 1027 2378 siquidem
1047 2334 1086 2364 et
1104 2327 1296 2365 mundum
1315 2328 1566 2365 universum:
1585 2327 1700 2364 simul

295 2409 465 2447 namque
479 2396 562 2433 eius
575 2401 706 2433 ortum
717 2395 878 2432 faciunt.
892 2396 1026 2444 Quare
1038 2400 1198 2442 constat,
1212 2396 1242 2431 si
1257 2395 1483 2431 universum
1497 2407 1577 2430 sem
1582 2394 1704 2443 piter-

296 2476 392 2500 num
414 2468 481 2510 cst,
502 2475 583 2498 non
599 2462 715 2498 aliter
731 2461 780 2498 de
795 2461 894 2498 mari
913 2460 1128 2498 existimari
1147 2474 1274 2511 posse.
1333 2465 1370 2498 3.
1390 2461 1560 2498 Censere
1573 2465 1702 2495 autem

293 2531 421 2579 ipsum
433 2555 446 2572 ,
478 2533 523 2565 ut
540 2528 791 2565 Democritus
810 2527 882 2575 ait,
912 2526 1136 2564 decrescere
1158 2533 1198 2564 et
1214 2526 1265 2564 ad
1283 2531 1506 2563 extremum
1527 2523 1704 2562 defectu-

295 2608 406 2632 rum:
444 2593 520 2639 ita,
549 2594 727 2643 inquam,
757 2595 928 2643 aliquem
949 2593 1021 2630 sibi
1052 2593 1314 2643 persuadere,
1353 2590 1451 2627 nihil
1480 2590 1528 2626 ab
1555 2591 1704 2640 Aesopi

295 2659 436 2699 fabulis
469 2659 630 2696 videtur
655 2660 826 2697 differre.
883 2659 987 2698 Nam
1007 2665 1045 2696 et
1059 2659 1128 2696 ille
1152 2658 1345 2696 fabulatus
1371 2662 1429 2693 est
1449 2655 1703 2704 Charybdim,

296 2741 385 2766 cum
405 2727 464 2764 bis
485 2738 604 2774 aquas
622 2725 903 2773 exsorbuisset‚
931 2726 1103 2776 primum
1123 2724 1282 2774 quidem
1301 2727 1454 2760 montes
1478 2722 1703 2759 manifestos

297 2794 446 2842 fecisse,
475 2790 617 2829 deinde
636 2791 792 2840 insulas,
820 2791 991 2838 demum,
1011 2791 1076 2829 ubi
1095 2787 1355 2835 exsorbuerit‚
1377 2793 1525 2826 terram
1543 2787 1703 2825 omnino
