1774 3198
450 352 672 394 LIBRUM
701 350 1028 392 SECUNDUM.
1087 349 1205 389 cAP.
1226 349 1298 389 VI.
1489 337 1583 382 573

157 470 183 507 S
198 475 247 508 to
261 468 301 506 b.
327 467 475 519 Eelog.
491 467 613 518 phys.
641 469 672 508 I.
697 479 738 519 p.
759 467 838 505 669
861 477 970 516 sqq.,
1001 476 1120 515 quem
1146 473 1378 514 comparare
1394 458 1585 511 neglexe-

155 542 252 575 runt
267 531 474 589 editores),
503 534 688 574 Strabo
710 534 858 585 Geogr.
879 534 914 572 I.
945 534 1048 584 p.26
1062 543 1149 582 sqq.
1193 529 1383 591 Seneca
1411 528 1584 579 Quaest-

156 611 248 643 nat.
272 604 323 654 V,
347 605 523 642 16—17.
581 602 785 642 Plinius
810 601 974 638 Histor.
991 607 1080 637 nat.
1097 599 1149 645 II,
1176 597 1244 636 46.
1300 595 1585 635 Vitruvius

156 671 206 709 de
229 670 497 709 architectur.
528 669 569 719 1,
599 673 637 708 6.
677 668 886 708 Gellius
915 669 1058 707 Noett.
1078 666 1210 705 Actio.
1232 666 1297 712 II,
1326 667 1395 703 22.
1453 662 1587 714 Aga-

157 738 244 777 the
256 752 295 776 m
307 751 360 776 er
382 738 623 790 Geograplz.
643 739 853 788 Hypotyp.
877 737 906 784 Ι,
929 740 967 776 2.
995 737 1044 785 II,
1067 733 1133 784 ⁴12,
1191 733 1376 785 Vegeti
1389 746 1445 771 us
1476 728 1523 768 cle
1541 744 1587 769 re

158 807 333 844 militar.
362 807 425 851 V,
457 809 496 845 8.
555 805 829 858 Ampelius
865 803 983 842 Libr.
1016 802 1247 841 memorial.
1278 814 1313 839 c.
1339 802 1376 839 5.
1408 800 1589 838 Carmen
1658 848 1660 853 ,

157 875 309 910 incerti
341 874 529 911 auctoris
560 874 609 912 de
638 876 774 912 ventis
809 872 918 925 apud
954 873 1014 911 W
1025 886 1046 909 e
1055 885 1077 909 r
1087 885 1115 909 n
1125 884 1143 909 s
1155 870 1179 908 d
1191 885 1215 907 o
1225 884 1248 908 r
1259 870 1281 909 f
1286 869 1309 908 f
1350 867 1467 906 Po'e't.
1509 867 1587 905 lat.

157 942 306 978 minor.
346 941 443 980 Vol.
475 942 529 980 V.
568 942 676 980 Part.
704 943 737 980 I.
779 955 819 994 p.
852 939 1105 980 524—532.
1164 937 1405 977 Isidorus
1439 935 1588 987 Origg.
1657 988 1674 993 ἱ

156 1009 288 1057 XIII,
314 1011 380 1046 11.
438 1008 732 1060 Dionysius
770 1010 812 1048 in
842 1009 1062 1058 Geoponic.
1088 1007 1130 1054 I,
1159 1009 1224 1044 11.
1258 1019 1299 1057 p.
1331 1003 1383 1044 45
1403 1017 1487 1057 sqq.
1525 1001 1590 1041 ed.

157 1075 356 1124 Niclas‚
413 1076 729 1115 Laurentius
775 1076 956 1128 Lydus
1004 1076 1052 1113 de
1085 1088 1227 1111 menss:
1277 1086 1310 1110 e.
1340 1076 1376 1111 3.
1418 1085 1457 1123 p.
1491 1074 1586 1109 120.
1648 1076 1653 1080 ’

157 1143 375 1181 Tzetzes
405 1142 592 1181 chiliad.
615 1146 730 1182 Hist.
766 1145 878 1184 VIII.
910 1157 949 1181 v.
970 1143 1114 1181 653-
1130 1141 1224 1189 684,
1253 1138 1589 1191 Nicephorus

155 1211 294 1249 Blem
307 1209 467 1248 midas
495 1212 678 1261 Epitom.
702 1211 826 1262 Phys.
856 1224 891 1250 c.
918 1213 981 1249 17.
1012 1222 1054 1260 p.
1078 1209 1170 1247 134.
1349 1260 1353 1262 p

269 1281 307 1315 1.
333 1277 413 1315 Pro
438 1275 518 1316 τίσι
537 1279 589 1315 H.
610 1279 660 1316 N.
683 1279 877 1317 exhibent
898 1276 986 1317 εἶσί.
1043 1276 1212 1315 Prorsus
1248 1275 1395 1313 omittit
1422 1277 1469 1314 F.
1498 1279 1590 1326 post

154 1343 257 1396 τίσιν
283 1344 395 1383 addit
425 1341 560 1384 αὐτῶν
588 1346 697 1384 Cam.
727 1369 783 1375 —-
828 1345 970 1391 ποίους
1009 1341 1061 1383 δ’·
1083 1340 1131 1383 οὔ
1170 1358 1247 1396 pro
1275 1341 1341 1382 καὶ
1370 1335 1512 1388 ποὶόυς
1542 1337 1589 1379 οὕ

155 1412 455 1463 Olympiod.
494 1414 566 1453 sol.
597 1413 742 1463 42,1).
814 1412 1118 1452 Alexander
1156 1413 1227 1451 fol.
1260 1413 1338 1450 105
1370 1408 1524 1462 (104),
1553 1423 1590 1448 a.

153 1482 314 1532 Integra
339 1481 408 1519 illa
432 1481 559 1519 verba
584 1480 726 1527 ποίους
754 1476 841 1531 ἅμα
859 1484 969 1519 πνεῖν
991 1510 1000 1518 .
1015 1509 1024 1518 .
1039 1509 1048 1518 .
1063 1509 1072 1518 .
1099 1476 1147 1519 οὔ
1174 1480 1319 1518 desunt
1338 1477 1444 1530 apud
1462 1477 1514 1516 A.
1536 1500 1592 1507 —

155 1546 224 1586 καί
251 1553 341 1599 post
366 1544 422 1585 ἔτι
441 1545 488 1586 δέ
500 1548 654 1586 addunt
678 1551 723 1587 F.
742 1547 798 1587 N.
823 1572 872 1577 —
900 1544 1003 1601 πρὸς
1019 1554 1110 1586 ante
1129 1544 1292 1592 τούτοις
1311 1547 1459 1584 omittit
1478 1547 1524 1584 E.
1537 1567 1592 1574 -«

154 1614 314 1654 Deinde
332 1611 596 1666 μαθημάτων
610 1630 687 1668 pro
707 1612 970 1668 παθημάτων
985 1615 1153 1667 praebet
1167 1615 1220 1653 N.
1252 1617 1316 1653 De
1335 1614 1592 1666 problematis

155 1682 230 1721 cfr.
253 1682 304 1719 ad
321 1684 354 1731 I,
377 1684 416 1728 3,
445 1685 509 1722 17.

267 1753 307 1789 2.
337 1745 598 1800 εὖσχημόνως
616 1764 692 1802 pro
712 1747 898 1802 εὐσήμως
927 1752 1123 1804 Olymp.
1144 1751 1214 1790 fol.
1235 1750 1415 1799 42‚b.-
1444 1746 1507 1789 διὸ
1526 1749 1596 1789 καί

155 1817 332 1869 pertinet
349 1817 398 1855 ad
418 1817 542 1855 verba
559 1819 634 1856 τοῦ
650 1819 807 1869 μᾶλλον
828 1816 1017 1871 εὐσήμως
1037 1817 1150 1870 ἔχειν.
1197 1820 1327 1857 Terra
1351 1819 1456 1856 enim
1478 1817 1594 1856 habi-

156 1885 287 1923 tabilis
304 1898 386 1922 non
404 1886 577 1924 rotunda
598 1892 675 1933 est,
709 1887 884 1939 ideoque
908 1901 1039 1939 neque
1056 1887 1226 1926 horizon
1249 1887 1356 1935 eius,
1385 1899 1462 1938 qua
1481 1886 1531 1923 de
1549 1900 1595 1924 re

157 1952 344 1990 disseruit
362 1955 410 2002 H,
433 1954 470 1991 5.
491 1974 544 1981 —-
583 1949 706 2005 αὐτόν
724 1969 800 2006 pro
823 1951 949 1994 αὐτοῦ
973 1955 1168 1994 exhibent
1187 1955 1241 1994 H.
1265 1955 1331 1993 N.¹
1347 1974 1397 1981 -·
1457 1954 1595 1993 Verba

153 2016 200 2058 τὸ
220 2013 286 2071 ὑφ’
312 2013 427 2070 ἡμῶν
449 2017 684 2072 οἷκούμενον
705 2024 746 2061 ἰιὶ
767 2024 946 2075 margine
977 2023 1114 2075 posuit
1140 2025 1187 2061 F.
1223 2044 1269 2050 —
1320 2019 1417 2060 Post
1435 2018 1592 2061 κάκεῖνο

154 2085 271 2125 Alex.
298 2089 376 2125 105
402 2087 543 2139 (104),
560 2102 583 2126 a
618 2089 730 2128 addit
764 2087 875 2130 αὐτό.
935 2092 1136 2131 Ordinem
1166 2090 1389 2129 verborum
1424 2089 1595 2129 invertit

153 2153 208 2193 N.
237 2167 327 2191 cum
347 2155 494 2193 scribat
514 2154 654 2194 διελεῖν
678 2153 848 2197 κάκεῖνο.

269 2224 308 2259 3.
339 2222 501 2272 πρῶτον
527 2220 603 2272 μὲν
634 2221 795 2263 ἐναντία
823 2225 960 2264 addito
982 2222 1055 2276 μέν
1074 2227 1120 2264 F.
1139 2225 1191 2264 H.
1212 2224 1266 2263 N.
1286 2245 1343 2253 —
1372 2219 1471 2263 εἶναι
1490 2221 1594 2264 κατὰ

155 2285 280 2327 τόπον
301 2295 453 2326 mutato
472 2289 615 2328 ordine
633 2289 688 2328 N.
751 2300 754 2302 '

261 2355 309 2394 ,4.
338 2351 398 2408 ἐφ’
422 2347 472 2394 οὗ
490 2370 566 2408 pro
586 2354 646 2409 ἐφ’
670 2348 703 2411 ᾧ
726 2358 844 2396 Alex.
859 2356 910 2395 A.
933 2358 1045 2396 Cam.
1066 2358 1112 2396 P.
1132 2358 1174 2396 S.
1198 2357 1288 2396 Cas.
1321 2359 1396 2397 cfr.
1409 2358 1524 2399 V.L.
1542 2359 1594 2398 ad

155 2425 207 2468 ΙΙ,
229 2425 268 2471 7,
291 2426 331 2461 2.
371 2424 555 2462 Fecimus
575 2438 665 2462 cum
686 2427 733 2463 B.
758 2425 941 2463 codicum
961 2425 1176 2464 lectionem
1196 2433 1468 2477 sequente.—
1497 2423 1596 2467 τοῦ-

156 2503 231 2528 του
251 2503 324 2541 pro
345 2487 477 2545 τούτῳ
499 2493 546 2530 F.
570 2512 624 2519 —
661 2494 764 2530 Mox
783 2507 860 2545 pro
882 2489 942 2546 ἐφ’
967 2483 1013 2531 οὗ
1037 2495 1085 2531 F.
1107 2494 1274 2544 praebet
1297 2490 1357 2547 ἐφ’
1385 2485 1417 2549 ᾦ
1439 2501 1481 2534 et
1495 2496 1596 2535 arti-

155 2558 289 2595 culum
308 2563 400 2595 ante
421 2561 466 2597 B.
487 2559 635 2598 omittit
656 2573 746 2598 cum
765 2560 883 2599 codd.
906 2562 957 2598 H.
971 2567 1012 2599 et
1025 2559 1079 2598 N.
1098 2582 1155 2590 —
1183 2558 1229 2600 τὸ
1260 2559 1335 2613 μὲν
1366 2559 1434 2615 ἐφ’
1460 2554 1508 2602 οὗ
1537 2565 1592 2603 Η.

156 2624 292 2662 addito
313 2622 388 2674 μέν
408 2626 462 2664 Ν.
485 2649 540 2655 —
571 2623 720 2678 ἄρκτος
748 2624 851 2672 ἔστω
878 2629 1042 2668 inverso
1071 2628 1214 2667 ordine
1242 2630 1290 2667 F.
1315 2628 1388 2678 Ν,,
1420 2643 1594 2681 quorum

156 2692 356 2743 posterior
388 2706 464 2744 pro
495 2692 677 2734 ἐναντίον
707 2695 872 2735 exhibet
899 2694 1059 2735 ἐναντία
1084 2696 1135 2735 ad
1155 2695 1388 2750 μεσημβρία
1406 2699 1592 2738 relatum.

159 2782 214 2791 --
249 2762 387 2801 Verba
414 2758 460 2801 τὸ
491 2759 533 2801 δ’
563 2759 632 2816 ἐφ’
664 2753 714 2802 οὗ
748 2789 968 2803 ......
1003 2761 1206 2818 χειμερινή
1234 2765 1278 2804 in
1308 2765 1488 2817 margine
1517 2779 1594 2818 po-

158 2827 236 2866 suit
265 2830 311 2866 F.
