<?xml version="1.0" encoding="UTF-8"?>
<!DOCTYPE html PUBLIC "-//W3C//DTD XHTML 1.0 Transitional//EN"
    "http://www.w3.org/TR/xhtml1/DTD/xhtml1-transitional.dtd">
<html xmlns="http://www.w3.org/1999/xhtml" xml:lang="en" lang="en">
 <head>
  <title>
</title>
<meta http-equiv="Content-Type" content="text/html;charset=utf-8" />
  <meta name='ocr-system' content='tesseract 3.04.00' />
  <meta name='ocr-capabilities' content='ocr_page ocr_carea ocr_par ocr_line ocrx_word'/>
</head>
<body>
  <div class='ocr_page' id='page_1' title='image "./meteorologicorum01arisuoft_0377.png"; bbox 0 0 1812 3158; ppageno 0'>
   <div class='ocr_carea' id='block_1_1' title="bbox 443 314 1563 368">
    <p class='ocr_par' dir='ltr' id='par_1_1' title="bbox 443 314 1563 368">
     <span class='ocr_line' id='line_1_1' title="bbox 443 314 1563 368; baseline -0.004 -2"><span class='ocrx_word' id='word_1_1' title='bbox 443 326 668 368; x_wconf 88' lang='lat' dir='ltr'>LIBRUM</span> <span class='ocrx_word' id='word_1_2' title='bbox 696 325 942 367; x_wconf 82' lang='lat' dir='ltr'>PRIMUM.</span> <span class='ocrx_word' id='word_1_3' title='bbox 998 324 1118 367; x_wconf 89' lang='lat' dir='ltr'>CAP.</span> <span class='ocrx_word' id='word_1_4' title='bbox 1146 326 1224 367; x_wconf 91' lang='lat'>111.</span> <span class='ocrx_word' id='word_1_5' title='bbox 1468 314 1563 362; x_wconf 76' lang='grc'><strong>337</strong></span> 
     </span>
    </p>
   </div>
   <div class='ocr_carea' id='block_1_2' title="bbox 109 435 1578 2803">
    <p class='ocr_par' dir='ltr' id='par_1_2' title="bbox 109 435 1578 2803">
     <span class='ocr_line' id='line_1_2' title="bbox 117 435 1566 498; baseline -0.004 -14"><span class='ocrx_word' id='word_1_6' title='bbox 117 458 157 498; x_wconf 87' lang='lat' dir='ltr'><strong>p.</strong></span> <span class='ocrx_word' id='word_1_7' title='bbox 178 446 277 490; x_wconf 80' lang='lat'><strong>987,</strong></span> <span class='ocrx_word' id='word_1_8' title='bbox 297 456 320 482; x_wconf 81' lang='lat' dir='ltr'><strong>a</strong></span> <span class='ocrx_word' id='word_1_9' title='bbox 349 441 479 494; x_wconf 79' lang='lat' dir='ltr'><strong>tetigit</strong></span> <span class='ocrx_word' id='word_1_10' title='bbox 498 441 560 480; x_wconf 87' lang='lat' dir='ltr'><strong>his</strong></span> <span class='ocrx_word' id='word_1_11' title='bbox 584 440 742 481; x_wconf 86' lang='lat' dir='ltr'><strong>verbis:</strong></span> <span class='ocrx_word' id='word_1_12' title='bbox 771 436 816 479; x_wconf 70' lang='grc' dir='ltr'><strong>ἐκ</strong></span> <span class='ocrx_word' id='word_1_13' title='bbox 835 436 929 478; x_wconf 81' lang='grc' dir='ltr'><strong><em>νέου</em></strong></span> <span class='ocrx_word' id='word_1_14' title='bbox 957 452 1000 479; x_wconf 80' lang='grc' dir='ltr'><strong>τε</strong></span> <span class='ocrx_word' id='word_1_15' title='bbox 1027 436 1107 492; x_wconf 80' lang='grc' dir='ltr'><strong>γὰρ</strong></span> <span class='ocrx_word' id='word_1_16' title='bbox 1137 435 1325 492; x_wconf 70' lang='grc' dir='ltr'>συνήθης</span> <span class='ocrx_word' id='word_1_17' title='bbox 1352 435 1566 493; x_wconf 74' lang='grc' dir='ltr'><strong><em>γενόμενος</em></strong></span> 
     </span>
     <span class='ocr_line' id='line_1_3' title="bbox 117 502 1568 565; baseline -0.002 -15"><span class='ocrx_word' id='word_1_18' title='bbox 117 513 283 562; x_wconf 81' lang='grc' dir='ltr'><em>πρῶτον</em></span> <span class='ocrx_word' id='word_1_19' title='bbox 305 506 511 565; x_wconf 79' lang='grc' dir='ltr'><em>Κρατύλῳ</em></span> <span class='ocrx_word' id='word_1_20' title='bbox 541 507 608 550; x_wconf 86' lang='grc' dir='ltr'><strong>καὶ</strong></span> <span class='ocrx_word' id='word_1_21' title='bbox 634 512 722 556; x_wconf 79' lang='grc' dir='ltr'><strong><em>τοῖς</em></strong></span> <span class='ocrx_word' id='word_1_22' title='bbox 737 503 1057 561; x_wconf 67' lang='grc' dir='ltr'><strong>ςΗρακλει·ιέ,ιόις</strong></span> <span class='ocrx_word' id='word_1_23' title='bbox 1087 503 1247 555; x_wconf 78' lang='grc' dir='ltr'><strong><em>δόξαις,</em></strong></span> <span class='ocrx_word' id='word_1_24' title='bbox 1289 502 1346 554; x_wconf 80' lang='grc' dir='ltr'><strong>ὥς</strong></span> <span class='ocrx_word' id='word_1_25' title='bbox 1374 502 1568 547; x_wconf 75' lang='grc' dir='ltr'><em>ἁπάντων</em></span> 
     </span>
     <span class='ocr_line' id='line_1_4' title="bbox 118 571 1568 631; baseline -0.003 -12"><span class='ocrx_word' id='word_1_26' title='bbox 118 581 202 620; x_wconf 82' lang='grc' dir='ltr'><strong>τῶν</strong></span> <span class='ocrx_word' id='word_1_27' title='bbox 225 577 439 630; x_wconf 76' lang='grc' dir='ltr'><em>αἰσθητῶν</em></span> <span class='ocrx_word' id='word_1_28' title='bbox 463 575 524 618; x_wconf 80' lang='grc' dir='ltr'><strong>ἀεὶ</strong></span> <span class='ocrx_word' id='word_1_29' title='bbox 554 573 729 631; x_wconf 76' lang='grc' dir='ltr'><em>ῥεόντων</em></span> <span class='ocrx_word' id='word_1_30' title='bbox 758 574 824 616; x_wconf 81' lang='grc' dir='ltr'><strong>καὶ</strong></span> <span class='ocrx_word' id='word_1_31' title='bbox 854 571 1078 627; x_wconf 75' lang='grc' dir='ltr'><em>ἐπιστήμης</em></span> <span class='ocrx_word' id='word_1_32' title='bbox 1106 573 1197 629; x_wconf 78' lang='grc' dir='ltr'><strong><em>περὶ</em></strong></span> <span class='ocrx_word' id='word_1_33' title='bbox 1228 571 1364 615; x_wconf 78' lang='grc' dir='ltr'>αὐτῶν</span> <span class='ocrx_word' id='word_1_34' title='bbox 1393 571 1468 615; x_wconf 72' lang='grc' dir='ltr'><strong>οὐκ</strong></span> <span class='ocrx_word' id='word_1_35' title='bbox 1498 571 1568 615; x_wconf 66' lang='grc' dir='ltr'><strong>οὗ·</strong></span> 
     </span>
     <span class='ocr_line' id='line_1_5' title="bbox 120 636 1568 698; baseline -0.003 -12"><span class='ocrx_word' id='word_1_36' title='bbox 120 660 208 698; x_wconf 81' lang='grc' dir='ltr'><strong><em>σης,</em></strong></span> <span class='ocrx_word' id='word_1_37' title='bbox 236 648 369 686; x_wconf 81' lang='grc' dir='ltr'><em>ταῦτα</em></span> <span class='ocrx_word' id='word_1_38' title='bbox 397 643 473 697; x_wconf 78' lang='grc' dir='ltr'><strong>μὲν</strong></span> <span class='ocrx_word' id='word_1_39' title='bbox 502 644 569 685; x_wconf 84' lang='grc' dir='ltr'><strong>καὶ</strong></span> <span class='ocrx_word' id='word_1_40' title='bbox 596 641 768 697; x_wconf 70' lang='grc' dir='ltr'><strong><em>ὕστερον</em></strong></span> <span class='ocrx_word' id='word_1_41' title='bbox 797 636 931 690; x_wconf 69' lang='grc' dir='ltr'><em>οὕτως</em></span> <span class='ocrx_word' id='word_1_42' title='bbox 957 637 1167 694; x_wconf 72' lang='grc' dir='ltr'><strong>ὑπέλαβεν.</strong></span> <span class='ocrx_word' id='word_1_43' title='bbox 1206 666 1265 674; x_wconf 80' lang='grc'><strong>-·</strong></span> <span class='ocrx_word' id='word_1_44' title='bbox 1320 644 1486 692; x_wconf 83' lang='lat' dir='ltr'><strong>Nescio,</strong></span> <span class='ocrx_word' id='word_1_45' title='bbox 1517 658 1568 682; x_wconf 84' lang='lat' dir='ltr'><strong>an</strong></span> 
     </span>
     <span class='ocr_line' id='line_1_6' title="bbox 120 712 1568 763; baseline -0.003 -10"><span class='ocrx_word' id='word_1_46' title='bbox 120 721 162 753; x_wconf 91' lang='lat' dir='ltr'><strong>et</strong></span> <span class='ocrx_word' id='word_1_47' title='bbox 180 714 288 753; x_wconf 88' lang='lat' dir='ltr'><strong>hunc</strong></span> <span class='ocrx_word' id='word_1_48' title='bbox 306 715 440 753; x_wconf 90' lang='lat' dir='ltr'><strong>locum</strong></span> <span class='ocrx_word' id='word_1_49' title='bbox 460 720 553 753; x_wconf 81' lang='lat' dir='ltr'><strong>ante</strong></span> <span class='ocrx_word' id='word_1_50' title='bbox 580 714 719 752; x_wconf 81' lang='lat' dir='ltr'><strong>oculos</strong></span> <span class='ocrx_word' id='word_1_51' title='bbox 738 712 947 762; x_wconf 82' lang='lat' dir='ltr'><strong>habuerit,</strong></span> <span class='ocrx_word' id='word_1_52' title='bbox 979 725 1070 750; x_wconf 90' lang='lat' dir='ltr'><strong>cum</strong></span> <span class='ocrx_word' id='word_1_53' title='bbox 1091 712 1182 750; x_wconf 84' lang='lat' dir='ltr'><strong>satis</strong></span> <span class='ocrx_word' id='word_1_54' title='bbox 1202 712 1341 763; x_wconf 89' lang='lat' dir='ltr'><strong>inepte</strong></span> <span class='ocrx_word' id='word_1_55' title='bbox 1364 717 1568 763; x_wconf 77' lang='lat' dir='ltr'><strong>tamquam</strong></span> 
     </span>
     <span class='ocr_line' id='line_1_7' title="bbox 120 779 1568 834; baseline -0.001 -14"><span class='ocrx_word' id='word_1_56' title='bbox 120 782 352 834; x_wconf 86' lang='lat' dir='ltr'>opinionem</span> <span class='ocrx_word' id='word_1_57' title='bbox 384 782 433 820; x_wconf 83' lang='lat' dir='ltr'><strong>ab</strong></span> <span class='ocrx_word' id='word_1_58' title='bbox 458 782 680 821; x_wconf 86' lang='lat' dir='ltr'><strong>Aristotele</strong></span> <span class='ocrx_word' id='word_1_59' title='bbox 704 781 930 833; x_wconf 86' lang='lat' dir='ltr'><strong>profectam</strong></span> <span class='ocrx_word' id='word_1_60' title='bbox 965 779 1069 818; x_wconf 85' lang='lat' dir='ltr'><strong>hanc</strong></span> <span class='ocrx_word' id='word_1_61' title='bbox 1099 785 1352 832; x_wconf 84' lang='lat' dir='ltr'><strong>proponeret</strong></span> <span class='ocrx_word' id='word_1_62' title='bbox 1382 779 1568 819; x_wconf 87' lang='lat' dir='ltr'><strong>Cicero</strong></span> 
     </span>
     <span class='ocr_line' id='line_1_8' title="bbox 119 845 1568 902; baseline -0.001 -14"><span class='ocrx_word' id='word_1_63' title='bbox 119 849 258 902; x_wconf 77' lang='lat' dir='ltr'><strong>(Tu-w.</strong></span> <span class='ocrx_word' id='word_1_64' title='bbox 292 850 459 900; x_wconf 80' lang='lat' dir='ltr'><strong>Quaest.</strong></span> <span class='ocrx_word' id='word_1_65' title='bbox 490 851 534 898; x_wconf 84' lang='grc' dir='ltr'><strong>Ι,</strong></span> <span class='ocrx_word' id='word_1_66' title='bbox 569 850 664 901; x_wconf 86' lang='lat'>10):</span> <span class='ocrx_word' id='word_1_67' title='bbox 709 849 948 887; x_wconf 75' lang='lat' dir='ltr'><strong>Aristoteles</strong></span> <span class='ocrx_word' id='word_1_68' title='bbox 980 849 1095 900; x_wconf 80' lang='lat' dir='ltr'><strong>longe</strong></span> <span class='ocrx_word' id='word_1_69' title='bbox 1125 851 1302 886; x_wconf 84' lang='lat' dir='ltr'><strong>omnium</strong></span> <span class='ocrx_word' id='word_1_70' title='bbox 1337 845 1568 899; x_wconf 80' lang='lat' dir='ltr'><strong>(Platonem</strong></span> 
     </span>
     <span class='ocr_line' id='line_1_9' title="bbox 117 914 1571 972; baseline -0.001 -18"><span class='ocrx_word' id='word_1_71' title='bbox 117 931 276 968; x_wconf 76' lang='lat' dir='ltr'><strong>semper</strong></span> <span class='ocrx_word' id='word_1_72' title='bbox 293 914 468 972; x_wconf 78' lang='lat' dir='ltr'><strong>excipio)</strong></span> <span class='ocrx_word' id='word_1_73' title='bbox 489 926 710 967; x_wconf 78' lang='lat' dir='ltr'><strong>praestans</strong></span> <span class='ocrx_word' id='word_1_74' title='bbox 730 925 768 955; x_wconf 87' lang='lat' dir='ltr'><strong>et</strong></span> <span class='ocrx_word' id='word_1_75' title='bbox 786 918 946 967; x_wconf 84' lang='lat' dir='ltr'><strong>ingenio</strong></span> <span class='ocrx_word' id='word_1_76' title='bbox 968 925 1006 954; x_wconf 87' lang='lat' dir='ltr'><strong>et</strong></span> <span class='ocrx_word' id='word_1_77' title='bbox 1022 917 1254 967; x_wconf 75' lang='lat' dir='ltr'><strong>diligentia,</strong></span> <span class='ocrx_word' id='word_1_78' title='bbox 1284 929 1376 953; x_wconf 81' lang='lat' dir='ltr'><strong>cum</strong></span> <span class='ocrx_word' id='word_1_79' title='bbox 1393 924 1571 968; x_wconf 84' lang='lat' dir='ltr'><strong>quatuor</strong></span> 
     </span>
     <span class='ocr_line' id='line_1_10' title="bbox 118 983 1570 1037; baseline -0.003 -12"><span class='ocrx_word' id='word_1_80' title='bbox 118 987 196 1025; x_wconf 83' lang='lat' dir='ltr'><strong>illa</strong></span> <span class='ocrx_word' id='word_1_81' title='bbox 222 999 373 1036; x_wconf 79' lang='lat' dir='ltr'><strong>genera</strong></span> <span class='ocrx_word' id='word_1_82' title='bbox 393 987 694 1037; x_wconf 80' lang='lat' dir='ltr'><strong>principiorum</strong></span> <span class='ocrx_word' id='word_1_83' title='bbox 719 993 819 1023; x_wconf 77' lang='lat' dir='ltr'><strong>esset</strong></span> <span class='ocrx_word' id='word_1_84' title='bbox 838 985 1088 1035; x_wconf 79' lang='lat' dir='ltr'><strong>complexus,</strong></span> <span class='ocrx_word' id='word_1_85' title='bbox 1119 998 1139 1022; x_wconf 88' lang='lat' dir='ltr'><strong>e</strong></span> <span class='ocrx_word' id='word_1_86' title='bbox 1162 983 1304 1035; x_wconf 81' lang='lat' dir='ltr'><strong>quibus</strong></span> <span class='ocrx_word' id='word_1_87' title='bbox 1324 985 1460 1022; x_wconf 86' lang='lat' dir='ltr'><strong>omnia</strong></span> <span class='ocrx_word' id='word_1_88' title='bbox 1483 986 1570 1021; x_wconf 89' lang='lat' dir='ltr'><strong>ori-</strong></span> 
     </span>
     <span class='ocr_line' id='line_1_11' title="bbox 118 1053 1570 1106; baseline -0.003 -14"><span class='ocrx_word' id='word_1_89' title='bbox 118 1061 273 1100; x_wconf 84' lang='lat' dir='ltr'><strong>rentur,</strong></span> <span class='ocrx_word' id='word_1_90' title='bbox 303 1056 488 1105; x_wconf 77' lang='lat' dir='ltr'><strong>quintam</strong></span> <span class='ocrx_word' id='word_1_91' title='bbox 509 1054 715 1106; x_wconf 81' lang='lat' dir='ltr'><strong>quandam</strong></span> <span class='ocrx_word' id='word_1_92' title='bbox 732 1061 928 1091; x_wconf 83' lang='lat' dir='ltr'><strong>naturam</strong></span> <span class='ocrx_word' id='word_1_93' title='bbox 946 1060 1078 1090; x_wconf 81' lang='lat' dir='ltr'><strong>censet</strong></span> <span class='ocrx_word' id='word_1_94' title='bbox 1096 1066 1191 1099; x_wconf 76' lang='lat' dir='ltr'><strong>esse,</strong></span> <span class='ocrx_word' id='word_1_95' title='bbox 1222 1066 1243 1089; x_wconf 86' lang='lat' dir='ltr'><strong>e</strong></span> <span class='ocrx_word' id='word_1_96' title='bbox 1261 1065 1343 1103; x_wconf 85' lang='lat' dir='ltr'><strong>qua</strong></span> <span class='ocrx_word' id='word_1_97' title='bbox 1363 1053 1417 1089; x_wconf 80' lang='lat' dir='ltr'><strong>sit</strong></span> <span class='ocrx_word' id='word_1_98' title='bbox 1437 1063 1570 1089; x_wconf 74' lang='lat' dir='ltr'><strong>mene:</strong></span> 
     </span>
     <span class='ocr_line' id='line_1_12' title="bbox 118 1119 1571 1172; baseline -0.002 -13"><span class='ocrx_word' id='word_1_99' title='bbox 118 1123 301 1172; x_wconf 79' lang='lat' dir='ltr'><strong>cogitare</strong></span> <span class='ocrx_word' id='word_1_100' title='bbox 318 1124 423 1160; x_wconf 87' lang='lat' dir='ltr'><strong>enim</strong></span> <span class='ocrx_word' id='word_1_101' title='bbox 442 1129 480 1158; x_wconf 91' lang='lat' dir='ltr'><strong>et</strong></span> <span class='ocrx_word' id='word_1_102' title='bbox 490 1121 709 1171; x_wconf 72' lang='lat' dir='ltr'><strong>providere</strong></span> <span class='ocrx_word' id='word_1_103' title='bbox 726 1128 763 1158; x_wconf 83' lang='lat' dir='ltr'><strong>et</strong></span> <span class='ocrx_word' id='word_1_104' title='bbox 779 1121 930 1158; x_wconf 76' lang='lat' dir='ltr'><strong>discere</strong></span> <span class='ocrx_word' id='word_1_105' title='bbox 948 1128 985 1158; x_wconf 84' lang='lat' dir='ltr'><strong>et</strong></span> <span class='ocrx_word' id='word_1_106' title='bbox 1005 1122 1186 1158; x_wconf 75' lang='lat' dir='ltr'><strong>invenire</strong></span> <span class='ocrx_word' id='word_1_107' title='bbox 1206 1119 1387 1171; x_wconf 84' lang='lat' dir='ltr'><strong>aliquid,</strong></span> <span class='ocrx_word' id='word_1_108' title='bbox 1418 1128 1455 1158; x_wconf 88' lang='lat' dir='ltr'><strong>et</strong></span> <span class='ocrx_word' id='word_1_109' title='bbox 1484 1127 1571 1156; x_wconf 84' lang='lat' dir='ltr'><strong>tam</strong></span> 
     </span>
     <span class='ocr_line' id='line_1_13' title="bbox 119 1189 1570 1238; baseline -0.001 -11"><span class='ocrx_word' id='word_1_110' title='bbox 119 1191 254 1228; x_wconf 86' lang='lat' dir='ltr'><strong>multa</strong></span> <span class='ocrx_word' id='word_1_111' title='bbox 276 1189 363 1227; x_wconf 81' lang='lat' dir='ltr'><strong>alia</strong></span> <span class='ocrx_word' id='word_1_112' title='bbox 382 1189 620 1235; x_wconf 72' lang='lat' dir='ltr'><strong>meminisse,</strong></span> <span class='ocrx_word' id='word_1_113' title='bbox 651 1202 806 1238; x_wconf 83' lang='lat' dir='ltr'><strong>amare,</strong></span> <span class='ocrx_word' id='word_1_114' title='bbox 835 1189 976 1237; x_wconf 76' lang='lat' dir='ltr'><strong>odisse,</strong></span> <span class='ocrx_word' id='word_1_115' title='bbox 996 1201 1151 1237; x_wconf 82' lang='lat' dir='ltr'><strong>cupere,</strong></span> <span class='ocrx_word' id='word_1_116' title='bbox 1172 1190 1326 1234; x_wconf 87' lang='lat' dir='ltr'><strong>timere,</strong></span> <span class='ocrx_word' id='word_1_117' title='bbox 1343 1189 1458 1238; x_wconf 81' lang='lat' dir='ltr'><strong>angi,</strong></span> <span class='ocrx_word' id='word_1_118' title='bbox 1481 1189 1570 1226; x_wconf 80' lang='lat' dir='ltr'><strong>lae-</strong></span> 
     </span>
     <span class='ocr_line' id='line_1_14' title="bbox 118 1254 1570 1308; baseline -0.003 -11"><span class='ocrx_word' id='word_1_119' title='bbox 118 1259 227 1297; x_wconf 85' lang='lat' dir='ltr'><strong>tari.-</strong></span> <span class='ocrx_word' id='word_1_120' title='bbox 255 1258 355 1296; x_wconf 76' lang='lat' dir='ltr'><strong>haec</strong></span> <span class='ocrx_word' id='word_1_121' title='bbox 373 1263 411 1294; x_wconf 83' lang='lat' dir='ltr'><strong>et</strong></span> <span class='ocrx_word' id='word_1_122' title='bbox 428 1257 586 1294; x_wconf 77' lang='lat' dir='ltr'><em>similia</em></span> <span class='ocrx_word' id='word_1_123' title='bbox 614 1270 778 1302; x_wconf 85' lang='lat' dir='ltr'><strong>eorum,</strong></span> <span class='ocrx_word' id='word_1_124' title='bbox 808 1259 852 1295; x_wconf 90' lang='lat' dir='ltr'><strong>in</strong></span> <span class='ocrx_word' id='word_1_125' title='bbox 870 1255 1014 1294; x_wconf 80' lang='lat' dir='ltr'><strong>horum</strong></span> <span class='ocrx_word' id='word_1_126' title='bbox 1044 1263 1216 1308; x_wconf 83' lang='lat' dir='ltr'><strong>quatuor</strong></span> <span class='ocrx_word' id='word_1_127' title='bbox 1238 1269 1432 1306; x_wconf 82' lang='lat' dir='ltr'><strong>generum</strong></span> <span class='ocrx_word' id='word_1_128' title='bbox 1458 1254 1570 1292; x_wconf 83' lang='lat' dir='ltr'><strong>nullo</strong></span> 
     </span>
     <span class='ocr_line' id='line_1_15' title="bbox 118 1323 1572 1375; baseline -0.002 -12"><span class='ocrx_word' id='word_1_129' title='bbox 118 1327 245 1365; x_wconf 69' lang='lat' dir='ltr'><strong>inesse</strong></span> <span class='ocrx_word' id='word_1_130' title='bbox 270 1331 406 1375; x_wconf 83' lang='lat' dir='ltr'><strong>putat.</strong></span> <span class='ocrx_word' id='word_1_131' title='bbox 469 1323 666 1374; x_wconf 85' lang='lat' dir='ltr'><strong>Quintum</strong></span> <span class='ocrx_word' id='word_1_132' title='bbox 689 1338 820 1374; x_wconf 80' lang='lat' dir='ltr'><strong>genus</strong></span> <span class='ocrx_word' id='word_1_133' title='bbox 840 1323 1030 1372; x_wconf 78' lang='lat' dir='ltr'><strong>adhibet,</strong></span> <span class='ocrx_word' id='word_1_134' title='bbox 1067 1337 1221 1363; x_wconf 75' lang='lat' dir='ltr'><strong>vacans</strong></span> <span class='ocrx_word' id='word_1_135' title='bbox 1244 1327 1426 1363; x_wconf 83' lang='lat' dir='ltr'><strong>nomine.-</strong></span> <span class='ocrx_word' id='word_1_136' title='bbox 1454 1331 1494 1362; x_wconf 87' lang='lat' dir='ltr'><strong>et</strong></span> <span class='ocrx_word' id='word_1_137' title='bbox 1512 1325 1572 1361; x_wconf 77' lang='lat' dir='ltr'><strong>sie</strong></span> 
     </span>
     <span class='ocr_line' id='line_1_16' title="bbox 118 1389 1568 1444; baseline -0.003 -12"><span class='ocrx_word' id='word_1_138' title='bbox 118 1395 252 1444; x_wconf 73' lang='lat' dir='ltr'><strong>ipsum</strong></span> <span class='ocrx_word' id='word_1_139' title='bbox 279 1395 462 1431; x_wconf 85' lang='lat' dir='ltr'><strong>animum</strong></span> <span class='ocrx_word' id='word_1_140' title='bbox 495 1389 719 1442; x_wconf 68' lang='grc' dir='ltr'><strong><em>ἐντελεχίαν</em></strong></span> <span class='ocrx_word' id='word_1_141' title='bbox 752 1392 933 1443; x_wconf 84' lang='lat' dir='ltr'><strong>appellat</strong></span> <span class='ocrx_word' id='word_1_142' title='bbox 960 1406 1060 1431; x_wconf 81' lang='lat' dir='ltr'><strong>novo</strong></span> <span class='ocrx_word' id='word_1_143' title='bbox 1083 1396 1267 1439; x_wconf 85' lang='lat' dir='ltr'><strong>nomine,</strong></span> <span class='ocrx_word' id='word_1_144' title='bbox 1299 1395 1419 1444; x_wconf 78' lang='lat' dir='ltr'><strong>quasi</strong></span> <span class='ocrx_word' id='word_1_145' title='bbox 1437 1405 1568 1444; x_wconf 84' lang='lat' dir='ltr'><strong>quan-</strong></span> 
     </span>
     <span class='ocr_line' id='line_1_17' title="bbox 117 1458 1572 1511; baseline -0.001 -12"><span class='ocrx_word' id='word_1_146' title='bbox 117 1461 216 1499; x_wconf 83' lang='lat' dir='ltr'><strong>dam</strong></span> <span class='ocrx_word' id='word_1_147' title='bbox 244 1464 526 1499; x_wconf 80' lang='lat' dir='ltr'><strong>continuatam</strong></span> <span class='ocrx_word' id='word_1_148' title='bbox 552 1463 766 1498; x_wconf 85' lang='lat' dir='ltr'><strong>motionem</strong></span> <span class='ocrx_word' id='word_1_149' title='bbox 797 1469 835 1498; x_wconf 85' lang='lat' dir='ltr'><strong>et</strong></span> <span class='ocrx_word' id='word_1_150' title='bbox 855 1474 1082 1511; x_wconf 84' lang='lat' dir='ltr'><strong>perennem.</strong></span> <span class='ocrx_word' id='word_1_151' title='bbox 1143 1461 1259 1510; x_wconf 83' lang='lat' dir='ltr'><strong>Quae</strong></span> <span class='ocrx_word' id='word_1_152' title='bbox 1279 1460 1331 1498; x_wconf 86' lang='lat' dir='ltr'><strong>de</strong></span> <span class='ocrx_word' id='word_1_153' title='bbox 1350 1458 1572 1498; x_wconf 77' lang='lat' dir='ltr'><strong>entelechia</strong></span> 
     </span>
     <span class='ocr_line' id='line_1_18' title="bbox 119 1526 1573 1581; baseline -0.003 -13"><span class='ocrx_word' id='word_1_154' title='bbox 119 1528 378 1568; x_wconf 74' lang='lat' dir='ltr'><strong>Aristotelica</strong></span> <span class='ocrx_word' id='word_1_155' title='bbox 397 1527 625 1581; x_wconf 79' lang='lat' dir='ltr'><strong>praedicat,</strong></span> <span class='ocrx_word' id='word_1_156' title='bbox 656 1541 704 1566; x_wconf 83' lang='lat' dir='ltr'><strong>ea</strong></span> <span class='ocrx_word' id='word_1_157' title='bbox 724 1528 880 1566; x_wconf 77' lang='lat' dir='ltr'><strong>omissis</strong></span> <span class='ocrx_word' id='word_1_158' title='bbox 907 1528 1114 1567; x_wconf 77' lang='lat' dir='ltr'><strong>nonnullis</strong></span> <span class='ocrx_word' id='word_1_159' title='bbox 1143 1527 1281 1566; x_wconf 85' lang='lat' dir='ltr'><strong>verbis</strong></span> <span class='ocrx_word' id='word_1_160' title='bbox 1309 1539 1412 1578; x_wconf 87' lang='lat' dir='ltr'><strong>quae</strong></span> <span class='ocrx_word' id='word_1_161' title='bbox 1433 1526 1486 1566; x_wconf 79' lang='lat' dir='ltr'><strong>ad</strong></span> <span class='ocrx_word' id='word_1_162' title='bbox 1503 1539 1573 1565; x_wconf 81' lang='lat' dir='ltr'><strong>so-</strong></span> 
     </span>
     <span class='ocr_line' id='line_1_19' title="bbox 118 1594 1577 1647; baseline -0.001 -13"><span class='ocrx_word' id='word_1_163' title='bbox 118 1596 203 1634; x_wconf 89' lang='lat' dir='ltr'><strong>lum</strong></span> <span class='ocrx_word' id='word_1_164' title='bbox 225 1596 404 1634; x_wconf 84' lang='lat' dir='ltr'><strong>animum</strong></span> <span class='ocrx_word' id='word_1_165' title='bbox 425 1602 616 1647; x_wconf 85' lang='lat' dir='ltr'><strong>spectant,</strong></span> <span class='ocrx_word' id='word_1_166' title='bbox 642 1609 811 1647; x_wconf 87' lang='lat' dir='ltr'><strong>prorsus</strong></span> <span class='ocrx_word' id='word_1_167' title='bbox 829 1596 1028 1635; x_wconf 82' lang='lat' dir='ltr'><strong>valentin</strong></span> <span class='ocrx_word' id='word_1_168' title='bbox 1046 1594 1222 1634; x_wconf 84' lang='lat' dir='ltr'><strong>aetheris</strong></span> <span class='ocrx_word' id='word_1_169' title='bbox 1240 1601 1382 1634; x_wconf 83' lang='lat' dir='ltr'><strong>natura</strong></span> <span class='ocrx_word' id='word_1_170' title='bbox 1399 1595 1479 1634; x_wconf 84' lang='lat' dir='ltr'><strong>rite</strong></span> <span class='ocrx_word' id='word_1_171' title='bbox 1497 1608 1577 1633; x_wconf 81' lang='lat' dir='ltr'><strong>ex-</strong></span> 
     </span>
     <span class='ocr_line' id='line_1_20' title="bbox 119 1660 1572 1715; baseline -0.001 -13"><span class='ocrx_word' id='word_1_172' title='bbox 119 1663 313 1715; x_wconf 77' lang='lat' dir='ltr'><strong>plicanda.</strong></span> <span class='ocrx_word' id='word_1_173' title='bbox 344 1664 527 1714; x_wconf 84' lang='lat' dir='ltr'><strong>Ineptam</strong></span> <span class='ocrx_word' id='word_1_174' title='bbox 549 1662 635 1701; x_wconf 82' lang='lat' dir='ltr'>dixi</span> <span class='ocrx_word' id='word_1_175' title='bbox 653 1662 757 1701; x_wconf 86' lang='lat' dir='ltr'><strong>hanc</strong></span> <span class='ocrx_word' id='word_1_176' title='bbox 767 1663 972 1702; x_wconf 87' lang='lat' dir='ltr'><strong>Ciceronis</strong></span> <span class='ocrx_word' id='word_1_177' title='bbox 989 1663 1286 1715; x_wconf 86' lang='lat' dir='ltr'><strong>expositionem</strong></span> <span class='ocrx_word' id='word_1_178' title='bbox 1301 1660 1393 1714; x_wconf 90' lang='lat' dir='ltr'><strong>(cfr.</strong></span> <span class='ocrx_word' id='word_1_179' title='bbox 1405 1662 1572 1702; x_wconf 84' lang='lat' dir='ltr'><strong>Buhle</strong></span> 
     </span>
     <span class='ocr_line' id='line_1_21' title="bbox 124 1729 1573 1784; baseline 0 -15"><span class='ocrx_word' id='word_1_180' title='bbox 124 1730 266 1769; x_wconf 75' lang='lat' dir='ltr'><strong>Gesch.</strong></span> <span class='ocrx_word' id='word_1_181' title='bbox 289 1731 362 1769; x_wconf 84' lang='lat' dir='ltr'><strong>der</strong></span> <span class='ocrx_word' id='word_1_182' title='bbox 382 1729 616 1781; x_wconf 76' lang='lat' dir='ltr'><strong>Philosoph.</strong></span> <span class='ocrx_word' id='word_1_183' title='bbox 647 1731 767 1770; x_wconf 90' lang='lat' dir='ltr'><strong>Tom.</strong></span> <span class='ocrx_word' id='word_1_184' title='bbox 786 1732 841 1771; x_wconf 85' lang='grc' dir='ltr'><strong>ΙΙ.</strong></span> <span class='ocrx_word' id='word_1_185' title='bbox 869 1745 912 1784; x_wconf 82' lang='grc' dir='ltr'><strong>Ρ.</strong></span> <span class='ocrx_word' id='word_1_186' title='bbox 936 1731 1017 1771; x_wconf 84' lang='grc'><strong>548</strong></span> <span class='ocrx_word' id='word_1_187' title='bbox 1037 1731 1164 1784; x_wconf 85' lang='lat' dir='ltr'>sqq.):</span> <span class='ocrx_word' id='word_1_188' title='bbox 1205 1730 1278 1769; x_wconf 78' lang='lat' dir='ltr'><strong>sed</strong></span> <span class='ocrx_word' id='word_1_189' title='bbox 1309 1730 1469 1770; x_wconf 80' lang='lat' dir='ltr'><strong>easdem</strong></span> <span class='ocrx_word' id='word_1_190' title='bbox 1498 1730 1573 1769; x_wconf 79' lang='lat' dir='ltr'><strong>hac</strong></span> 
     </span>
     <span class='ocr_line' id='line_1_22' title="bbox 119 1797 1570 1851; baseline 0.001 -15"><span class='ocrx_word' id='word_1_191' title='bbox 119 1797 163 1836; x_wconf 88' lang='lat' dir='ltr'><strong>in</strong></span> <span class='ocrx_word' id='word_1_192' title='bbox 181 1812 229 1837; x_wconf 89' lang='lat' dir='ltr'><strong>re</strong></span> <span class='ocrx_word' id='word_1_193' title='bbox 247 1804 380 1850; x_wconf 85' lang='lat' dir='ltr'><strong>partes</strong></span> <span class='ocrx_word' id='word_1_194' title='bbox 401 1799 480 1851; x_wconf 88' lang='lat' dir='ltr'><strong>egit</strong></span> <span class='ocrx_word' id='word_1_195' title='bbox 501 1799 709 1849; x_wconf 87' lang='lat' dir='ltr'><strong>Cicero,</strong></span> <span class='ocrx_word' id='word_1_196' title='bbox 741 1812 839 1850; x_wconf 87' lang='lat' dir='ltr'><strong>quas</strong></span> <span class='ocrx_word' id='word_1_197' title='bbox 861 1805 903 1838; x_wconf 84' lang='lat' dir='ltr'><strong>et</strong></span> <span class='ocrx_word' id='word_1_198' title='bbox 920 1799 1016 1838; x_wconf 87' lang='lat' dir='ltr'><strong>alibi</strong></span> <span class='ocrx_word' id='word_1_199' title='bbox 1036 1812 1079 1839; x_wconf 86' lang='lat' dir='ltr'><strong>v.</strong></span> <span class='ocrx_word' id='word_1_200' title='bbox 1094 1812 1129 1838; x_wconf 89' lang='lat' dir='ltr'><strong>c.</strong></span> <span class='ocrx_word' id='word_1_201' title='bbox 1152 1800 1202 1837; x_wconf 86' lang='lat' dir='ltr'><strong>de</strong></span> <span class='ocrx_word' id='word_1_202' title='bbox 1216 1808 1304 1839; x_wconf 86' lang='lat' dir='ltr'><strong>nat.</strong></span> <span class='ocrx_word' id='word_1_203' title='bbox 1318 1798 1426 1837; x_wconf 87' lang='lat' dir='ltr'><strong>deor.</strong></span> <span class='ocrx_word' id='word_1_204' title='bbox 1447 1800 1480 1849; x_wconf 81' lang='grc' dir='ltr'><strong>Ι,</strong></span> <span class='ocrx_word' id='word_1_205' title='bbox 1504 1802 1570 1846; x_wconf 87' lang='grc'><strong>13,</strong></span> 
     </span>
     <span class='ocr_line' id='line_1_23' title="bbox 120 1866 1572 1920; baseline -0.001 -15"><span class='ocrx_word' id='word_1_206' title='bbox 120 1866 192 1905; x_wconf 87' lang='lat' dir='ltr'><strong>ubi</strong></span> <span class='ocrx_word' id='word_1_207' title='bbox 211 1867 391 1907; x_wconf 84' lang='lat' dir='ltr'><strong>Velleius</strong></span> <span class='ocrx_word' id='word_1_208' title='bbox 412 1867 491 1906; x_wconf 79' lang='lat' dir='ltr'><strong>ait:</strong></span> <span class='ocrx_word' id='word_1_209' title='bbox 522 1869 759 1906; x_wconf 81' lang='lat' dir='ltr'><strong>Aristoteles</strong></span> <span class='ocrx_word' id='word_1_210' title='bbox 778 1881 930 1920; x_wconf 86' lang='lat' dir='ltr'><strong>quoque</strong></span> <span class='ocrx_word' id='word_1_211' title='bbox 949 1870 994 1906; x_wconf 89' lang='lat' dir='ltr'><strong>in</strong></span> <span class='ocrx_word' id='word_1_212' title='bbox 1014 1871 1135 1906; x_wconf 86' lang='lat' dir='ltr'><strong>tertio</strong></span> <span class='ocrx_word' id='word_1_213' title='bbox 1161 1867 1209 1905; x_wconf 83' lang='lat' dir='ltr'><strong>de</strong></span> <span class='ocrx_word' id='word_1_214' title='bbox 1226 1867 1489 1918; x_wconf 77' lang='lat' dir='ltr'><strong>philosophia</strong></span> <span class='ocrx_word' id='word_1_215' title='bbox 1517 1867 1572 1905; x_wconf 83' lang='lat' dir='ltr'><strong>li-</strong></span> 
     </span>
     <span class='ocr_line' id='line_1_24' title="bbox 119 1934 1573 1986; baseline 0 -14"><span class='ocrx_word' id='word_1_216' title='bbox 119 1934 189 1973; x_wconf 81' lang='lat' dir='ltr'><strong>bro</strong></span> <span class='ocrx_word' id='word_1_217' title='bbox 216 1935 350 1972; x_wconf 81' lang='lat' dir='ltr'><strong>multa·</strong></span> <span class='ocrx_word' id='word_1_218' title='bbox 374 1935 532 1983; x_wconf 84' lang='lat' dir='ltr'><strong>turbat,</strong></span> <span class='ocrx_word' id='word_1_219' title='bbox 561 1948 589 1972; x_wconf 82' lang='lat' dir='ltr'><strong><em>a</em></strong></span> <span class='ocrx_word' id='word_1_220' title='bbox 609 1936 782 1979; x_wconf 72' lang='lat' dir='ltr'><strong>Platone</strong></span> <span class='ocrx_word' id='word_1_221' title='bbox 802 1938 999 1986; x_wconf 71' lang='lat' dir='ltr'><strong>magistro</strong></span> <span class='ocrx_word' id='word_1_222' title='bbox 1028 1949 1111 1973; x_wconf 90' lang='lat' dir='ltr'><strong>non</strong></span> <span class='ocrx_word' id='word_1_223' title='bbox 1139 1935 1385 1974; x_wconf 72' lang='lat' dir='ltr'><strong>dissentiens.</strong></span> <span class='ocrx_word' id='word_1_224' title='bbox 1443 1935 1573 1973; x_wconf 81' lang='lat' dir='ltr'><strong>Modo</strong></span> 
     </span>
     <span class='ocr_line' id='line_1_25' title="bbox 118 2003 1574 2054; baseline 0 -14"><span class='ocrx_word' id='word_1_225' title='bbox 118 2005 224 2040; x_wconf 89' lang='lat' dir='ltr'><strong>enim</strong></span> <span class='ocrx_word' id='word_1_226' title='bbox 249 2004 374 2041; x_wconf 85' lang='lat' dir='ltr'><strong>menti</strong></span> <span class='ocrx_word' id='word_1_227' title='bbox 403 2003 547 2042; x_wconf 80' lang='lat' dir='ltr'><strong>tribuit</strong></span> <span class='ocrx_word' id='word_1_228' title='bbox 572 2016 728 2041; x_wconf 90' lang='lat' dir='ltr'><strong>omnem</strong></span> <span class='ocrx_word' id='word_1_229' title='bbox 758 2005 1040 2050; x_wconf 72' lang='lat' dir='ltr'><strong>divinitatem;</strong></span> <span class='ocrx_word' id='word_1_230' title='bbox 1071 2003 1188 2041; x_wconf 85' lang='lat' dir='ltr'><strong>modo</strong></span> <span class='ocrx_word' id='word_1_231' title='bbox 1215 2004 1410 2042; x_wconf 86' lang='lat' dir='ltr'><strong>mundum</strong></span> <span class='ocrx_word' id='word_1_232' title='bbox 1438 2005 1574 2054; x_wconf 84' lang='lat' dir='ltr'><strong>ipsum</strong></span> 
     </span>
     <span class='ocr_line' id='line_1_26' title="bbox 109 2071 1574 2125; baseline -0.001 -15"><span class='ocrx_word' id='word_1_233' title='bbox 109 2072 240 2125; x_wconf 48' lang='lat' dir='ltr'><strong>,deum</strong></span> <span class='ocrx_word' id='word_1_234' title='bbox 266 2071 371 2109; x_wconf 80' lang='lat' dir='ltr'><strong>dicit</strong></span> <span class='ocrx_word' id='word_1_235' title='bbox 392 2085 493 2120; x_wconf 74' lang='lat' dir='ltr'><strong>esse,</strong></span> <span class='ocrx_word' id='word_1_236' title='bbox 526 2072 638 2110; x_wconf 81' lang='lat' dir='ltr'><strong>modo</strong></span> <span class='ocrx_word' id='word_1_237' title='bbox 660 2072 861 2123; x_wconf 80' lang='lat' dir='ltr'><strong>quendam</strong></span> <span class='ocrx_word' id='word_1_238' title='bbox 885 2073 1018 2110; x_wconf 83' lang='lat' dir='ltr'><strong>alium</strong></span> <span class='ocrx_word' id='word_1_239' title='bbox 1039 2072 1234 2122; x_wconf 81' lang='lat' dir='ltr'><strong>praeficit</strong></span> <span class='ocrx_word' id='word_1_240' title='bbox 1258 2072 1428 2117; x_wconf 86' lang='lat' dir='ltr'><strong>mundo,</strong></span> <span class='ocrx_word' id='word_1_241' title='bbox 1459 2072 1574 2122; x_wconf 86' lang='lat' dir='ltr'><strong>eique</strong></span> 
     </span>
     <span class='ocr_line' id='line_1_27' title="bbox 122 2139 1574 2192; baseline -0.001 -16"><span class='ocrx_word' id='word_1_242' title='bbox 122 2152 192 2176; x_wconf 78' lang='lat' dir='ltr'><strong>eas</strong></span> <span class='ocrx_word' id='word_1_243' title='bbox 204 2149 344 2188; x_wconf 73' lang='lat' dir='ltr'><strong>partes</strong></span> <span class='ocrx_word' id='word_1_244' title='bbox 362 2139 528 2188; x_wconf 83' lang='lat' dir='ltr'><strong>tribuit,</strong></span> <span class='ocrx_word' id='word_1_245' title='bbox 559 2147 605 2177; x_wconf 86' lang='lat' dir='ltr'><strong>ut</strong></span> <span class='ocrx_word' id='word_1_246' title='bbox 620 2140 884 2189; x_wconf 77' lang='lat' dir='ltr'><strong>replicatione</strong></span> <span class='ocrx_word' id='word_1_247' title='bbox 908 2140 1088 2192; x_wconf 82' lang='lat' dir='ltr'><strong>quadam</strong></span> <span class='ocrx_word' id='word_1_248' title='bbox 1117 2140 1260 2178; x_wconf 82' lang='lat' dir='ltr'><strong>mundi</strong></span> <span class='ocrx_word' id='word_1_249' title='bbox 1279 2147 1430 2176; x_wconf 88' lang='lat' dir='ltr'><strong>motum</strong></span> <span class='ocrx_word' id='word_1_250' title='bbox 1451 2145 1574 2188; x_wconf 78' lang='lat' dir='ltr'><strong>regat</strong></span> 
     </span>
     <span class='ocr_line' id='line_1_28' title="bbox 123 2206 1574 2257; baseline 0 -13"><span class='ocrx_word' id='word_1_251' title='bbox 123 2215 244 2257; x_wconf 83' lang='lat' dir='ltr'><strong>atque</strong></span> <span class='ocrx_word' id='word_1_252' title='bbox 263 2214 426 2244; x_wconf 81' lang='lat' dir='ltr'><strong>tueatur</strong></span> <span class='ocrx_word' id='word_1_253' title='bbox 440 2219 455 2243; x_wconf 87' lang='lat'><strong>.·</strong></span> <span class='ocrx_word' id='word_1_254' title='bbox 483 2209 690 2245; x_wconf 30' lang='lat' dir='ltr'><strong>tumreaeli</strong></span> <span class='ocrx_word' id='word_1_255' title='bbox 712 2208 899 2246; x_wconf 83' lang='lat' dir='ltr'><strong>ardorem</strong></span> <span class='ocrx_word' id='word_1_256' title='bbox 925 2208 1040 2246; x_wconf 80' lang='lat' dir='ltr'><strong>deum</strong></span> <span class='ocrx_word' id='word_1_257' title='bbox 1068 2209 1168 2246; x_wconf 84' lang='lat' dir='ltr'><strong>dicit</strong></span> <span class='ocrx_word' id='word_1_258' title='bbox 1191 2221 1289 2253; x_wconf 79' lang='lat' dir='ltr'><strong>esse,</strong></span> <span class='ocrx_word' id='word_1_259' title='bbox 1320 2221 1399 2245; x_wconf 88' lang='lat' dir='ltr'><strong>non</strong></span> <span class='ocrx_word' id='word_1_260' title='bbox 1420 2206 1574 2244; x_wconf 84' lang='lat' dir='ltr'><strong>intelli-</strong></span> 
     </span>
     <span class='ocr_line' id='line_1_29' title="bbox 119 2273 1575 2328; baseline 0 -18"><span class='ocrx_word' id='word_1_261' title='bbox 119 2285 236 2324; x_wconf 70' lang='lat' dir='ltr'><strong>gens,</strong></span> <span class='ocrx_word' id='word_1_262' title='bbox 266 2273 423 2310; x_wconf 76' lang='lat' dir='ltr'><strong>caelum</strong></span> <span class='ocrx_word' id='word_1_263' title='bbox 436 2274 581 2313; x_wconf 80' lang='lat' dir='ltr'><strong>mundi</strong></span> <span class='ocrx_word' id='word_1_264' title='bbox 598 2288 680 2312; x_wconf 72' lang='lat' dir='ltr'><strong>esee</strong></span> <span class='ocrx_word' id='word_1_265' title='bbox 695 2284 870 2324; x_wconf 84' lang='lat' dir='ltr'><strong>partem,</strong></span> <span class='ocrx_word' id='word_1_266' title='bbox 892 2289 1010 2328; x_wconf 86' lang='lat' dir='ltr'><strong>quem</strong></span> <span class='ocrx_word' id='word_1_267' title='bbox 1029 2276 1112 2314; x_wconf 82' lang='lat' dir='ltr'><strong>alio</strong></span> <span class='ocrx_word' id='word_1_268' title='bbox 1137 2276 1223 2313; x_wconf 84' lang='lat' dir='ltr'><strong>loeo</strong></span> <span class='ocrx_word' id='word_1_269' title='bbox 1243 2277 1329 2325; x_wconf 77' lang='lat' dir='ltr'><strong>ipse</strong></span> <span class='ocrx_word' id='word_1_270' title='bbox 1346 2275 1575 2326; x_wconf 81' lang='lat' dir='ltr'><strong>designarit</strong></span> 
     </span>
     <span class='ocr_line' id='line_1_30' title="bbox 122 2340 1575 2390; baseline -0.001 -10"><span class='ocrx_word' id='word_1_271' title='bbox 122 2343 257 2380; x_wconf 86' lang='lat' dir='ltr'><strong>deum.</strong></span> <span class='ocrx_word' id='word_1_272' title='bbox 317 2340 455 2390; x_wconf 82' lang='lat' dir='ltr'><strong>Quae,</strong></span> <span class='ocrx_word' id='word_1_273' title='bbox 484 2341 563 2380; x_wconf 84' lang='lat' dir='ltr'><strong>nisi</strong></span> <span class='ocrx_word' id='word_1_274' title='bbox 593 2342 775 2381; x_wconf 79' lang='lat' dir='ltr'><strong>consulto</strong></span> <span class='ocrx_word' id='word_1_275' title='bbox 800 2343 1100 2382; x_wconf 81' lang='lat' dir='ltr'><strong>Aristotelicam</strong></span> <span class='ocrx_word' id='word_1_276' title='bbox 1130 2342 1181 2381; x_wconf 87' lang='lat' dir='ltr'><strong>de</strong></span> <span class='ocrx_word' id='word_1_277' title='bbox 1201 2342 1281 2381; x_wconf 92' lang='lat' dir='ltr'><strong>Dei</strong></span> <span class='ocrx_word' id='word_1_278' title='bbox 1309 2346 1456 2380; x_wconf 85' lang='lat' dir='ltr'><strong>natura</strong></span> <span class='ocrx_word' id='word_1_279' title='bbox 1480 2354 1575 2380; x_wconf 87' lang='lat' dir='ltr'><strong>sen-</strong></span> 
     </span>
     <span class='ocr_line' id='line_1_31' title="bbox 124 2407 1576 2463; baseline 0 -15"><span class='ocrx_word' id='word_1_280' title='bbox 124 2410 290 2448; x_wconf 81' lang='lat' dir='ltr'><strong>tentiam</strong></span> <span class='ocrx_word' id='word_1_281' title='bbox 321 2409 526 2460; x_wconf 84' lang='lat' dir='ltr'><strong>pervertit</strong></span> <span class='ocrx_word' id='word_1_282' title='bbox 550 2408 733 2448; x_wconf 85' lang='lat' dir='ltr'><strong>Velleius</strong></span> <span class='ocrx_word' id='word_1_283' title='bbox 768 2407 916 2462; x_wconf 86' lang='lat' dir='ltr'><strong>(quam</strong></span> <span class='ocrx_word' id='word_1_284' title='bbox 942 2411 1175 2463; x_wconf 89' lang='lat' dir='ltr'><strong>opinionem</strong></span> <span class='ocrx_word' id='word_1_285' title='bbox 1204 2409 1420 2461; x_wconf 90' lang='lat' dir='ltr'><strong>proposuit</strong></span> <span class='ocrx_word' id='word_1_286' title='bbox 1446 2408 1576 2448; x_wconf 86' lang='lat' dir='ltr'><strong>Kin-</strong></span> 
     </span>
     <span class='ocr_line' id='line_1_32' title="bbox 124 2475 1576 2528; baseline -0.001 -13"><span class='ocrx_word' id='word_1_287' title='bbox 124 2475 382 2516; x_wconf 83' lang='lat' dir='ltr'><strong>dervater</strong></span> <span class='ocrx_word' id='word_1_288' title='bbox 411 2477 727 2528; x_wconf 82' lang='lat' dir='ltr'><strong>Anmerkungen</strong></span> <span class='ocrx_word' id='word_1_289' title='bbox 747 2479 834 2516; x_wconf 84' lang='lat' dir='ltr'><strong>und</strong></span> <span class='ocrx_word' id='word_1_290' title='bbox 853 2479 1187 2528; x_wconf 77' lang='lat' dir='ltr'><strong>Abhandlungen</strong></span> <span class='ocrx_word' id='word_1_291' title='bbox 1215 2491 1266 2515; x_wconf 81' lang='lat' dir='ltr'><strong>zu</strong></span> <span class='ocrx_word' id='word_1_292' title='bbox 1287 2478 1456 2515; x_wconf 73' lang='lat' dir='ltr'><strong>Cicero&#39;s</strong></span> <span class='ocrx_word' id='word_1_293' title='bbox 1478 2475 1576 2515; x_wconf 65' lang='lat' dir='ltr'><strong>Bia·-</strong></span> 
     </span>
     <span class='ocr_line' id='line_1_33' title="bbox 124 2543 1577 2598; baseline 0 -16"><span class='ocrx_word' id='word_1_294' title='bbox 124 2543 247 2582; x_wconf 72' lang='lat' dir='ltr'><strong>chem</strong></span> <span class='ocrx_word' id='word_1_295' title='bbox 267 2558 344 2582; x_wconf 74' lang='lat' dir='ltr'><strong>von</strong></span> <span class='ocrx_word' id='word_1_296' title='bbox 362 2543 434 2581; x_wconf 85' lang='lat' dir='ltr'><strong>der</strong></span> <span class='ocrx_word' id='word_1_297' title='bbox 453 2546 598 2582; x_wconf 83' lang='lat' dir='ltr'><strong>Natur</strong></span> <span class='ocrx_word' id='word_1_298' title='bbox 617 2544 688 2582; x_wconf 84' lang='lat' dir='ltr'><strong>der</strong></span> <span class='ocrx_word' id='word_1_299' title='bbox 708 2545 848 2583; x_wconf 74' lang='lat' dir='ltr'><strong>Gb&#39;tter</strong></span> <span class='ocrx_word' id='word_1_300' title='bbox 874 2547 967 2585; x_wconf 89' lang='lat' dir='ltr'><strong>vol.</strong></span> <span class='ocrx_word' id='word_1_301' title='bbox 990 2547 1024 2585; x_wconf 89' lang='grc' dir='ltr'><strong>Ι.</strong></span> <span class='ocrx_word' id='word_1_302' title='bbox 1054 2559 1096 2598; x_wconf 88' lang='lat' dir='ltr'><strong>p.</strong></span> <span class='ocrx_word' id='word_1_303' title='bbox 1115 2543 1224 2597; x_wconf 86' lang='lat'>207)</span> <span class='ocrx_word' id='word_1_304' title='bbox 1253 2558 1421 2596; x_wconf 82' lang='lat' dir='ltr'><strong>prorsus</strong></span> <span class='ocrx_word' id='word_1_305' title='bbox 1439 2545 1577 2596; x_wconf 85' lang='lat' dir='ltr'><strong>inepta</strong></span> 
     </span>
     <span class='ocr_line' id='line_1_34' title="bbox 124 2611 1577 2673; baseline 0.001 -22"><span class='ocrx_word' id='word_1_306' title='bbox 124 2612 291 2664; x_wconf 85' lang='lat' dir='ltr'><strong>fereque</strong></span> <span class='ocrx_word' id='word_1_307' title='bbox 310 2611 485 2651; x_wconf 83' lang='lat' dir='ltr'><strong>absurda</strong></span> <span class='ocrx_word' id='word_1_308' title='bbox 505 2626 602 2673; x_wconf 61' lang='lat' dir='ltr'><strong>esge,</strong></span> <span class='ocrx_word' id='word_1_309' title='bbox 633 2611 781 2650; x_wconf 87' lang='lat' dir='ltr'><strong>docent</strong></span> <span class='ocrx_word' id='word_1_310' title='bbox 799 2625 856 2662; x_wconf 87' lang='lat' dir='ltr'><strong>ea,</strong></span> <span class='ocrx_word' id='word_1_311' title='bbox 888 2626 989 2664; x_wconf 80' lang='lat' dir='ltr'><strong>quae</strong></span> <span class='ocrx_word' id='word_1_312' title='bbox 1009 2613 1200 2666; x_wconf 85' lang='lat' dir='ltr'><strong>exposuit</strong></span> <span class='ocrx_word' id='word_1_313' title='bbox 1216 2613 1318 2651; x_wconf 79' lang='lat' dir='ltr'><strong>vat</strong></span> <span class='ocrx_word' id='word_1_314' title='bbox 1330 2627 1384 2652; x_wconf 87' lang='lat' dir='ltr'><strong>er</strong></span> <span class='ocrx_word' id='word_1_315' title='bbox 1413 2615 1455 2652; x_wconf 85' lang='lat' dir='ltr'><em>V</em></span> <span class='ocrx_word' id='word_1_316' title='bbox 1451 2613 1577 2652; x_wconf 83' lang='lat' dir='ltr'><strong>indie.</strong></span> 
     </span>
     <span class='ocr_line' id='line_1_35' title="bbox 133 2678 1578 2733; baseline 0.001 -16"><span class='ocrx_word' id='word_1_317' title='bbox 133 2679 263 2719; x_wconf 73' lang='lat' dir='ltr'><strong>Theoi.</strong></span> <span class='ocrx_word' id='word_1_318' title='bbox 277 2682 446 2719; x_wconf 78' lang='lat' dir='ltr'><strong>Aristot.</strong></span> <span class='ocrx_word' id='word_1_319' title='bbox 467 2694 507 2733; x_wconf 93' lang='lat' dir='ltr'><strong>p.</strong></span> <span class='ocrx_word' id='word_1_320' title='bbox 521 2683 572 2720; x_wconf 88' lang='grc'><strong>56</strong></span> <span class='ocrx_word' id='word_1_321' title='bbox 590 2693 679 2732; x_wconf 88' lang='lat' dir='ltr'>sqq.</span> <span class='ocrx_word' id='word_1_322' title='bbox 738 2678 869 2732; x_wconf 87' lang='lat' dir='ltr'><strong>(Inter</strong></span> <span class='ocrx_word' id='word_1_323' title='bbox 886 2681 996 2720; x_wconf 87' lang='lat' dir='ltr'><strong>locos</strong></span> <span class='ocrx_word' id='word_1_324' title='bbox 1016 2683 1122 2721; x_wconf 83' lang='lat' dir='ltr'><strong>male</strong></span> <span class='ocrx_word' id='word_1_325' title='bbox 1139 2681 1196 2720; x_wconf 91' lang='lat' dir='ltr'><strong>ibi</strong></span> <span class='ocrx_word' id='word_1_326' title='bbox 1214 2680 1440 2719; x_wconf 80' lang='lat' dir='ltr'><strong>intellectos</strong></span> <span class='ocrx_word' id='word_1_327' title='bbox 1456 2681 1578 2719; x_wconf 80' lang='lat' dir='ltr'><strong>etiam</strong></span> 
     </span>
     <span class='ocr_line' id='line_1_36' title="bbox 127 2746 1578 2803; baseline 0 -17"><span class='ocrx_word' id='word_1_328' title='bbox 127 2753 267 2786; x_wconf 84' lang='lat' dir='ltr'><strong>noster</strong></span> <span class='ocrx_word' id='word_1_329' title='bbox 295 2748 518 2787; x_wconf 83' lang='lat' dir='ltr'><strong>censendus</strong></span> <span class='ocrx_word' id='word_1_330' title='bbox 546 2746 634 2800; x_wconf 89' lang='lat' dir='ltr'><strong>est).</strong></span> <span class='ocrx_word' id='word_1_331' title='bbox 691 2748 914 2795; x_wconf 88' lang='lat' dir='ltr'><strong>Sententia,</strong></span> <span class='ocrx_word' id='word_1_332' title='bbox 947 2762 1065 2801; x_wconf 87' lang='lat' dir='ltr'><strong>quam</strong></span> <span class='ocrx_word' id='word_1_333' title='bbox 1085 2748 1281 2803; x_wconf 87' lang='lat' dir='ltr'><strong>proponit</strong></span> <span class='ocrx_word' id='word_1_334' title='bbox 1292 2749 1484 2797; x_wconf 85' lang='lat' dir='ltr'><strong>Velleius,</strong></span> <span class='ocrx_word' id='word_1_335' title='bbox 1501 2762 1578 2801; x_wconf 89' lang='lat' dir='ltr'><strong>po-</strong></span> 
     </span>
    </p>
   </div>
   <div class='ocr_carea' id='block_1_3' title="bbox 129 2815 1576 2912">
    <p class='ocr_par' dir='ltr' id='par_1_3' title="bbox 129 2815 1576 2912">
     <span class='ocr_line' id='line_1_37' title="bbox 129 2815 1576 2869; baseline 0.001 -16"><span class='ocrx_word' id='word_1_336' title='bbox 129 2815 210 2853; x_wconf 77' lang='lat' dir='ltr'><strong>tius</strong></span> <span class='ocrx_word' id='word_1_337' title='bbox 229 2815 506 2869; x_wconf 76' lang='lat' dir='ltr'><strong>Anaxagorica</strong></span> <span class='ocrx_word' id='word_1_338' title='bbox 530 2822 591 2856; x_wconf 87' lang='lat' dir='ltr'><strong>est</strong></span> <span class='ocrx_word' id='word_1_339' title='bbox 600 2845 614 2862; x_wconf 85' lang='lat'><em>,</em></span> <span class='ocrx_word' id='word_1_340' title='bbox 646 2829 765 2868; x_wconf 85' lang='lat' dir='ltr'><strong>quam</strong></span> <span class='ocrx_word' id='word_1_341' title='bbox 785 2816 1055 2857; x_wconf 78' lang='lat' dir='ltr'><strong>Aristotelica.</strong></span> <span class='ocrx_word' id='word_1_342' title='bbox 1122 2819 1157 2857; x_wconf 91' lang='lat' dir='ltr'><strong>E</strong></span> <span class='ocrx_word' id='word_1_343' title='bbox 1168 2830 1197 2855; x_wconf 91' lang='lat' dir='ltr'><strong>u</strong></span> <span class='ocrx_word' id='word_1_344' title='bbox 1207 2816 1255 2855; x_wconf 88' lang='lat' dir='ltr'><strong>ri</strong></span> <span class='ocrx_word' id='word_1_345' title='bbox 1265 2816 1317 2868; x_wconf 89' lang='lat' dir='ltr'><strong>pi</strong></span> <span class='ocrx_word' id='word_1_346' title='bbox 1328 2816 1356 2856; x_wconf 82' lang='lat' dir='ltr'><strong>d</strong></span> <span class='ocrx_word' id='word_1_347' title='bbox 1366 2831 1388 2856; x_wconf 89' lang='lat' dir='ltr'><strong>e</strong></span> <span class='ocrx_word' id='word_1_348' title='bbox 1398 2830 1417 2855; x_wconf 76' lang='lat' dir='ltr'>s</span> <span class='ocrx_word' id='word_1_349' title='bbox 1456 2817 1576 2864; x_wconf 89' lang='lat' dir='ltr'><strong>enim,</strong></span> 
     </span>
     <span class='ocr_line' id='line_1_38' title="bbox 1132 2876 1235 2912; baseline -0.01 0"><span class='ocrx_word' id='word_1_350' title='bbox 1132 2892 1150 2902; x_wconf 46' lang='grc' dir='ltr'><em>φ</em></span> <span class='ocrx_word' id='word_1_351' title='bbox 1182 2876 1235 2912; x_wconf 87' lang='grc'><strong>22</strong></span> 
     </span>
    </p>
   </div>
  </div>
 </body>
</html>
