1754 3158
234 312 426 355 xxvm
730 311 1129 354 PRAEFATIO.

231 426 339 480 apud
378 424 544 465 Petrum
575 423 625 463 de
654 421 696 462 la
723 421 914 464 Roviere.
957 425 1076 464 1607.
1141 419 1368 474 Utramque
1409 421 1632 461 editionem

230 505 468 548 comparare
497 490 624 530 licuit.

235 563 238 566 ⁴
340 563 378 600 5.
409 560 546 599 Editio
565 557 646 597 Mo
658 555 806 597 rellii
836 555 942 608 (M.).
974 556 1228 596 Aristotelis
1246 559 1632 604 commentationum

229 627 282 668 de
311 633 466 667 natura
495 625 599 666 libri
632 624 764 666 VIII.
796 623 847 664 de
867 624 984 663 caelo
1002 623 1086 664 IV.
1116 623 1168 663 de
1189 629 1284 663 ortu
1306 628 1349 663 et
1367 626 1548 663 interitu
1561 622 1631 663 ΙΙ.

226 694 595 747 ffIeteorologinffiv
625 693 709 734 IV.
748 677 800 732 «ie
829 695 970 731 anima
1006 690 1097 731 III
1131 697 1175 731 et
1201 705 1344 745 parva
1383 692 1631 739 naturalia,-

224 774 407 815 graece:
436 775 524 801 cum
551 765 687 802 variis
705 758 968 807 lectionibus,
997 759 1105 811 apud
1137 757 1275 798 Guil.
1304 757 1629 799 Morellium.

225 827 355 868 Paris.
388 832 506 868 1561.
544 835 606 876 4.;
654 842 757 882 quae
795 828 921 868 editio
951 826 1099 866 deinde
1129 839 1426 879 saepenumero
1455 827 1633 880 repetita

224 903 301 943 est,
332 896 446 935 cuius
466 904 601 936 tamen
623 895 782 936 nullum
805 893 1016 948 exemplar
1045 895 1285 948 conspicere
1313 893 1416 934 mihi
1445 895 1629 948 contigit.

225 959 344 1009 Quae
377 963 474 1002 inde
505 964 715 1017 depromta
742 964 785 1004 in
817 971 958 1004 nostra
997 963 1178 1005 editione
1216 960 1436 1017 leguntur,
1480 976 1507 1002 a
1537 961 1630 1017 Syl-

220 1029 367 1085 burgio
397 1033 522 1085 petita
548 1039 658 1071 sunt.

330 1099 368 1139 6.
399 1100 537 1139 Editio
566 1098 853 1153 Sylburgii
882 1098 959 1153 (S.)
989 1098 1170 1139 Eosdem
1189 1097 1321 1138 libros
1346 1099 1530 1139 ediderat
1550 1099 1628 1139 Pa-

219 1167 330 1206 risiis
362 1170 481 1207 1547.
511 1172 551 1206 4.
583 1166 642 1207 W
645 1166 841 1215 echelius,
874 1168 990 1206 euius
1014 1167 1208 1207 editionis
1238 1167 1458 1206 divenditis
1488 1180 1628 1207 exem-

217 1232 404 1289 plaribus
437 1248 585 1274 novam
615 1236 830 1275 adornavit
860 1234 1183 1289 Sylburgius
1221 1234 1483 1274 Franeofurti
1519 1236 1627 1289 apud

215 1301 416 1342 haeredes
445 1302 637 1343 Andreae
665 1301 861 1344 Wecheli
899 1303 1018 1343 1584.
1053 1308 1093 1342 4.
1131 1302 1281 1343 additis
1319 1304 1363 1342 in
1390 1302 1475 1343 fine
1510 1305 1627 1343 varia

213 1367 400 1409 locorum
430 1369 607 1411 lectione
631 1386 653 1412 e
675 1370 794 1412 libris
823 1378 911 1411 tum
938 1372 1167 1424 impressis,
1197 1380 1282 1411 tum
1303 1385 1427 1411 manu
1447 1373 1625 1426 scriptis,

212 1437 350 1477 indice
390 1440 568 1491 capitum
607 1447 648 1479 et
685 1453 824 1479 rerum
861 1453 909 1479 ac
945 1438 1169 1480 verborum
1206 1447 1348 1479 notatu
1388 1440 1624 1494 digniorum

212 1503 322 1543 binis
350 1507 594 1547 inventariis
622 1506 752 1547 altero
782 1506 957 1556 Graeco,
987 1505 1119 1546 altero
1146 1507 1313 1547 Latino.
1372 1506 1507 1555 Quam
1536 1507 1625 1547 fere

211 1572 415 1625 integram
443 1575 583 1625 paucis
613 1582 772 1614 tantum
801 1575 1027 1614 immutatis
1062 1577 1231 1628 repetiit
1260 1575 1623 1616 Casaubonus.

323 1642 362 1680 7.
394 1640 601 1680 Editionis
632 1638 978 1680 Casaubonianae
1010 1639 1184 1696 (Cas.)
1212 1642 1358 1696 plenus
1380 1642 1522 1683 titulus
1555 1642 1624 1683 hic

212 1715 296 1747 est:
345 1706 643 1761 Ἀριστοτέλους
674 1712 747 1749 τοῦ
781 1709 1038 1763 Σταγειρίτου
1075 1709 1126 1749 τὰ
1167 1709 1383 1762 σωζόμενα.
1446 1711 1624 1766 Operum

210 1775 465 1816 Aristotelis
494 1775 743 1831 Stagiritae
770 1776 1115 1831 philosophorum
1145 1782 1322 1818 omnium
1350 1779 1478 1832 longe
1498 1783 1622 1832 prin-

211 1848 319 1898 cipis
356 1857 466 1885 nova
499 1845 657 1896 editio,
704 1859 863 1900 graece
894 1850 936 1885 et
966 1845 1113 1885 latine.
1174 1844 1365 1886 Graecus
1394 1852 1622 1888 contextus

211 1925 331 1965 quam
369 1913 703 1954 emendatissime
734 1919 914 1968 praeter
944 1926 1081 1953 omnes
1110 1917 1286 1953 omnium
1317 1913 1527 1954 editiones
1557 1921 1621 1956 est

209 1978 375 2019 editus:
414 1981 644 2035 adscripsit
673 1981 731 2022 ad
759 1995 873 2022 oram
902 1981 1007 2022 libri
1032 1987 1076 2022 et
1113 1986 1393 2035 interpretum
1432 1989 1619 2024 veterum

208 2051 569 2102 recentiorumque
591 2055 635 2090 et
653 2051 831 2091 aliorum
861 2050 1074 2091 doctorum
1101 2054 1285 2091 virorum
1316 2051 1620 2093 emendationi-

209 2113 309 2155 bus:
337 2120 382 2156 in
413 2117 560 2170 quibus
581 2119 934 2172 plurimae'nunc
955 2123 1138 2174 primum
1166 2123 1212 2159 in
1238 2120 1368 2160 lucem
1387 2119 1617 2173 prodeunt,

207 2197 266 2224 ea·
306 2184 562 2226 bibliotheca
599 2186 661 2227 Is.
698 2186 950 2228 Casauboni.
1006 2187 1199 2227 Latinae
1234 2191 1618 2242 interpretationes

207 2252 404 2294 adiectae
434 2259 552 2304 sunt,
599 2268 707 2308 quae
739 2255 903 2297 Graeco
941 2259 1170 2296 contextui
1207 2257 1355 2296 melius
1391 2257 1617 2310 responde-

205 2326 326 2370 rent,
358 2327 522 2376 partim
550 2328 859 2374 recentiorum,
893 2328 1056 2379 partim
1085 2330 1271 2365 veteram
1308 2329 1588 2379 interpretum
1599 2341 1616 2366 .·

204 2393 251 2427 in
280 2389 427 2441 quibus
457 2397 501 2431 et
531 2396 636 2446 ipsis
665 2394 795 2434 multa
824 2406 933 2433 nunc
973 2393 1236 2434 emendatius
1273 2394 1393 2447 quam
1432 2393 1615 2434 antehac

167 2492 169 2496 .
208 2456 402 2496 eduntur.
438 2459 685 2500 ‘Accedunt
713 2473 773 2501 ex
801 2460 924 2502 libris
944 2461 1211 2511 Aristotelis,
1245 2465 1321 2515 qui
1345 2459 1470 2500 hodie
1499 2461 1613 2501 desi-

207 2523 435 2574 derantur,
460 2526 720 2580 fragmenta
745 2529 961 2583 quaedam.
1018 2530 1201 2570 Adiecti
1226 2534 1323 2569 sunt
1344 2532 1471 2567 etiam
1500 2528 1612 2569 indi-

206 2605 274 2631 ces
303 2592 383 2632 cluo
405 2595 643 2647 perutiles:
681 2609 852 2649 quorum
882 2598 995 2637 alter
1022 2601 1191 2638 nomina
1219 2600 1434 2636 auctorum
1465 2600 1540 2650 qui
1565 2601 1610 2636 in

206 2659 482 2701 Aristotelem
510 2666 783 2715 scripserunt,
815 2668 1031 2705 continet:
1062 2666 1174 2705 alter
1199 2663 1303 2716 quid
1327 2666 1430 2709 sit-a
1450 2677 1610 2718 quoque

205 2729 251 2766 in
278 2729 471 2782 singulas
505 2729 706 2771 librorum
734 2735 825 2772 eius
858 2737 1011 2785 partes
1045 2735 1245 2786 scriptam
1284 2729 1476 2772 indicat:
1531 2745 1608 2773 nec

1396 2836 1426 2854 (-
