1812 3158
317 366 409 409 358
530 370 976 412 COMMENTARIUS
1004 370 1063 417 IN
1088 370 1495 411 METEOROLOG.

316 486 417 532 vice,
446 482 646 520 vicissim.
695 477 778 518 Cfr.
809 480 1029 518 Gronov.
1059 479 1109 516 ad
1138 479 1342 517 Arrian.
1365 478 1631 521 Anab.Alex.
1650 484 1719 528 111,

317 552 379 587 26,
402 546 549 598 p.142.
579 544 878 599 Wesseling
905 545 956 583 ad
983 545 1193 584 Diodor.
1221 546 1377 591 Sicul.
1405 546 1537 594 11‚34.
1562 547 1720 587 Tom.I.

316 627 356 664 p.
382 612 479 660 148,
503 625 527 649 a
563 617 602 649 et
631 612 681 649 ad
708 611 956 651 Herodot.
984 625 1023 663 p.
1045 613 1136 650 605.
1180 612 1414 650 Perizon.
1443 604 1494 650 ad
1520 612 1721 652 Aelian.

321 680 574 726 Var.H.=111‚
595 682 632 716 3.
661 678 878 728 Bergler
906 679 956 715 ad
978 676 1308 729 Aristophan.
1327 679 1515 717 Ran.32.
1543 681 1725 729 Interpp.

316 743 366 781 ad
383 744 504 782 eiusd.
524 744 604 782 Αν.
617 747 739 786 1228.
770 744 1054 782 Stallbaum
1080 744 1131 781 ad
1153 745 1275 782 Plat.
1299 743 1456 784 Phileb.
1469 744 1561 785 114.
1577 758 1618 796 Ρ.
1635 748 1726 784 159.

317 810 597 848 Blomfield
640 811 768 849 Gloss.
806 811 850 847 in
889 810 1127 861 Aeschyl.
1154 811 1400 861 Agamemn.
1432 814 1521 849 323.
1561 824 1604 861 p.
1635 813 1727 848 188.

317 875 380 914 ed.
405 875 518 926 Lips.
576 877 777 927 Imprimis
805 877 1029 914 Luciano
1066 878 1350 927 frequentatur.
1378 891 1419 916 v.
1442 890 1472 915 c.
1499 878 1658 915 Timon.
1689 879 1727 914 8.

316 943 346 980 Ι.
377 955 418 992 p.
443 943 534 980 115.
568 943 688 980 Dial.
710 945 839 981 Mort.
865 943 971 992 XII,
996 947 1031 981 1.
1061 944 1094 981 Ι.
1126 957 1163 994 p.
1186 946 1278 981 381.
1316 944 1394 980 Bis
1411 942 1559 982 Aecus.
1581 946 1647 980 16.
1673 944 1726 982 Π.

317 1021 356 1058 p.
377 1011 469 1046 811.
499 1007 548 1045 de
568 1009 708 1059 Gymn.
732 1012 795 1047 19.
822 1011 871 1047 II.
903 1023 939 1059 p.
965 1013 1058 1048 899.
1098 1012 1231 1047 Maso.
1250 1010 1416 1046 Eae-om.
1439 1011 1503 1047 13.
1521 1010 1587 1048 ΙΠ.
1609 1022 1647 1059 p.
1664 1011 1729 1047 99.

318 1074 422 1111 alibi.
480 1073 598 1111 Adde
626 1074 863 1124 Xenoph.
891 1075 1032 1112 Anab-
1052 1077 1121 1121 HI,
1143 1074 1180 1123 4,
1200 1079 1274 1113 23:
1303 1072 1344 1113 ἕν
1372 1075 1430 1128 τῷ
1456 1071 1566 1127 μέρει
1595 1071 1632 1112 οἱ
1661 1074 1730 1112 λο-

314 1138 431 1190 χαγοὶ
461 1136 667 1188 διέβαινον.
725 1141 990 1190 comparetur
1011 1142 1176 1178 latinum
1199 1142 1244 1178 in
1256 1149 1426 1190 partem
1443 1140 1551 1192 apud
1571 1141 1731 1179 Hora-

317 1206 445 1243 tium
472 1206 601 1254 Epod.
623 1208 682 1254 II,
709 1209 774 1245 39.
804 1226 859 1233 —
915 1208 979 1244 De
1001 1213 1082 1244 tota
1107 1206 1347 1258 paragrapho
1376 1207 1448 1245 cfr.
1476 1219 1574 1256 quae
1595 1205 1732 1243 monui

319 1271 533 1310 Meteorol.
564 1279 644 1309 vet.
672 1274 752 1317 ΠΙ,
786 1275 850 1310 13.
891 1286 931 1322 Ρ.
960 1275 1024 1310 80.
1077 1269 1517 1322 ἀναθυμιώμενον
1546 1272 1642 1324 πῦρ
1672 1277 1733 1308 est

320 1333 412 1386 ἀήρ,
443 1331 526 1375 οἷον
555 1337 656 1388 πῦρ,
699 1334 766 1375 διὰ
793 1334 840 1376 τὸ
869 1335 941 1388 τὴν
969 1335 1239 1389 ἀναθυμίασιν
1268 1333 1364 1376 εἶναι
1395 1332 1480 1376 οἷον
1508 1338 1610 1390 πῦρ,
1643 1338 1733 1387 qui-

321 1403 392 1439 bus
417 1403 502 1440 fere
529 1403 664 1440 verbis
687 1417 807 1454 supra
832 1417 925 1441 usus
954 1410 1022 1442 est.
1082 1406 1214 1454 Quem
1232 1418 1331 1442 vero
1349 1404 1392 1442 in
1415 1404 1570 1442 verbis:
1599 1399 1733 1442 οὕτω

322 1469 547 1518 συνεχῶς
576 1465 752 1518 τὸμὲν
780 1466 935 1522 ἀέρος
964 1469 1197 1509 διατελεῖ
1219 1471 1364 1521 πλῆρες
1387 1466 1446 1518 ὅν,
1476 1467 1521 1508 τὸ
1544 1467 1587 1508 δὲ
1607 1465 1734 1520 πυρός

320 1534 552 1584 simpliciter
579 1538 712 1573 ae’rem
740 1542 877 1582 vocat,
905 1537 938 1574 is
958 1542 1016 1574 est
1041 1540 1109 1574 a'elr
1135 1537 1351 1587 vaporibus
1370 1537 1525 1586 aquosis
1545 1537 1733 1586 repletus,

305 1596 485 1650 ’δυνάμει
515 1596 599 1640 οἷον
626 1597 753 1654 ὕδωρ.
795 1603 1018 1651 Caeterum,
1039 1615 1160 1653 quum
1180 1603 1281 1640 bene
1301 1603 1501 1640 monuerit
1517 1602 1735 1640 Alexan-

323 1666 414 1704 der
443 1667 499 1704 ab
533 1669 573 1705 H
586 1668 825 1706 umboldt
854 1667 1003 1719 (Essai
1029 1683 1101 1706 sur
1129 1669 1186 1706 les
1210 1667 1461 1723 refractions
1491 1668 1540 1704 de
1568 1667 1610 1704 la
1636 1681 1735 1704 zone

322 1733 487 1770 torride.
521 1735 565 1772 V
562 1747 705 1785 oyage.
742 1735 863 1773 Part.
883 1736 954 1774 IV.
994 1735 1230 1774 Astronom.
1268 1735 1359 1774 Vol.
1380 1737 1410 1774 I.
1440 1748 1478 1784 p.
1507 1730 1601 1784 127)
1640 1733 1737 1771 Ari-

322 1798 452 1835 stoteli
478 1812 560 1837 non
587 1801 765 1850 ignotum
794 1801 914 1839 fuisse
943 1800 1111 1839 fluvium
1138 1800 1241 1838 aeris
1270 1800 1467 1838 calidioris
1496 1813 1518 1836 a
1535 1805 1643 1837 terra
1665 1798 1737 1836 ad·-

323 1863 537 1909 scendere,
578 1865 685 1915 quod
716 1879 786 1915 ego
816 1879 973 1916 quoque
1004 1866 1243 1904 contendens
1271 1866 1375 1903 hunc
1398 1867 1530 1903 locum
1563 1865 1735 1916 respexi,

323 1929 457 1978 plures
484 1929 580 1967 alios
602 1931 873 1969 Aristotelicos
892 1933 1019 1980 locos,
1050 1945 1148 1982 quos
1171 1933 1256 1982 ipse
1274 1937 1463 1979 recenset,
1492 1936 1583 1967 ante
1602 1932 1736 1968 oculos

323 1991 471 2032 habuit.

439 2063 502 2098 19.
534 2062 783 2099 Vocabulum
807 2061 871 2100 ὁέΐ
892 2062 1025 2099 omisit
1043 2063 1086 2099 P.
1143 2061 1300 2100 Deinde
1321 2061 1449 2099 codex
1464 2061 1534 2099 E.:
1566 2062 1651 2106 πῶς
1680 2060 1743 2100 δεῖ

325 2125 460 2174 λαβεῖν
488 2125 577 2179 περὶ
604 2128 676 2176 τοῦ
700 2125 850 2178 μεταξὺ
877 2124 1002 2166 τόπου
1029 2129 1110 2167 τῶν
1139 2124 1299 2180 ἄστρων
1327 2125 1392 2165 καὶ
1421 2128 1494 2177 τῆς
1513 2128 1602 2179 γῆς,
1631 2127 1739 2174 τίνος

326 2188 409 2229 ἐστὶ
436 2188 622 2242 σώματος
648 2190 825 2245 πλήρης,
856 2195 996 2232 omissa
1021 2196 1181 2246 copula,
1222 2193 1330 2244 quod
1353 2194 1440 2231 fere
1468 2195 1738 2244 probaverim.

328 2277 377 2284 —-
409 2255 511 2296 καθ’
547 2255 662 2297 ἑαυτό
702 2260 892 2298 exhibent
919 2262 968 2299 A.
990 2261 1043 2299 N.
1080 2283 1136 2290 -—
1190 2260 1331 2310 Neque
1350 2260 1391 2297 in
1408 2248 1521 2298 libris
1540 2260 1590 2298 de
1610 2262 1739 2299 anima

325 2336 451 2374 neque
470 2325 512 2362 in
532 2324 804 2364 dissertatione
827 2327 877 2365 de
894 2340 1012 2364 sensu
1029 2333 1068 2364 et
1085 2326 1231 2375 sensili,
1262 2326 1395 2376 quales
1413 2339 1518 2364 nunc
1537 2326 1737 2376 habemus,

328 2402 374 2426 ea
393 2389 442 2426 de
464 2404 510 2427 re
530 2403 660 2428 sermo
678 2392 799 2430 factus
825 2399 896 2430 est.
953 2393 1088 2431 Verba
1114 2388 1305 2443 προσήκει
1333 2388 1452 2442 λέγειν
1466 2404 1475 2413 ·
1504 2390 1641 2437 πάθος
1662 2390 1737 2445 γάρ

326 2468 364 2492 τι
384 2452 429 2493 τὸ
447 2453 604 2507 θερμὸν
627 2454 873 2508 αῗσθήσεως,
901 2459 1108 2496 iteratione
1127 2458 1319 2510 postremi
1336 2457 1517 2496 vocabuli
1537 2457 1736 2508 deceptus,

328 2521 458 2559 omisit
477 2521 520 2560 P.
580 2524 737 2561 Deinde
754 2521 911 2576 θερμὸν
938 2526 1021 2562 sine
1046 2525 1212 2562 articulo
1241 2523 1419 2562 dedimus
1441 2536 1492 2559 ex
1507 2524 1738 2562 auctoritate

328 2587 470 2625 codicis
495 2589 544 2626 E.
603 2590 761 2640 Reliqui
794 2604 928 2628 omnes
957 2591 1092 2642 scripti
1124 2597 1164 2628 et
1191 2589 1286 2627 editi
1313 2585 1360 2627 τὸ
1389 2584 1557 2639 θερμόν.
1611 2591 1737 2628 Male:

329 2659 388 2690 est
416 2654 520 2691 enim
545 2652 700 2705 θερμόν
729 2655 859 2704 idem,
895 2656 1002 2707 quod
1032 2652 1057 2707 ἡ
1085 2652 1300 2708 θερμότης.
1355 2655 1450 2692 Plat.
1484 2656 1612 2704 Hipp.
1639 2657 1738 2694 mai.

328 2730 367 2767 p.
389 2721 492 2764 293,
519 2722 576 2758 E:
616 2718 719 2758 ἀλλὰ
747 2718 793 2759 τὸ
822 2719 976 2761 τοιόνδε
1005 2720 1163 2768 σκόπει,
1205 2717 1246 2759 εἴ
1264 2733 1327 2758 σοι
1356 2718 1467 2758 δοκεῖ
1489 2717 1611 2759 καλὸν
1641 2717 1737 2759 εἶναι

330 2781 379 2833 (i.
401 2797 433 2821 e.
455 2785 752 2833 pulchritudo),
779 2787 847 2824 ubi
877 2787 971 2824 vide
999 2786 1275 2825 Heindorf.
1306 2784 1458 2823 Phileh.
1477 2800 1513 2837 p.
1529 2786 1575 2823 4:
1611 2786 1739 2837 Φίλη-
