1820 3158
114 387 196 420 —p.
208 376 288 420 362,
300 387 332 410 a.
358 376 523 410 Bekk.—
595 378 701 417 LIB,
712 378 767 418 ΙΙ,
805 377 924 417 CAP,
942 378 992 417 V,
1076 388 1155 421 —p.
1167 374 1249 420 346,
1262 377 1303 411 Β.
1322 376 1446 412 Cas.—
1496 372 1554 415 97

112 502 177 531 σιν
204 489 242 530 οἶ
273 488 457 545 ὀρνιθίαι
475 503 483 511 ·
526 488 700 544 καὶ.γὰρ
731 481 844 531 οὗτοι
875 488 1031 543 ἐτησίαι
1061 489 1160 530 εἰσὶν
1188 487 1398 539 ἀσθενεῖς·
1441 489 1559 533 ε’λὰτ-

109 560 209 606 τους
237 557 282 598 δὲ
311 558 377 598 καὶ
408 555 638 612 ὂψιαίτεροι
676 560 759 599 τῶν
798 556 969 612 ἐτησίων
1005 556 1193 599 πνέουσιν
1212 571 1222 581 ·
1274 555 1560 616 ἑβδομηκοστῇ

108 624 186 680 γὰρ
226 623 422 680 ἄρχονται
462 630 572 666 πνεῖν
611 624 680 666 διὰ
719 622 767 666 τὸ
805 623 947 681 πόρρω
987 623 1087 666 ὄντα
1117 623 1190 666 τὸν
1219 623 1334 680 ἥλιον
1363 627 1559 681 ἐνισχύειν

110 685 248 746 ἧττον.
292 692 340 734 οὐ
371 698 547 746 συνεχεῖς
577 691 619 733 δ’
646 690 800 746 ὁμοίως
827 698 1017 746 πνέουσι,
1049 692 1153 735 διότι
1182 692 1234 735 τὰ
1260 693 1337 747 μὲν
1366 694 1562 749 ἐπιπολῆς

110 762 175 802 καὶ
205 760 364 815 ἀσθενῆ
393 759 486 802 τότε
514 759 797 817 ἀποκρίνεται,
843 760 895 803 τὰ
926 761 970 802 δὲ
998 764 1157 815 μᾶλλον
1186 760 1395 817 πεπηγότα
1423 763 1559 804 πλείο-

108 845 179 878 νος
207 830 334 870 ὸέῖται
363 827 639 885 θερμότητος.
692 827 754 870 διὸ
784 830 1057 878 διαλείποντες
1086 822 1198 871 οὗτοι
1227 829 1439 883 πνέουσιν,
1481 829 1557 879 ἕως

108 895 159 938 ἂν
188 897 252 938 ἐπὶ
283 903 456 954 τροπαῖς
492 896 614 938 πάλιν
652 902 743 945 ταῖς
770 899 955 952 θεριναῖς
982 897 1155 939 πνίωσιν
1185 897 1224 939 οἶ
1250 898 1429 952 ἐτησίαι,
1473 897 1557 940 ἐπεὶ

106 965 219 1007 θέλει
237 965 279 1021 γ’
302 964 365 1007 ὅτι
383 963 564 1019 μάλιστα
579 954 758 1017 συνεχῶς
785 965 973 1006 ἐντεῦθεν
1001 964 1062 1011 ἀεὶ
1091 971 1202 1007 πνεῖν
1219 957 1379 1019 ἄνεμος.
1408 963 1545 1009 ,1Ο.“Ο
1560 972 1610 1007 10

107 1032 154 1073 δὲ
176 1032 296 1081 νότος
327 1032 407 1075 ἀπὸ
436 1037 512 1088 τῆς
539 1036 709 1088 θερινῆς
733 1035 889 1088 τροπῆς
914 1039 1025 1084 πνεῖ,
1056 1033 1123 1074 καὶ
1154 1032 1227 1075 οὗκ
1253 1032 1334 1075 ἀπὸ
1366 1037 1442 1088 τῆς
1470 1032 1553 1075 ἑτέ-

107 1116 183 1156 ρας
210 1099 374 1156 ἄρκτου.
417 1099 490 1142 δύο
520 1099 597 1155 γὰρ
628 1098 758 1142 ὅντων
787 1098 1014 1154 τμημάτων
1043 1104 1116 1154 τῆς
1146 1102 1323 1155 δυνατῆς
1350 1102 1553 1143 οἰκεῖσθαι

84 1164 89 1165 ⁷
100 1168 263 1223 χώρας,
303 1171 377 1222 τῆς
398 1168 476 1222 μὲν
504 1167 609 1224 πρὸς
637 1167 710 1209 τὸν
739 1166 825 1210 ἄνω
853 1166 982 1210 πόλον
1012 1167 1085 1210 τὸν
1115 1167 1220 1210 καθ’
1243 1164 1371 1223 ἡμᾶς,
1403 1174 1478 1224 τῆς
1508 1170 1554 1211 δὲ

104 1234 208 1291 πρὸς
226 1235 304 1288 ,τὸν
333 1236 470 1291 ἕτερον
500 1237 567 1278 καὶ
597 1235 702 1292 πρὸς
726 1237 1009 1292 μεσημβρίαν,
1060 1237 1127 1278 καὶ
1166 1235 1292 1292 οὔσης
1331 1235 1418 1280 οἷον
1447 1255 1551 1292 τυμ-

102 1302 258 1345 πάνου·
308 1308 494 1357 τοιοῦτον
522 1304 600 1360 γὰρ
634 1307 772 1359 σχῆμα
800 1309 875 1359 τῆς
914 1308 988 1360 γῆς
1026 1304 1285 1359 ἕκτέμνουσιν
1324 1305 1366 1347 αἱ
1402 1306 1446 1348 ἐκ
1474 1310 1550 1348 ‘coi

102 1369 270 1428 κε’ντρου
309 1371 454 1427 αὗτῆς,
474 1371 668 1428 ἀγόμεναι
706 1373 913 1428 γραμμαί,
963 1374 1030 1414 καὶ
1070 1376 1230 1415 ποιοῦσι
1270 1372 1343 1415 δύο
1383 1373 1550 1426 κώνους,

99 1437 172 1480 τὸν
197 1440 274 1493 μέν
311 1440 456 1494 ἔχοντα
493 1439 616 1494 βάσιν
645 1440 718 1490 τὸν
747 1439 964 1497 τροπικόν,
1013 1441 1087 1483 τὸν
1123 1442 1168 1483 δὲ
1196 1441 1269 1483 τὸν
1300 1441 1369 1483 διὰ
1398 1441 1552 1489 παντὸς

100 1505 302 1564 φανερόν,
349 1508 427 1563 τὴν
457 1509 503 1550 δὲ
531 1507 718 1565 κορυφὴν
747 1509 811 1550 ἐπὶ
842 1512 916 1551 τοῦ
943 1508 1073 1563 με’σου
1102 1514 1175 1563 τῆς
1204 1513 1289 1564 γῆς.
1351 1516 1419 1550 11.
1456 1508 1540 1550 Τὸν
1554 1515 1603 1550 11

99 1573 228 1617 αὐτὸν
256 1576 302 1618 δὲ
329 1575 485 1633 τρόπον
514 1576 619 1633 πρὸς
644 1576 718 1618 τὸν
747 1575 859 1619 κάτω
888 1575 1017 1618 πόλον
1047 1576 1174 1633 ἕτεροι
1206 1576 1280 1618 δύο
1318 1581 1439 1619 κῶνοι
1476 1579 1551 1630 τῆς

98 1645 172 1696 γῆς
208 1642 450 1698 ε’κτμήματα
486 1648 686 1686 ποιοῦσιν.
746 1647 880 1685 ταῦτα
918 1642 959 1684 δ’
994 1645 1195 1686 οἰκεῖσθαι
1233 1643 1342 1696 μόνα
1380 1642 1546 1694 δυνατά,

101 1776 144 1815 hi
166 1778 324 1817 Etesiae
350 1780 595 1827 imbecilles,
633 1782 811 1819 minores
838 1794 940 1819 vero
974 1786 1015 1818 et
1046 1781 1198 1820 tardius
1233 1794 1353 1832 quam
1383 1770 1546 1818 Etesiae

100 1846 266 1897 spirant.
321 1846 625 1899 Septuagesimo
651 1862 826 1900 namque
855 1847 921 1886 die
950 1847 1050 1886 flare
1071 1847 1296 1899 incipiunt,
1327 1853 1545 1899 propterea

99 1913 207 1964 quod
225 1914 338 1953 abest
358 1915 449 1964 Sol,
476 1916 591 1968 isque
609 1917 754 1968 procu]
783 1917 915 1954 minus
945 1917 1096 1955 virium
1114 1914 1280 1958 habeat:
1312 1914 1424 1954 haud
1441 1928 1543 1954 vero

98 1982 224 2035 aeque
243 1983 423 2021 continui
449 1983 623 2034 spirant,
654 1985 843 2035 quoniam
872 1998 974 2036 quae
1000 1984 1043 2023 in
1061 1996 1218 2022 summa
1245 1983 1402 2022 telluris
1427 1988 1543 2034 parte

97 2056 264 2100 exstant,
294 2064 420 2102 eaque
437 2051 648 2101 imbecilla,
676 2059 762 2091 tum
784 2058 1071 2091 secernuntur:
1103 2064 1206 2102 quae
1226 2064 1325 2090 vero
1343 2051 1437 2102 gelu
1454 2064 1543 2089 ma-

95 2118 154 2169 gis
173 2124 268 2156 sunt
284 2118 482 2169 adstricta,
512 2119 745 2159 uberiorem
765 2120 940 2159 calorem
956 2119 1181 2171 requirunt.
1240 2119 1441 2169 Quocirca
1466 2131 1544 2170 per

96 2186 310 2224 intervalla
339 2185 382 2224 hi
411 2186 585 2238 spirant,
624 2186 753 2226 donec
779 2202 920 2227 rursus
949 2188 993 2226 in
1019 2186 1354 2226 conversionibus
1383 2186 1544 2224 aestivis

97 2253 256 2291 Etesiae
264 2252 450 2304 perflant,
468 2254 793 2306 quandoquidem
813 2256 862 2294 ab
879 2270 928 2295 eo
946 2256 1043 2294 inde
1062 2261 1249 2306 tempore
1267 2265 1428 2304 semper
1441 2266 1544 2291 ven-

98 2327 176 2366 tus,
187 2333 306 2370 quam
321 2321 495 2358 maxime
516 2329 745 2362 constanter
758 2325 898 2375 spirat.
923 2328 986 2362 10.
1002 2324 1152 2362 Auster
1171 2327 1305 2359 autem
1326 2319 1374 2357 ab
1391 2320 1542 2358 aestiva

95 2387 223 2439 spirat
242 2387 531 2434 conversione,
557 2402 644 2427 -non
662 2391 711 2428 ab
732 2391 856 2429 altera
874 2404 980 2430 ursa.
1036 2390 1143 2428 Nam
1169 2395 1301 2427 terrae
1321 2386 1543 2425 habitabilis

95 2460 299 2506 segmenta
321 2454 403 2493 duo
422 2461 530 2501 sunt,
557 2469 685 2494 unum
702 2457 754 2496 ad
770 2472 964 2510 superum
981 2463 1166 2495 nostrum
1184 2456 1340 2508 polum,
1370 2454 1542 2492 alterum

97 2522 145 2560 acl
170 2523 344 2561 alterum
373 2529 414 2561 et
443 2522 494 2561 ad
524 2524 761 2575 meridiem,
799 2539 925 2577 eaque
957 2525 1142 2577 tympani
1175 2522 1347 2575 speciem
1379 2520 1541 2560 habent.

99 2586 243 2624 Talem
265 2590 374 2629 enim
396 2597 530 2629 terrae
554 2590 727 2643 figuram
753 2593 885 2631 lineae
911 2593 961 2631 ab
983 2592 1069 2631 eius
1095 2597 1235 2630 centro
1254 2589 1396 2628 ductae
1415 2587 1542 2628 disse-

98 2659 209 2702 cant,
248 2652 428 2704 duosquo
458 2672 581 2697 nonos
614 2659 817 2708 efficiunt,
856 2672 1031 2710 quorum
1060 2672 1163 2697 unus
1191 2664 1392 2705 tamquam
1428 2653 1538 2692 basin

98 2720 220 2759 habet
241 2721 461 2773 tropicum,
494 2723 597 2761 alter
620 2737 733 2770 eum,
765 2727 833 2775 qui
852 2738 1014 2776 semper
1041 2723 1300 2775 conspicuus,
1329 2721 1538 2770 circulum,

98 2794 218 2840 atque
246 2788 287 2826 in
315 2794 450 2828 terrae
478 2796 618 2829 centro
644 2791 855 2830 verticem.
918 2795 982 2830 11.
1013 2791 1249 2844 Eodemque
1267 2787 1389 2827 modo
1405 2787 1457 2826 ad
1473 2788 1539 2827 in-

99 2856 231 2894 ferum
269 2856 409 2908 polum
447 2855 528 2895 duo
562 2859 629 2897 alii
661 2859 751 2897 coni
789 2866 923 2898 terrae
954 2859 1149 2899 sectiones
1179 2857 1372 2898 efficiunt.
1430 2855 1538 2893 Haec

1137 2930 1162 2965 7
