1820 3158
638 390 1059 435 PRAEFATIO.
1420 390 1554 433 XVII

102 508 238 550 datus.
298 507 360 549 At
399 517 485 550 tres
524 507 660 549 fuisse
697 505 993 558 Alexandros,
1036 507 1107 563 qui
1143 506 1188 548 in
1219 512 1389 547 nostros
1419 504 1554 547 libros

102 579 376 620 commentati
402 585 522 630 sunt,
554 578 608 619 ad
629 578 736 620 Exc.
756 576 792 629 Ι,
814 582 856 630 6,
879 581 905 620 3
934 577 1171 627 docuimus,
1202 590 1381 632 quorum
1411 583 1556 618 noster

100 647 288 689 fortasse
319 649 507 689 omnium
537 649 872 704 antiquissimus.
931 648 1043 689 Eum
1071 646 1227 703 ubique
1243 645 1554 697 Alexandrum,

101 716 219 760 nullo
250 718 392 760 addito
422 719 701 774 cognomine,
732 727 889 760 vocant
919 716 1351 772 Olympiodorus
1381 717 1474 772 (cfr.
1503 718 1555 758 ad

101 788 210 830 Exc.
239 787 285 839 I,
311 791 355 840 6,
386 787 440 842 3)
472 796 514 828 et
543 786 898 844 Philoponus
930 788 1044 844 (vid.
1074 785 1148 828 fol.
1172 789 1390 837 87‚a.‡—
1420 791 1488 839 88,
1512 786 1554 829 b.

102 861 156 901 95
166 891 180 910 ,
209 858 278 913 a),
309 858 486 914 ,quoties
517 859 609 898 eius
644 859 878 900 sententias
917 856 1132 900 refellunt.
1198 855 1418 898 Interdum
1455 870 1557 898 vero
1595 909 1604 919 Ι

100 927 177 970 ubi
206 928 260 969 ad
291 926 636 983 Aphrodisaeum
666 937 902 983 provocant
931 942 971 969 v-
1005 942 1041 968 c.
1070 926 1114 977 I,
1148 930 1197 976 6,
1229 929 1253 968 5
1285 925 1395 967 nihil
1424 940 1476 967 ea
1506 927 1559 968 de

100 1013 149 1040 re
178 1000 224 1039 in
251 997 461 1039 hodierno
492 999 795 1039 commentario
815 998 1040 1052 reperitur.
1101 996 1188 1039 Sed
1218 1004 1262 1037 et
1284 995 1369 1038 alia
1388 1005 1559 1039 exstant

103 1076 366 1124 argumenta,
398 1066 551 1122 quibus
573 1066 800 1122 probemus
831 1068 1158 1109 commentarios
1189 1076 1261 1108 aut
1278 1066 1558 1123 paraphrasin

102 1139 256 1194 potius,
290 1151 396 1193 quae
427 1144 607 1178 aetatem
637 1135 748 1189 tulit,
780 1151 867 1178 non
887 1137 941 1179 ab
963 1137 1294 1193 Aphrodisiensi
1310 1135 1559 1179 Alexandro

103 1222 198 1250 esse
236 1207 484 1263 profectam.
553 1204 663 1248 Cum
704 1209 818 1249 enim
863 1206 1120 1249 Aristoteles
1162 1208 1216 1250 cle
1244 1208 1366 1249 caelo
1402 1205 1469 1260 Π,
1510 1211 1559 1248 2:

100 1276 174 1319 τὸν
203 1275 288 1319 ἄνω
318 1275 447 1319 πόλον
476 1278 742 1327 austrinum,
785 1277 858 1320 τὸν
888 1276 1001 1320 κάτω
1031 1276 1252 1320 borealem
1282 1291 1377 1319 esse
1417 1276 1560 1332 perhi-

99 1345 214 1398 beat,
246 1361 329 1403 qua
359 1346 412 1388 de
441 1361 489 1388 re
521 1348 710 1390 diximus
741 1348 794 1390 ad
823 1346 885 1401 II,
917 1351 966 1401 5,
1000 1351 1074 1400 10,
1120 1345 1452 1404 Simplicius
1483 1346 1560 1388 fol.

100 1419 169 1468 95,
193 1431 220 1458 a
247 1417 434 1458 monuit:
476 1414 498 1459 ὃ
531 1417 576 1459 δὲ
599 1416 864 1474 Ἀλέξανδρος
895 1417 1327 1475 (Aphrodisiensem,
1356 1419 1422 1459 uti
1451 1432 1562 1459 sem-

99 1500 191 1542 per,
219 1486 293 1528 ubi
325 1501 444 1529 mero
473 1489 647 1529 nomine
678 1489 831 1540 utitur„
854 1488 1012 1536 innuit)
1042 1489 1110 1531 καὶ
1128 1487 1307 1545 Ἄρατον
1332 1486 1405 1530 τὸν
1427 1488 1561 1530 Σολέα

102 1555 346 1612 συναρπάζει
375 1554 431 1606 ὡς
460 1556 511 1612 δὴ
541 1558 609 1599 καὶ
639 1556 764 1600 αὐτόν
805 1557 910 1600 κατὰ
948 1557 1047 1608 τοὺς
1082 1557 1262 1607 πολλοὺς
1297 1556 1369 1600 τὸν
1397 1556 1561 1613 βόρειον

100 1625 230 1668 πόλον
260 1625 344 1668 ἄνω
379 1626 556 1682 λέγοντα.
612 1627 709 1684 Ipse
741 1643 837 1670 cum
864 1627 1122 1670 Aristoteles
1152 1626 1444 1669 Meteorol.
1476 1626 1507 1667 l.
1532 1625 1562 1667 l.

101 1696 187 1736 ista
230 1695 532 1752 terminologia
572 1712 659 1739 non
700 1712 804 1739 usus
843 1699 900 1738 sit
919 1728 931 1748 ,
988 1698 1066 1736 vix
1110 1703 1277 1750 poterat
1318 1697 1472 1737 evitari
1507 1695 1560 1738 ab

102 1763 453 1818 Alexandro,
493 1767 595 1821 quin
626 1767 750 1807 istius
781 1767 847 1806 rei
876 1766 923 1805 in
953 1766 1269 1806 commentariis
1300 1768 1562 1809 mentionem

103 1834 278 1876 faceret.
338 1826 425 1876 Sed
451 1833 560 1875 nihil
588 1835 633 1876 in
661 1844 807 1877 nostra
827 1833 1078 1891 paraphrasi
1108 1848 1159 1875 ea
1191 1835 1319 1888 dere
1349 1838 1562 1892 reperitur

103 1902 179 1945 fol.
211 1907 305 1955 104,
327 1902 355 1944 b
385 1919 447 1961 sq.
482 1919 607 1961 quem
636 1903 781 1947 locum
803 1906 855 1965 ‘in
886 1905 1099 1960 excerptis
1131 1919 1217 1946 non
1245 1905 1561 1961 adscripsimus,

104 1987 200 2015 cum
231 1971 341 2014 nihil
370 1984 608 2016 memoratu
638 1975 758 2032 digni
785 1976 1017 2018 contineat.
1075 1974 1258 2016 Accedit
1291 1976 1403 2031 quod
1440 1975 1562 2017 Ale-

102 2044 310 2086 xander
340 2043 416 2085 fol.
439 2048 535 2094 116,
555 2060 581 2086 a
611 2045 938 2102 Sosigenem
968 2053 1293 2101 praeceptorem
1319 2044 1405 2086 sibi
1427 2045 1562 2088 fuisse

105 2113 238 2155 dicat:
281 2112 373 2154 ἀλλ’
407 2112 471 2156 ὅτι
500 2115 576 2168 μὲν
607 2115 650 2156 αἶ
679 2119 864 2157 τοιαῦται
896 2114 1011 2165 δόξαι
1040 2115 1131 2170 περὶ
1160 2118 1233 2169 τῆς
1263 2113 1350 2156 ἅλω
1380 2116 1560 2169 ψευδεῖς,

104 2183 255 2232 ἱκανῶς
285 2181 306 2225 ὅ
338 2182 586 2234 διδάσκαλος
613 2183 731 2240 ἡμῶν
762 2185 992 2241 Σωσιγένης
1028 2179 1072 2225 ἓν
1104 2187 1163 2241 τῷ
1196 2182 1328 2242 ὀγδόῳ
1358 2186 1449 2240 περὶ
1479 2189 1562 2228 τῶν

107 2252 246 2307 ὄψεων
276 2254 401 2309 (adde
437 2253 720 2307 ἀνακλάσεως,
760 2257 871 2312 quod
904 2256 1061 2297 omittit
1089 2253 1251 2305 Aldus,
1292 2269 1347 2296 ex
1378 2250 1563 2297 Camotii

107 2324 457 2378 interpretatione
489 2329 863 2381 repercussu)
890 2325 1058 2376 ἔδειξεν,
1099 2339 1221 2381 quem
1252 2324 1562 2367 Andronici

108 2391 316 2434 Rhodii
342 2393 598 2449 discipulum
627 2394 761 2436 fuisse
792 2397 1034 2451 suspicatur
1065 2395 1341 2437 Patricius
1359 2395 1413 2448 ¹).
1455 2394 1562 2436 Cum

56 2483 59 2486 ·
109 2464 242 2519 igitur
260 2462 510 2504 Alexander
524 2462 874 2519 Aphrodisiensis
901 2479 1026 2506 suum
1058 2466 1110 2506 de
1139 2464 1228 2505 fato
1257 2462 1452 2506 libellum
1483 2465 1563 2507 Se-

109 2546 212 2574 vero
252 2534 429 2589 eiusque
470 2531 561 2574 filio
590 2532 808 2576 Antonino
843 2533 1091 2576 Caracallae
1123 2534 1303 2586 dicavit,
1346 2536 1431 2576 iam
1461 2533 1562 2576 olim

110 2602 307 2677 Petrus
340 2603 626 2645 Victorius
648 2604 690 2658 ²)
722 2605 774 2646 de
791 2603 1041 2646 Alexandro
1061 2602 1210 2661 Aegeo
1236 2605 1463 2660 cogitavit,
1493 2607 1562 2647 cui

204 2751 242 2795 1)
264 2754 415 2787 Discuss.
438 2756 620 2798 Peripaiei.
651 2750 777 2798 p.134.

202 2819 238 2863 2)
266 2822 354 2854 Var·
376 2823 524 2855 Lection.
547 2823 673 2866 XXV,
699 2823 755 2854 22.
805 2819 880 2855 Cfr·
911 2819 1017 2855 etiam
1042 2818 1190 2855 Andr.
1231 2822 1414 2856 Schott.
1459 2824 1563 2856 Vnae

115 2886 331 2922 comparatae
356 2882 546 2915 Aristotelis
580 2888 612 2915 et
647 2881 876 2915 Demosthenis
913 2878 1089 2927 (August.
1124 2880 1347 2916 Vindelicor.
1385 2882 1486 2919 1603.
1517 2879 1563 2924 4.)

113 2949 148 2981 p.
172 2938 253 2973 157.

1225 2986 1272 3005 *Ἃ
