<?xml version="1.0" encoding="UTF-8"?>
<!DOCTYPE html PUBLIC "-//W3C//DTD XHTML 1.0 Transitional//EN"
    "http://www.w3.org/TR/xhtml1/DTD/xhtml1-transitional.dtd">
<html xmlns="http://www.w3.org/1999/xhtml" xml:lang="en" lang="en">
 <head>
  <title>
</title>
<meta http-equiv="Content-Type" content="text/html;charset=utf-8" />
  <meta name='ocr-system' content='tesseract 3.04.00' />
  <meta name='ocr-capabilities' content='ocr_page ocr_carea ocr_par ocr_line ocrx_word'/>
</head>
<body>
  <div class='ocr_page' id='page_1' title='image "./meteorologicorum01arisuoft_0395.png"; bbox 0 0 1812 3158; ppageno 0'>
   <div class='ocr_carea' id='block_1_1' title="bbox 449 371 1560 419">
    <p class='ocr_par' dir='ltr' id='par_1_1' title="bbox 449 371 1560 419">
     <span class='ocr_line' id='line_1_1' title="bbox 449 371 1560 419; baseline -0.001 -1"><span class='ocrx_word' id='word_1_1' title='bbox 449 377 673 419; x_wconf 86' lang='lat' dir='ltr'>LIBRUM</span> <span class='ocrx_word' id='word_1_2' title='bbox 701 376 943 417; x_wconf 87' lang='lat' dir='ltr'><strong>PRIMUM.</strong></span> <span class='ocrx_word' id='word_1_3' title='bbox 1003 377 1123 418; x_wconf 82' lang='lat' dir='ltr'>CAP.</span> <span class='ocrx_word' id='word_1_4' title='bbox 1143 378 1222 418; x_wconf 88' lang='grc' dir='ltr'><strong>ΙΙΙ.</strong></span> <span class='ocrx_word' id='word_1_5' title='bbox 1466 371 1560 417; x_wconf 87' lang='lat'><em>355</em></span> 
     </span>
    </p>
   </div>
   <div class='ocr_carea' id='block_1_2' title="bbox 107 487 1563 2172">
    <p class='ocr_par' dir='ltr' id='par_1_2' title="bbox 107 487 1563 2172">
     <span class='ocr_line' id='line_1_2' title="bbox 114 487 1560 544; baseline -0.001 -9"><span class='ocrx_word' id='word_1_6' title='bbox 114 495 280 535; x_wconf 82' lang='lat' dir='ltr'><em>Insolita</em></span> <span class='ocrx_word' id='word_1_7' title='bbox 303 500 364 533; x_wconf 89' lang='lat' dir='ltr'><em>est</em></span> <span class='ocrx_word' id='word_1_8' title='bbox 389 493 634 532; x_wconf 80' lang='lat' dir='ltr'><strong>constructio</strong></span> <span class='ocrx_word' id='word_1_9' title='bbox 664 493 783 532; x_wconf 84' lang='lat' dir='ltr'><strong>verbi</strong></span> <span class='ocrx_word' id='word_1_10' title='bbox 805 487 1073 544; x_wconf 70' lang='grc' dir='ltr'><em>ὑπερβάλλειν</em></span> <span class='ocrx_word' id='word_1_11' title='bbox 1103 505 1193 531; x_wconf 90' lang='lat' dir='ltr'><em>cum</em></span> <span class='ocrx_word' id='word_1_12' title='bbox 1221 488 1414 543; x_wconf 75' lang='lat' dir='ltr'>genitivo-</span> <span class='ocrx_word' id='word_1_13' title='bbox 1473 494 1560 534; x_wconf 83' lang='lat' dir='ltr'><strong>Gfr.</strong></span> 
     </span>
     <span class='ocr_line' id='line_1_3' title="bbox 113 559 1561 612; baseline 0.001 -11"><span class='ocrx_word' id='word_1_14' title='bbox 113 569 247 601; x_wconf 84' lang='lat' dir='ltr'><strong>tamen</strong></span> <span class='ocrx_word' id='word_1_15' title='bbox 278 562 563 601; x_wconf 76' lang='lat' dir='ltr'><em>Heindorf,</em></span> <span class='ocrx_word' id='word_1_16' title='bbox 594 560 646 603; x_wconf 86' lang='lat' dir='ltr'><em>ad</em></span> <span class='ocrx_word' id='word_1_17' title='bbox 675 561 804 599; x_wconf 85' lang='lat' dir='ltr'><strong>Plat.</strong></span> <span class='ocrx_word' id='word_1_18' title='bbox 839 560 968 612; x_wconf 78' lang='lat' dir='ltr'>Gorg.</span> <span class='ocrx_word' id='word_1_19' title='bbox 1004 573 1043 611; x_wconf 89' lang='lat' dir='ltr'><em>p.</em></span> <span class='ocrx_word' id='word_1_20' title='bbox 1065 563 1120 599; x_wconf 78' lang='lat'><em>97</em></span> <span class='ocrx_word' id='word_1_21' title='bbox 1141 565 1181 598; x_wconf 88' lang='lat' dir='ltr'><em>et</em></span> <span class='ocrx_word' id='word_1_22' title='bbox 1201 559 1306 598; x_wconf 77' lang='lat' dir='ltr'><strong>adde</strong></span> <span class='ocrx_word' id='word_1_23' title='bbox 1332 561 1405 612; x_wconf 84' lang='lat' dir='ltr'><em>IV,</em></span> <span class='ocrx_word' id='word_1_24' title='bbox 1433 561 1481 611; x_wconf 88' lang='grc'><em>4,</em></span> <span class='ocrx_word' id='word_1_25' title='bbox 1513 566 1561 612; x_wconf 84' lang='lat'><em>93</em></span> 
     </span>
     <span class='ocr_line' id='line_1_4' title="bbox 113 622 1558 682; baseline 0 -12"><span class='ocrx_word' id='word_1_26' title='bbox 113 630 383 682; x_wconf 87' lang='lat' dir='ltr'><strong>Theophr.</strong></span> <span class='ocrx_word' id='word_1_27' title='bbox 415 629 508 667; x_wconf 75' lang='lat' dir='ltr'>hist.</span> <span class='ocrx_word' id='word_1_28' title='bbox 523 627 662 680; x_wconf 83' lang='lat' dir='ltr'><em>plant.</em></span> <span class='ocrx_word' id='word_1_29' title='bbox 681 630 797 674; x_wconf 91' lang='lat' dir='ltr'>VIII,</span> <span class='ocrx_word' id='word_1_30' title='bbox 818 631 859 674; x_wconf 88' lang='lat'><em>2,</em></span> <span class='ocrx_word' id='word_1_31' title='bbox 878 631 916 667; x_wconf 87' lang='lat'><em>9.</em></span> <span class='ocrx_word' id='word_1_32' title='bbox 937 631 1093 679; x_wconf 74' lang='lat' dir='ltr'>p.2602</span> <span class='ocrx_word' id='word_1_33' title='bbox 1123 622 1380 681; x_wconf 73' lang='grc' dir='ltr'><em>ὑπερβάλλον</em></span> <span class='ocrx_word' id='word_1_34' title='bbox 1394 626 1558 670; x_wconf 78' lang='grc' dir='ltr'><em>τούτου.</em></span> 
     </span>
     <span class='ocr_line' id='line_1_5' title="bbox 113 691 1563 750; baseline -0.001 -12"><span class='ocrx_word' id='word_1_35' title='bbox 113 700 197 738; x_wconf 87' lang='lat' dir='ltr'><em>Ar.</em></span> <span class='ocrx_word' id='word_1_36' title='bbox 227 697 368 737; x_wconf 70' lang='lat' dir='ltr'><em>Echio.</em></span> <span class='ocrx_word' id='word_1_37' title='bbox 386 699 486 737; x_wconf 78' lang='lat' dir='ltr'>Nic·</span> <span class='ocrx_word' id='word_1_38' title='bbox 515 698 566 746; x_wconf 91' lang='lat' dir='ltr'><em>II,</em></span> <span class='ocrx_word' id='word_1_39' title='bbox 593 699 628 745; x_wconf 88' lang='lat'><em>6,</em></span> <span class='ocrx_word' id='word_1_40' title='bbox 655 699 729 735; x_wconf 83' lang='lat'><em>16:</em></span> <span class='ocrx_word' id='word_1_41' title='bbox 762 694 828 735; x_wconf 82' lang='grc' dir='ltr'><em>καὶ</em></span> <span class='ocrx_word' id='word_1_42' title='bbox 857 692 914 735; x_wconf 69' lang='grc' dir='ltr'><em>ἔτι</em></span> <span class='ocrx_word' id='word_1_43' title='bbox 941 696 1001 750; x_wconf 76' lang='grc' dir='ltr'><em>τῷ</em></span> <span class='ocrx_word' id='word_1_44' title='bbox 1030 691 1105 742; x_wconf 79' lang='grc' dir='ltr'><em>τὰς</em></span> <span class='ocrx_word' id='word_1_45' title='bbox 1128 693 1204 746; x_wconf 74' lang='grc' dir='ltr'><em>μὲν</em></span> <span class='ocrx_word' id='word_1_46' title='bbox 1234 693 1424 736; x_wconf 76' lang='grc' dir='ltr'><strong><em>ἐλλείπειν</em></strong></span> <span class='ocrx_word' id='word_1_47' title='bbox 1437 727 1451 746; x_wconf 92' lang='lat'><em>‚</em></span> <span class='ocrx_word' id='word_1_48' title='bbox 1487 694 1563 744; x_wconf 82' lang='grc' dir='ltr'><em>τὰς</em></span> 
     </span>
     <span class='ocr_line' id='line_1_6' title="bbox 116 759 1562 819; baseline -0.001 -14"><span class='ocrx_word' id='word_1_49' title='bbox 116 764 161 805; x_wconf 76' lang='grc' dir='ltr'><em>δὲ</em></span> <span class='ocrx_word' id='word_1_50' title='bbox 190 761 457 819; x_wconf 68' lang='grc' dir='ltr'><em>ὑπερβάλλειν</em></span> <span class='ocrx_word' id='word_1_51' title='bbox 483 766 559 804; x_wconf 86' lang='grc' dir='ltr'><em>τοῦ</em></span> <span class='ocrx_word' id='word_1_52' title='bbox 590 761 754 810; x_wconf 75' lang='grc' dir='ltr'><em>δέοντος</em></span> <span class='ocrx_word' id='word_1_53' title='bbox 782 760 823 803; x_wconf 71' lang='grc' dir='ltr'><em>ἔν</em></span> <span class='ocrx_word' id='word_1_54' title='bbox 852 778 896 803; x_wconf 88' lang='grc' dir='ltr'><em>τε</em></span> <span class='ocrx_word' id='word_1_55' title='bbox 923 767 1010 810; x_wconf 80' lang='grc' dir='ltr'><em>τοῖς</em></span> <span class='ocrx_word' id='word_1_56' title='bbox 1037 759 1192 802; x_wconf 74' lang='grc' dir='ltr'><em>πάθεσι</em></span> <span class='ocrx_word' id='word_1_57' title='bbox 1233 762 1300 802; x_wconf 82' lang='grc' dir='ltr'><em>καὶ</em></span> <span class='ocrx_word' id='word_1_58' title='bbox 1338 768 1430 811; x_wconf 79' lang='grc' dir='ltr'><em>ταῖς</em></span> <span class='ocrx_word' id='word_1_59' title='bbox 1455 762 1562 818; x_wconf 85' lang='grc' dir='ltr'><em>πρά-</em></span> 
     </span>
     <span class='ocr_line' id='line_1_7' title="bbox 113 826 1560 886; baseline -0.001 -13"><span class='ocrx_word' id='word_1_60' title='bbox 113 834 218 883; x_wconf 79' lang='grc' dir='ltr'><em>ξεσι,</em></span> <span class='ocrx_word' id='word_1_61' title='bbox 267 831 342 885; x_wconf 83' lang='grc' dir='ltr'><em>τὴν</em></span> <span class='ocrx_word' id='word_1_62' title='bbox 382 830 425 872; x_wconf 72' lang='grc' dir='ltr'><em>δ’</em></span> <span class='ocrx_word' id='word_1_63' title='bbox 460 829 609 886; x_wconf 79' lang='grc' dir='ltr'><em>ἀρετὴν</em></span> <span class='ocrx_word' id='word_1_64' title='bbox 646 827 694 871; x_wconf 85' lang='grc' dir='ltr'><em>τὸ</em></span> <span class='ocrx_word' id='word_1_65' title='bbox 733 829 859 883; x_wconf 76' lang='grc' dir='ltr'><em>μέσον</em></span> <span class='ocrx_word' id='word_1_66' title='bbox 898 830 964 871; x_wconf 80' lang='grc' dir='ltr'><em>καὶ</em></span> <span class='ocrx_word' id='word_1_67' title='bbox 1006 826 1202 885; x_wconf 73' lang='grc' dir='ltr'><em>εὗρίσιέειν</em></span> <span class='ocrx_word' id='word_1_68' title='bbox 1239 830 1307 871; x_wconf 81' lang='grc' dir='ltr'><em>καὶ</em></span> <span class='ocrx_word' id='word_1_69' title='bbox 1337 831 1560 886; x_wconf 74' lang='grc' dir='ltr'><em>αἲρεῒσθαι.</em></span> 
     </span>
     <span class='ocr_line' id='line_1_8' title="bbox 110 888 1559 940; baseline 0 0"><span class='ocrx_word' id='word_1_70' title='bbox 110 900 379 940; x_wconf 86' lang='lat' dir='ltr'><strong>Plutarch.</strong></span> <span class='ocrx_word' id='word_1_71' title='bbox 409 899 450 939; x_wconf 88' lang='lat' dir='ltr'><em>h.</em></span> <span class='ocrx_word' id='word_1_72' title='bbox 471 902 497 939; x_wconf 88' lang='lat' dir='ltr'><em>l.</em></span> <span class='ocrx_word' id='word_1_73' title='bbox 555 901 668 939; x_wconf 86' lang='lat' dir='ltr'>Alias</span> <span class='ocrx_word' id='word_1_74' title='bbox 686 901 920 939; x_wconf 63' lang='lat' dir='ltr'>accusativo*</span> <span class='ocrx_word' id='word_1_75' title='bbox 945 901 1073 938; x_wconf 87' lang='lat' dir='ltr'><strong>utitur</strong></span> <span class='ocrx_word' id='word_1_76' title='bbox 1104 901 1431 939; x_wconf 82' lang='lat' dir='ltr'><em>Aristoteles</em></span> <span class='ocrx_word' id='word_1_77' title='bbox 1459 915 1500 940; x_wconf 87' lang='lat' dir='ltr'><em>v.</em></span> <span class='ocrx_word' id='word_1_78' title='bbox 1524 888 1559 940; x_wconf 79' lang='lat' dir='ltr'><em>o.</em></span> 
     </span>
     <span class='ocr_line' id='line_1_9' title="bbox 110 964 1560 1022; baseline -0.001 -13"><span class='ocrx_word' id='word_1_79' title='bbox 110 971 144 1018; x_wconf 91' lang='lat' dir='ltr'><em>I,</em></span> <span class='ocrx_word' id='word_1_80' title='bbox 166 972 204 1019; x_wconf 90' lang='grc'><em>8,</em></span> <span class='ocrx_word' id='word_1_81' title='bbox 228 972 304 1008; x_wconf 84' lang='lat'><em>15:</em></span> <span class='ocrx_word' id='word_1_82' title='bbox 335 964 603 1021; x_wconf 69' lang='grc' dir='ltr'><em>ὑπερβάλλειν</em></span> <span class='ocrx_word' id='word_1_83' title='bbox 631 965 728 1014; x_wconf 84' lang='grc' dir='ltr'><em>τοὺς</em></span> <span class='ocrx_word' id='word_1_84' title='bbox 756 964 987 1022; x_wconf 84' lang='grc' dir='ltr'><em>τροπικοῦς.</em></span> <span class='ocrx_word' id='word_1_85' title='bbox 1034 988 1092 996; x_wconf 95' lang='lat'>—</span> <span class='ocrx_word' id='word_1_86' title='bbox 1149 969 1363 1008; x_wconf 82' lang='lat' dir='ltr'><strong>Caeterum</strong></span> <span class='ocrx_word' id='word_1_87' title='bbox 1392 970 1560 1008; x_wconf 84' lang='lat' dir='ltr'><strong>eandem</strong></span> 
     </span>
     <span class='ocr_line' id='line_1_10' title="bbox 109 1034 1562 1089; baseline 0.001 -13"><span class='ocrx_word' id='word_1_88' title='bbox 109 1051 198 1076; x_wconf 85' lang='lat' dir='ltr'><em>rem</em></span> <span class='ocrx_word' id='word_1_89' title='bbox 220 1038 371 1089; x_wconf 78' lang='lat' dir='ltr'><strong>repetit</strong></span> <span class='ocrx_word' id='word_1_90' title='bbox 393 1037 444 1076; x_wconf 87' lang='lat' dir='ltr'><em>de</em></span> <span class='ocrx_word' id='word_1_91' title='bbox 473 1036 585 1076; x_wconf 89' lang='lat' dir='ltr'>Atho</span> <span class='ocrx_word' id='word_1_92' title='bbox 615 1034 751 1076; x_wconf 72' lang='lat' dir='ltr'><em>Probe.</em></span> <span class='ocrx_word' id='word_1_93' title='bbox 780 1037 810 1075; x_wconf 89' lang='lat' dir='ltr'><em>l.</em></span> <span class='ocrx_word' id='word_1_94' title='bbox 835 1037 866 1075; x_wconf 91' lang='lat' dir='ltr'><em>l.</em></span> <span class='ocrx_word' id='word_1_95' title='bbox 898 1042 938 1074; x_wconf 91' lang='lat' dir='ltr'><em>et</em></span> <span class='ocrx_word' id='word_1_96' title='bbox 960 1042 1100 1074; x_wconf 80' lang='lat' dir='ltr'><strong>narrat</strong></span> <span class='ocrx_word' id='word_1_97' title='bbox 1129 1035 1180 1074; x_wconf 88' lang='lat' dir='ltr'><em>de</em></span> <span class='ocrx_word' id='word_1_98' title='bbox 1207 1036 1395 1087; x_wconf 88' lang='lat' dir='ltr'>Cyllenio</span> <span class='ocrx_word' id='word_1_99' title='bbox 1422 1044 1562 1077; x_wconf 79' lang='lat' dir='ltr'>monto</span> 
     </span>
     <span class='ocr_line' id='line_1_11' title="bbox 111 1102 1560 1157; baseline 0.001 -14"><span class='ocrx_word' id='word_1_100' title='bbox 111 1105 569 1157; x_wconf 79' lang='lat' dir='ltr'><em>Geminus&#39;lsagog.</em></span> <span class='ocrx_word' id='word_1_101' title='bbox 590 1118 623 1143; x_wconf 91' lang='lat' dir='ltr'><em>c.</em></span> <span class='ocrx_word' id='word_1_102' title='bbox 647 1107 709 1143; x_wconf 86' lang='lat'><em>13.</em></span> <span class='ocrx_word' id='word_1_103' title='bbox 729 1118 771 1156; x_wconf 87' lang='lat' dir='ltr'><em>p.</em></span> <span class='ocrx_word' id='word_1_104' title='bbox 792 1107 874 1143; x_wconf 81' lang='lat'><em>209</em></span> <span class='ocrx_word' id='word_1_105' title='bbox 897 1117 955 1155; x_wconf 80' lang='lat' dir='ltr'><em>sq.</em></span> <span class='ocrx_word' id='word_1_106' title='bbox 985 1102 1068 1156; x_wconf 87' lang='lat' dir='ltr'><strong>(ed.</strong></span> <span class='ocrx_word' id='word_1_107' title='bbox 1088 1103 1381 1144; x_wconf 81' lang='lat' dir='ltr'><em>Hilderici.</em></span> <span class='ocrx_word' id='word_1_108' title='bbox 1410 1107 1560 1146; x_wconf 83' lang='lat' dir='ltr'><em>Altorf.</em></span> 
     </span>
     <span class='ocr_line' id='line_1_12' title="bbox 114 1167 1562 1226; baseline 0.001 -14"><span class='ocrx_word' id='word_1_109' title='bbox 114 1175 237 1212; x_wconf 75' lang='lat'>1590.</span> <span class='ocrx_word' id='word_1_110' title='bbox 264 1169 349 1226; x_wconf 83' lang='lat'>12.)</span> <span class='ocrx_word' id='word_1_111' title='bbox 379 1171 442 1210; x_wconf 83' lang='lat' dir='ltr'><em>his</em></span> <span class='ocrx_word' id='word_1_112' title='bbox 466 1172 622 1210; x_wconf 86' lang='lat' dir='ltr'><em>verbis:</em></span> <span class='ocrx_word' id='word_1_113' title='bbox 665 1169 717 1211; x_wconf 78' lang='grc' dir='ltr'><em>Οἱ</em></span> <span class='ocrx_word' id='word_1_114' title='bbox 747 1172 844 1223; x_wconf 78' lang='grc' dir='ltr'><em>γοῦν</em></span> <span class='ocrx_word' id='word_1_115' title='bbox 872 1168 937 1209; x_wconf 81' lang='grc' dir='ltr'><em>ε’πὶ</em></span> <span class='ocrx_word' id='word_1_116' title='bbox 966 1167 1041 1222; x_wconf 80' lang='grc' dir='ltr'><em>τὴν</em></span> <span class='ocrx_word' id='word_1_117' title='bbox 1069 1167 1290 1223; x_wconf 82' lang='grc' dir='ltr'><em>Κυλλήνην</em></span> <span class='ocrx_word' id='word_1_118' title='bbox 1317 1169 1562 1224; x_wconf 81' lang='grc' dir='ltr'><em>ἀναβαίνον-</em></span> 
     </span>
     <span class='ocr_line' id='line_1_13' title="bbox 110 1233 1561 1297; baseline 0.002 -18"><span class='ocrx_word' id='word_1_119' title='bbox 110 1254 197 1288; x_wconf 84' lang='grc' dir='ltr'><em>τες,</em></span> <span class='ocrx_word' id='word_1_120' title='bbox 228 1236 326 1291; x_wconf 76' lang='grc' dir='ltr'><em>ὄρος</em></span> <span class='ocrx_word' id='word_1_121' title='bbox 341 1238 384 1278; x_wconf 78' lang='grc' dir='ltr'><em>ἐν</em></span> <span class='ocrx_word' id='word_1_122' title='bbox 403 1241 454 1292; x_wconf 81' lang='grc' dir='ltr'><em>τῇ</em></span> <span class='ocrx_word' id='word_1_123' title='bbox 472 1235 777 1293; x_wconf 84' lang='grc' dir='ltr'><em>Πελοποννήσῳ</em></span> <span class='ocrx_word' id='word_1_124' title='bbox 805 1233 1072 1290; x_wconf 67' lang='grc' dir='ltr'><em>ὑψηλότατον</em></span> <span class='ocrx_word' id='word_1_125' title='bbox 1101 1236 1168 1277; x_wconf 82' lang='grc' dir='ltr'><em>καὶ</em></span> <span class='ocrx_word' id='word_1_126' title='bbox 1197 1234 1376 1287; x_wconf 73' lang='grc' dir='ltr'><em>θύοντες</em></span> <span class='ocrx_word' id='word_1_127' title='bbox 1402 1244 1462 1297; x_wconf 78' lang='grc' dir='ltr'><em>τῷ</em></span> <span class='ocrx_word' id='word_1_128' title='bbox 1485 1257 1561 1282; x_wconf 91' lang='grc' dir='ltr'><em>κα-</em></span> 
     </span>
     <span class='ocr_line' id='line_1_14' title="bbox 110 1300 1560 1361; baseline 0.001 -14"><span class='ocrx_word' id='word_1_129' title='bbox 110 1305 385 1361; x_wconf 73' lang='grc' dir='ltr'><em>θωσιασμὲνῳ</em></span> <span class='ocrx_word' id='word_1_130' title='bbox 417 1305 479 1345; x_wconf 75' lang='grc' dir='ltr'><em>ἐπὶ</em></span> <span class='ocrx_word' id='word_1_131' title='bbox 509 1308 582 1358; x_wconf 78' lang='grc' dir='ltr'><em>τῆς</em></span> <span class='ocrx_word' id='word_1_132' title='bbox 611 1307 796 1361; x_wconf 81' lang='grc' dir='ltr'><em>κορυφῆς</em></span> <span class='ocrx_word' id='word_1_133' title='bbox 833 1307 909 1346; x_wconf 82' lang='grc' dir='ltr'><em>τοῦ</em></span> <span class='ocrx_word' id='word_1_134' title='bbox 950 1302 1075 1359; x_wconf 75' lang='grc' dir='ltr'><em>ὅρους</em></span> <span class='ocrx_word' id='word_1_135' title='bbox 1104 1300 1258 1360; x_wconf 63' lang='grc' dir='ltr'><em>ζΕρμῇ,</em></span> <span class='ocrx_word' id='word_1_136' title='bbox 1309 1303 1409 1348; x_wconf 80' lang='grc' dir='ltr'><em>ὅταν</em></span> <span class='ocrx_word' id='word_1_137' title='bbox 1438 1307 1560 1350; x_wconf 87' lang='grc' dir='ltr'><em>πάλιν</em></span> 
     </span>
     <span class='ocr_line' id='line_1_15' title="bbox 111 1371 1560 1431; baseline 0.002 -17"><span class='ocrx_word' id='word_1_138' title='bbox 111 1372 168 1414; x_wconf 73' lang='grc' dir='ltr'><em>δι’</em></span> <span class='ocrx_word' id='word_1_139' title='bbox 195 1373 383 1431; x_wconf 71' lang='grc' dir='ltr'><em>ἐνιαυτοῦ</em></span> <span class='ocrx_word' id='word_1_140' title='bbox 413 1371 700 1425; x_wconf 80' lang='grc' dir='ltr'><em>ἀναβαίνοντες</em></span> <span class='ocrx_word' id='word_1_141' title='bbox 731 1371 808 1421; x_wconf 83' lang='grc' dir='ltr'><em>τὰς</em></span> <span class='ocrx_word' id='word_1_142' title='bbox 834 1372 990 1420; x_wconf 72' lang='grc' dir='ltr'><em>θυσίας</em></span> <span class='ocrx_word' id='word_1_143' title='bbox 1008 1371 1298 1424; x_wconf 72' lang='grc' dir='ltr'><em>ἐπιτελεχῶσιν,</em></span> <span class='ocrx_word' id='word_1_144' title='bbox 1329 1371 1560 1428; x_wconf 68' lang='grc' dir='ltr'><em>εὑρίσκουσι</em></span> 
     </span>
     <span class='ocr_line' id='line_1_16' title="bbox 110 1437 1561 1499; baseline 0.001 -16"><span class='ocrx_word' id='word_1_145' title='bbox 110 1442 177 1483; x_wconf 84' lang='grc' dir='ltr'><em>καὶ</em></span> <span class='ocrx_word' id='word_1_146' title='bbox 209 1439 261 1482; x_wconf 83' lang='grc' dir='ltr'><em>τὰ</em></span> <span class='ocrx_word' id='word_1_147' title='bbox 290 1442 419 1496; x_wconf 82' lang='grc' dir='ltr'><em>μηρία</em></span> <span class='ocrx_word' id='word_1_148' title='bbox 455 1441 523 1482; x_wconf 83' lang='grc' dir='ltr'><em>καὶ</em></span> <span class='ocrx_word' id='word_1_149' title='bbox 559 1441 636 1495; x_wconf 87' lang='grc' dir='ltr'><em>τὴν</em></span> <span class='ocrx_word' id='word_1_150' title='bbox 672 1440 830 1496; x_wconf 73' lang='grc' dir='ltr'><em>τέφραν</em></span> <span class='ocrx_word' id='word_1_151' title='bbox 867 1440 934 1482; x_wconf 84' lang='grc' dir='ltr'><em>καὶ</em></span> <span class='ocrx_word' id='word_1_152' title='bbox 963 1438 1038 1494; x_wconf 88' lang='grc' dir='ltr'><em>τὴν</em></span> <span class='ocrx_word' id='word_1_153' title='bbox 1067 1437 1148 1481; x_wconf 80' lang='grc' dir='ltr'><em>ἀπὸ</em></span> <span class='ocrx_word' id='word_1_154' title='bbox 1178 1443 1253 1480; x_wconf 84' lang='grc' dir='ltr'><em>τοῦ</em></span> <span class='ocrx_word' id='word_1_155' title='bbox 1281 1440 1412 1496; x_wconf 86' lang='grc' dir='ltr'><em>πυρὸς</em></span> <span class='ocrx_word' id='word_1_156' title='bbox 1439 1443 1482 1483; x_wconf 72' lang='grc' dir='ltr'><em>ἐν</em></span> <span class='ocrx_word' id='word_1_157' title='bbox 1509 1447 1561 1499; x_wconf 87' lang='grc' dir='ltr'><em>τῇ</em></span> 
     </span>
     <span class='ocr_line' id='line_1_17' title="bbox 110 1502 1562 1565; baseline 0.001 -15"><span class='ocrx_word' id='word_1_158' title='bbox 110 1508 216 1565; x_wconf 73' lang='grc' dir='ltr'><em>αὐτῇ</em></span> <span class='ocrx_word' id='word_1_159' title='bbox 244 1507 353 1558; x_wconf 80' lang='grc' dir='ltr'><em>τάξει</em></span> <span class='ocrx_word' id='word_1_160' title='bbox 381 1507 600 1561; x_wconf 74' lang='grc' dir='ltr'><em>μένουσαν,</em></span> <span class='ocrx_word' id='word_1_161' title='bbox 632 1508 675 1549; x_wconf 78' lang='grc' dir='ltr'><em>ἐν</em></span> <span class='ocrx_word' id='word_1_162' title='bbox 703 1502 730 1564; x_wconf 76' lang='grc' dir='ltr'>ᾗ</span> <span class='ocrx_word' id='word_1_163' title='bbox 757 1509 825 1550; x_wconf 89' lang='grc' dir='ltr'><em>καὶ</em></span> <span class='ocrx_word' id='word_1_164' title='bbox 854 1507 1068 1550; x_wconf 73' lang='grc' dir='ltr'><em>κατέλιπον</em></span> <span class='ocrx_word' id='word_1_165' title='bbox 1097 1508 1164 1549; x_wconf 80' lang='grc' dir='ltr'><em>καὶ</em></span> <span class='ocrx_word' id='word_1_166' title='bbox 1192 1506 1304 1561; x_wconf 67' lang='grc' dir='ltr'><em>μήθ’</em></span> <span class='ocrx_word' id='word_1_167' title='bbox 1336 1506 1415 1550; x_wconf 76' lang='grc' dir='ltr'><em>ὕπὸ</em></span> <span class='ocrx_word' id='word_1_168' title='bbox 1440 1527 1562 1552; x_wconf 83' lang='grc' dir='ltr'><em>πνευ-</em></span> 
     </span>
     <span class='ocr_line' id='line_1_18' title="bbox 107 1564 1559 1634; baseline 0.001 -16"><span class='ocrx_word' id='word_1_169' title='bbox 107 1564 252 1630; x_wconf 86' lang='grc' dir='ltr'><em>μάτων</em></span> <span class='ocrx_word' id='word_1_170' title='bbox 279 1574 391 1630; x_wconf 74' lang='grc' dir='ltr'><em>μήθ’</em></span> <span class='ocrx_word' id='word_1_171' title='bbox 427 1573 507 1618; x_wconf 68' lang='grc' dir='ltr'><em>ὑπὸ</em></span> <span class='ocrx_word' id='word_1_172' title='bbox 539 1575 710 1632; x_wconf 72' lang='grc' dir='ltr'><em>ὄμβρων</em></span> <span class='ocrx_word' id='word_1_173' title='bbox 739 1575 1018 1630; x_wconf 77' lang='grc' dir='ltr'><em>ἧλλοιωμένα,</em></span> <span class='ocrx_word' id='word_1_174' title='bbox 1049 1575 1120 1616; x_wconf 82' lang='grc' dir='ltr'><em>διὰ</em></span> <span class='ocrx_word' id='word_1_175' title='bbox 1138 1573 1186 1616; x_wconf 87' lang='grc' dir='ltr'><em>τὸ</em></span> <span class='ocrx_word' id='word_1_176' title='bbox 1213 1574 1348 1617; x_wconf 83' lang='grc' dir='ltr'><em>πάντα</em></span> <span class='ocrx_word' id='word_1_177' title='bbox 1376 1575 1430 1618; x_wconf 78' lang='grc' dir='ltr'><em>τὰ</em></span> <span class='ocrx_word' id='word_1_178' title='bbox 1456 1577 1559 1634; x_wconf 77' lang='grc' dir='ltr'><em>νέφη</em></span> 
     </span>
     <span class='ocr_line' id='line_1_19' title="bbox 110 1640 1562 1702; baseline 0.001 -17"><span class='ocrx_word' id='word_1_179' title='bbox 110 1645 177 1685; x_wconf 86' lang='grc' dir='ltr'><em>καὶ</em></span> <span class='ocrx_word' id='word_1_180' title='bbox 208 1659 283 1692; x_wconf 89' lang='grc' dir='ltr'><em>τας</em></span> <span class='ocrx_word' id='word_1_181' title='bbox 309 1647 391 1685; x_wconf 86' lang='grc' dir='ltr'><em>τῶν</em></span> <span class='ocrx_word' id='word_1_182' title='bbox 420 1642 581 1696; x_wconf 74' lang='grc' dir='ltr'><em>ἀνέμων</em></span> <span class='ocrx_word' id='word_1_183' title='bbox 610 1642 825 1691; x_wconf 85' lang='grc' dir='ltr'><em>συστάσεις</em></span> <span class='ocrx_word' id='word_1_184' title='bbox 855 1640 1049 1684; x_wconf 66' lang='grc' dir='ltr'><em>ὑποκάτω</em></span> <span class='ocrx_word' id='word_1_185' title='bbox 1078 1646 1154 1696; x_wconf 82' lang='grc' dir='ltr'><em>τῆς</em></span> <span class='ocrx_word' id='word_1_186' title='bbox 1180 1646 1256 1684; x_wconf 80' lang='grc' dir='ltr'><em>τοῦ</em></span> <span class='ocrx_word' id='word_1_187' title='bbox 1285 1641 1409 1699; x_wconf 74' lang='grc' dir='ltr'><em>ὅρους</em></span> <span class='ocrx_word' id='word_1_188' title='bbox 1437 1661 1562 1702; x_wconf 84' lang='grc' dir='ltr'><em>κορυ-</em></span> 
     </span>
     <span class='ocr_line' id='line_1_20' title="bbox 111 1708 1562 1769; baseline 0.003 -18"><span class='ocrx_word' id='word_1_189' title='bbox 111 1714 194 1766; x_wconf 79' lang='grc' dir='ltr'><em>φῆς</em></span> <span class='ocrx_word' id='word_1_190' title='bbox 222 1711 511 1752; x_wconf 75' lang='grc' dir='ltr'><em>συνίστασθαι.</em></span> <span class='ocrx_word' id='word_1_191' title='bbox 549 1709 762 1759; x_wconf 84' lang='grc' dir='ltr'><em>Πολλάκις</em></span> <span class='ocrx_word' id='word_1_192' title='bbox 792 1710 837 1751; x_wconf 78' lang='grc' dir='ltr'><em>δὲ</em></span> <span class='ocrx_word' id='word_1_193' title='bbox 866 1710 933 1751; x_wconf 82' lang='grc' dir='ltr'><em>καὶ</em></span> <span class='ocrx_word' id='word_1_194' title='bbox 953 1709 993 1751; x_wconf 78' lang='grc' dir='ltr'><em>οἳ</em></span> <span class='ocrx_word' id='word_1_195' title='bbox 1021 1710 1079 1758; x_wconf 79' lang='grc' dir='ltr'><em>εἷς</em></span> <span class='ocrx_word' id='word_1_196' title='bbox 1097 1708 1359 1767; x_wconf 79' lang='grc' dir='ltr'><em>Σαταβύριον</em></span> <span class='ocrx_word' id='word_1_197' title='bbox 1388 1710 1562 1769; x_wconf 79' lang='grc' dir='ltr'><em>ἀναβαί-</em></span> 
     </span>
     <span class='ocr_line' id='line_1_21' title="bbox 110 1775 1560 1833; baseline 0.002 -13"><span class='ocrx_word' id='word_1_198' title='bbox 110 1795 250 1827; x_wconf 86' lang='grc' dir='ltr'><em>νοντες</em></span> <span class='ocrx_word' id='word_1_199' title='bbox 289 1777 358 1819; x_wconf 79' lang='grc' dir='ltr'><em>διὰ</em></span> <span class='ocrx_word' id='word_1_200' title='bbox 393 1781 475 1819; x_wconf 84' lang='grc' dir='ltr'><em>τῶν</em></span> <span class='ocrx_word' id='word_1_201' title='bbox 517 1781 650 1833; x_wconf 82' lang='grc' dir='ltr'><em>νεφῶν</em></span> <span class='ocrx_word' id='word_1_202' title='bbox 686 1781 898 1819; x_wconf 82' lang='grc' dir='ltr'><em>ποιοῦνται</em></span> <span class='ocrx_word' id='word_1_203' title='bbox 936 1775 1011 1825; x_wconf 68' lang='grc' dir='ltr'><em>τὴν</em></span> <span class='ocrx_word' id='word_1_204' title='bbox 1041 1775 1242 1830; x_wconf 73' lang='grc' dir='ltr'><em>ἀνάβασιν</em></span> <span class='ocrx_word' id='word_1_205' title='bbox 1270 1779 1337 1819; x_wconf 79' lang='grc' dir='ltr'><em>καὶ</em></span> <span class='ocrx_word' id='word_1_206' title='bbox 1365 1776 1560 1823; x_wconf 71' lang='grc' dir='ltr'><em>ὑποκάτω</em></span> 
     </span>
     <span class='ocr_line' id='line_1_22' title="bbox 109 1843 1557 1901; baseline 0.003 -14"><span class='ocrx_word' id='word_1_207' title='bbox 109 1850 183 1900; x_wconf 80' lang='grc' dir='ltr'><em>τῆς</em></span> <span class='ocrx_word' id='word_1_208' title='bbox 210 1850 286 1888; x_wconf 80' lang='grc' dir='ltr'><em>τοῦ</em></span> <span class='ocrx_word' id='word_1_209' title='bbox 314 1844 437 1900; x_wconf 81' lang='grc' dir='ltr'><em>ὅρους</em></span> <span class='ocrx_word' id='word_1_210' title='bbox 468 1849 654 1901; x_wconf 80' lang='grc' dir='ltr'><em>κορυφῆς</em></span> <span class='ocrx_word' id='word_1_211' title='bbox 691 1849 900 1898; x_wconf 80' lang='grc' dir='ltr'><em>θεωροῦσι</em></span> <span class='ocrx_word' id='word_1_212' title='bbox 935 1843 1013 1899; x_wconf 87' lang='grc' dir='ltr'><em>τὴν</em></span> <span class='ocrx_word' id='word_1_213' title='bbox 1051 1848 1134 1887; x_wconf 80' lang='grc' dir='ltr'><em>τῶν</em></span> <span class='ocrx_word' id='word_1_214' title='bbox 1171 1849 1307 1901; x_wconf 80' lang='grc' dir='ltr'><em>νεφῶν</em></span> <span class='ocrx_word' id='word_1_215' title='bbox 1348 1846 1557 1891; x_wconf 81' lang='grc' dir='ltr'><em>σύστασιν.</em></span> 
     </span>
     <span class='ocr_line' id='line_1_23' title="bbox 110 1916 1560 1968; baseline 0.002 -14"><span class='ocrx_word' id='word_1_216' title='bbox 110 1916 232 1956; x_wconf 84' lang='lat' dir='ltr'><strong>Adde</strong></span> <span class='ocrx_word' id='word_1_217' title='bbox 260 1917 510 1954; x_wconf 84' lang='lat' dir='ltr'>Senecam</span> <span class='ocrx_word' id='word_1_218' title='bbox 542 1917 711 1967; x_wconf 75' lang='lat' dir='ltr'><em>Quaest.</em></span> <span class='ocrx_word' id='word_1_219' title='bbox 737 1923 826 1955; x_wconf 84' lang='lat' dir='ltr'><strong><em>nat.</em></strong></span> <span class='ocrx_word' id='word_1_220' title='bbox 856 1916 899 1965; x_wconf 85' lang='grc' dir='ltr'><em>Ι,</em></span> <span class='ocrx_word' id='word_1_221' title='bbox 926 1919 979 1954; x_wconf 87' lang='lat'><em>2:</em></span> <span class='ocrx_word' id='word_1_222' title='bbox 1017 1916 1247 1967; x_wconf 80' lang='lat' dir='ltr'><strong><em>Superiora</em></strong></span> <span class='ocrx_word' id='word_1_223' title='bbox 1287 1916 1399 1968; x_wconf 81' lang='lat' dir='ltr'>(loca</span> <span class='ocrx_word' id='word_1_224' title='bbox 1427 1925 1560 1957; x_wconf 79' lang='lat' dir='ltr'>atmo-</span> 
     </span>
     <span class='ocr_line' id='line_1_24' title="bbox 109 1981 1559 2036; baseline 0.003 -14"><span class='ocrx_word' id='word_1_225' title='bbox 109 1981 328 2036; x_wconf 83' lang='lat' dir='ltr'><strong>sphaerae)</strong></span> <span class='ocrx_word' id='word_1_226' title='bbox 358 1998 439 2021; x_wconf 87' lang='lat' dir='ltr'><em>non</em></span> <span class='ocrx_word' id='word_1_227' title='bbox 463 1983 617 2021; x_wconf 78' lang='lat' dir='ltr'><em>habent</em></span> <span class='ocrx_word' id='word_1_228' title='bbox 640 1997 833 2029; x_wconf 76' lang='lat' dir='ltr'><em>coronas,</em></span> <span class='ocrx_word' id='word_1_229' title='bbox 869 1985 971 2035; x_wconf 72' lang='lat' dir='ltr'><em>quia</em></span> <span class='ocrx_word' id='word_1_230' title='bbox 996 1997 1048 2021; x_wconf 88' lang='lat' dir='ltr'><em>ne</em></span> <span class='ocrx_word' id='word_1_231' title='bbox 1075 1991 1218 2021; x_wconf 83' lang='lat' dir='ltr'><em>ventos</em></span> <span class='ocrx_word' id='word_1_232' title='bbox 1245 1985 1420 2035; x_wconf 84' lang='lat' dir='ltr'><em>quidem.</em></span> <span class='ocrx_word' id='word_1_233' title='bbox 1477 1987 1559 2026; x_wconf 85' lang='lat' dir='ltr'><em>Res</em></span> 
     </span>
     <span class='ocr_line' id='line_1_25' title="bbox 108 2047 1558 2104; baseline 0.001 -14"><span class='ocrx_word' id='word_1_234' title='bbox 108 2053 211 2091; x_wconf 86' lang='lat' dir='ltr'>falso</span> <span class='ocrx_word' id='word_1_235' title='bbox 234 2051 492 2090; x_wconf 81' lang='lat' dir='ltr'>contenditur</span> <span class='ocrx_word' id='word_1_236' title='bbox 510 2047 552 2104; x_wconf 90' lang='lat'><em>*)</em></span> <span class='ocrx_word' id='word_1_237' title='bbox 582 2057 622 2089; x_wconf 87' lang='lat' dir='ltr'><em>et</em></span> <span class='ocrx_word' id='word_1_238' title='bbox 650 2051 776 2102; x_wconf 76' lang='lat' dir='ltr'><strong>petita</strong></span> <span class='ocrx_word' id='word_1_239' title='bbox 804 2057 865 2089; x_wconf 86' lang='lat' dir='ltr'><em>est</em></span> <span class='ocrx_word' id='word_1_240' title='bbox 891 2051 1036 2103; x_wconf 80' lang='lat' dir='ltr'>procul</span> <span class='ocrx_word' id='word_1_241' title='bbox 1064 2051 1188 2089; x_wconf 85' lang='lat' dir='ltr'>dubio</span> <span class='ocrx_word' id='word_1_242' title='bbox 1210 2051 1346 2090; x_wconf 72' lang='lat' dir='ltr'><strong>fabula</strong></span> <span class='ocrx_word' id='word_1_243' title='bbox 1372 2065 1424 2091; x_wconf 83' lang='lat' dir='ltr'><em>ex</em></span> <span class='ocrx_word' id='word_1_244' title='bbox 1452 2053 1558 2092; x_wconf 94' lang='lat' dir='ltr'><em>Ho-</em></span> 
     </span>
     <span class='ocr_line' id='line_1_26' title="bbox 109 2118 1253 2172; baseline -0.001 -14"><span class='ocrx_word' id='word_1_245' title='bbox 109 2119 243 2158; x_wconf 86' lang='lat' dir='ltr'><strong>meri</strong></span> <span class='ocrx_word' id='word_1_246' title='bbox 274 2119 418 2170; x_wconf 61' lang='lat' dir='ltr'><em>Odys&amp;</em></span> <span class='ocrx_word' id='word_1_247' title='bbox 443 2120 518 2167; x_wconf 90' lang='lat' dir='ltr'><em>VI,</em></span> <span class='ocrx_word' id='word_1_248' title='bbox 545 2119 594 2157; x_wconf 88' lang='grc'><em>41</em></span> <span class='ocrx_word' id='word_1_249' title='bbox 618 2133 703 2172; x_wconf 87' lang='lat' dir='ltr'>sqq.</span> <span class='ocrx_word' id='word_1_250' title='bbox 738 2119 808 2158; x_wconf 85' lang='lat' dir='ltr'><em>ubi</em></span> <span class='ocrx_word' id='word_1_251' title='bbox 834 2119 885 2158; x_wconf 87' lang='lat' dir='ltr'><em>de</em></span> <span class='ocrx_word' id='word_1_252' title='bbox 906 2120 1090 2172; x_wconf 86' lang='lat' dir='ltr'>Olympo</span> <span class='ocrx_word' id='word_1_253' title='bbox 1110 2118 1253 2171; x_wconf 74' lang='lat' dir='ltr'><em>poe‘ta:</em></span> 
     </span>
    </p>
   </div>
   <div class='ocr_carea' id='block_1_3' title="bbox 118 2206 393 2214">
    <p class='ocr_par' dir='ltr' id='par_1_3' title="bbox 118 2206 393 2214">
     <span class='ocr_line' id='line_1_27' title="bbox 118 2206 393 2214; baseline 0 0"><span class='ocrx_word' id='word_1_254' title='bbox 118 2206 393 2214; x_wconf 95' lang='lat' dir='ltr'><em> </em></span> 
     </span>
    </p>
   </div>
   <div class='ocr_carea' id='block_1_4' title="bbox 156 2250 1562 2865">
    <p class='ocr_par' dir='ltr' id='par_1_4' title="bbox 156 2250 1562 2865">
     <span class='ocr_line' id='line_1_28' title="bbox 156 2250 1560 2299; baseline 0.002 -15"><span class='ocrx_word' id='word_1_255' title='bbox 156 2250 195 2294; x_wconf 72' lang='lat'><em>⁴¹)</em></span> <span class='ocrx_word' id='word_1_256' title='bbox 229 2250 304 2285; x_wconf 77' lang='lat' dir='ltr'><em>cfr.</em></span> <span class='ocrx_word' id='word_1_257' title='bbox 330 2264 422 2296; x_wconf 83' lang='lat' dir='ltr'><strong>quae</strong></span> <span class='ocrx_word' id='word_1_258' title='bbox 450 2253 603 2287; x_wconf 83' lang='lat' dir='ltr'><em>disserui</em></span> <span class='ocrx_word' id='word_1_259' title='bbox 634 2256 814 2287; x_wconf 73' lang='lat' dir='ltr'><em>Ineieorol.</em></span> <span class='ocrx_word' id='word_1_260' title='bbox 843 2260 945 2287; x_wconf 79' lang='lat' dir='ltr'><em>veter.</em></span> <span class='ocrx_word' id='word_1_261' title='bbox 970 2254 1040 2296; x_wconf 92' lang='lat'>111,</span> <span class='ocrx_word' id='word_1_262' title='bbox 1066 2254 1123 2286; x_wconf 86' lang='lat'><em>13.</em></span> <span class='ocrx_word' id='word_1_263' title='bbox 1151 2264 1187 2296; x_wconf 82' lang='lat' dir='ltr'><em>p.</em></span> <span class='ocrx_word' id='word_1_264' title='bbox 1210 2254 1252 2286; x_wconf 94' lang='lat'><em>81</em></span> <span class='ocrx_word' id='word_1_265' title='bbox 1282 2264 1335 2296; x_wconf 79' lang='lat' dir='ltr'><em>sq.</em></span> <span class='ocrx_word' id='word_1_266' title='bbox 1382 2253 1487 2299; x_wconf 82' lang='lat' dir='ltr'>Quod</span> <span class='ocrx_word' id='word_1_267' title='bbox 1508 2252 1560 2287; x_wconf 86' lang='lat' dir='ltr'><em>ibi</em></span> 
     </span>
     <span class='ocr_line' id='line_1_29' title="bbox 204 2308 1560 2354; baseline 0.002 -13"><span class='ocrx_word' id='word_1_268' title='bbox 204 2308 329 2342; x_wconf 79' lang='lat' dir='ltr'>monui</span> <span class='ocrx_word' id='word_1_269' title='bbox 351 2308 584 2344; x_wconf 80' lang='lat' dir='ltr'><strong>Aristotelem</strong></span> <span class='ocrx_word' id='word_1_270' title='bbox 618 2310 724 2344; x_wconf 74' lang='lat' dir='ltr'><strong>etiam</strong></span> <span class='ocrx_word' id='word_1_271' title='bbox 754 2309 873 2344; x_wconf 86' lang='lat' dir='ltr'><strong>dicere</strong></span> <span class='ocrx_word' id='word_1_272' title='bbox 896 2311 1050 2344; x_wconf 85' lang='lat' dir='ltr'><em>fortasse</em></span> <span class='ocrx_word' id='word_1_273' title='bbox 1073 2309 1233 2346; x_wconf 80' lang='lat' dir='ltr'><em>voluisse</em></span> <span class='ocrx_word' id='word_1_274' title='bbox 1257 2308 1295 2342; x_wconf 88' lang='lat' dir='ltr'><em>in</em></span> <span class='ocrx_word' id='word_1_275' title='bbox 1319 2309 1560 2354; x_wconf 77' lang='lat' dir='ltr'><em>superioribus</em></span> 
     </span>
     <span class='ocr_line' id='line_1_30' title="bbox 207 2364 1560 2410; baseline 0.003 -13"><span class='ocrx_word' id='word_1_276' title='bbox 207 2364 298 2398; x_wconf 89' lang='lat' dir='ltr'>locis</span> <span class='ocrx_word' id='word_1_277' title='bbox 322 2364 410 2399; x_wconf 81' lang='lat' dir='ltr'>alios</span> <span class='ocrx_word' id='word_1_278' title='bbox 435 2366 568 2410; x_wconf 86' lang='lat' dir='ltr'><em>spirare</em></span> <span class='ocrx_word' id='word_1_279' title='bbox 591 2372 734 2409; x_wconf 82' lang='lat' dir='ltr'><em>ventos,</em></span> <span class='ocrx_word' id='word_1_280' title='bbox 771 2378 877 2410; x_wconf 86' lang='lat' dir='ltr'><strong>quam</strong></span> <span class='ocrx_word' id='word_1_281' title='bbox 903 2366 942 2399; x_wconf 89' lang='lat' dir='ltr'><em>in</em></span> <span class='ocrx_word' id='word_1_282' title='bbox 964 2366 1208 2404; x_wconf 83' lang='lat' dir='ltr'><em>inferioribus,</em></span> <span class='ocrx_word' id='word_1_283' title='bbox 1234 2365 1273 2399; x_wconf 91' lang='lat' dir='ltr'><em>id</em></span> <span class='ocrx_word' id='word_1_284' title='bbox 1297 2365 1405 2399; x_wconf 81' lang='lat' dir='ltr'>totius</span> <span class='ocrx_word' id='word_1_285' title='bbox 1429 2366 1560 2401; x_wconf 76' lang='lat' dir='ltr'><em>oratio-</em></span> 
     </span>
     <span class='ocr_line' id='line_1_31' title="bbox 205 2420 1558 2468; baseline 0.002 -14"><span class='ocrx_word' id='word_1_286' title='bbox 205 2420 262 2455; x_wconf 85' lang='lat' dir='ltr'><em>nis</em></span> <span class='ocrx_word' id='word_1_287' title='bbox 288 2432 406 2455; x_wconf 73' lang='lat' dir='ltr'><strong>nexus</strong></span> <span class='ocrx_word' id='word_1_288' title='bbox 432 2423 530 2456; x_wconf 87' lang='lat' dir='ltr'>nullo</span> <span class='ocrx_word' id='word_1_289' title='bbox 557 2423 666 2456; x_wconf 89' lang='lat' dir='ltr'>modo</span> <span class='ocrx_word' id='word_1_290' title='bbox 690 2424 772 2458; x_wconf 72' lang='lat' dir='ltr'><strong>fert.</strong></span> <span class='ocrx_word' id='word_1_291' title='bbox 818 2422 1006 2457; x_wconf 83' lang='lat' dir='ltr'><strong>Caeterum</strong></span> <span class='ocrx_word' id='word_1_292' title='bbox 1036 2423 1140 2456; x_wconf 81' lang='lat' dir='ltr'>aliam</span> <span class='ocrx_word' id='word_1_293' title='bbox 1163 2424 1209 2456; x_wconf 92' lang='lat' dir='ltr'><em>de</em></span> <span class='ocrx_word' id='word_1_294' title='bbox 1233 2420 1371 2468; x_wconf 82' lang='lat' dir='ltr'><em>origine</em></span> <span class='ocrx_word' id='word_1_295' title='bbox 1395 2422 1558 2467; x_wconf 80' lang='lat' dir='ltr'><strong>fabellae,</strong></span> 
     </span>
     <span class='ocr_line' id='line_1_32' title="bbox 203 2469 1560 2522; baseline 0.003 -11"><span class='ocrx_word' id='word_1_296' title='bbox 203 2478 315 2512; x_wconf 77' lang='lat' dir='ltr'><strong>fuisse</strong></span> <span class='ocrx_word' id='word_1_297' title='bbox 341 2490 431 2522; x_wconf 82' lang='lat' dir='ltr'><strong>aras,</strong></span> <span class='ocrx_word' id='word_1_298' title='bbox 456 2480 551 2513; x_wconf 84' lang='lat' dir='ltr'><strong>unde</strong></span> <span class='ocrx_word' id='word_1_299' title='bbox 574 2479 732 2514; x_wconf 71' lang='lat' dir='ltr'>favillam</span> <span class='ocrx_word' id='word_1_300' title='bbox 757 2491 778 2514; x_wconf 89' lang='lat' dir='ltr'><strong>e</strong></span> <span class='ocrx_word' id='word_1_301' title='bbox 801 2479 983 2514; x_wconf 84' lang='lat' dir='ltr'>sacrificiis</span> <span class='ocrx_word' id='word_1_302' title='bbox 1011 2479 1171 2514; x_wconf 76' lang='lat' dir='ltr'><em>relictam</em></span> <span class='ocrx_word' id='word_1_303' title='bbox 1194 2479 1313 2512; x_wconf 84' lang='lat' dir='ltr'><strong>nullus</strong></span> <span class='ocrx_word' id='word_1_304' title='bbox 1335 2484 1465 2514; x_wconf 85' lang='lat' dir='ltr'><strong>ventus</strong></span> <span class='ocrx_word' id='word_1_305' title='bbox 1489 2469 1560 2515; x_wconf 69' lang='lat' dir='ltr'>d‘is-</span> 
     </span>
     <span class='ocr_line' id='line_1_33' title="bbox 204 2535 1559 2580; baseline 0.001 -10"><span class='ocrx_word' id='word_1_306' title='bbox 204 2535 312 2579; x_wconf 74' lang='lat' dir='ltr'>iiciat,</span> <span class='ocrx_word' id='word_1_307' title='bbox 338 2548 426 2580; x_wconf 86' lang='lat' dir='ltr'>quas</span> <span class='ocrx_word' id='word_1_308' title='bbox 446 2536 628 2580; x_wconf 82' lang='lat' dir='ltr'>componit</span> <span class='ocrx_word' id='word_1_309' title='bbox 653 2547 733 2570; x_wconf 90' lang='lat' dir='ltr'><em>cum</em></span> <span class='ocrx_word' id='word_1_310' title='bbox 748 2536 816 2570; x_wconf 84' lang='lat' dir='ltr'><em>aris</em></span> <span class='ocrx_word' id='word_1_311' title='bbox 841 2537 1097 2578; x_wconf 83' lang='lat' dir='ltr'>subdivalibus,</span> <span class='ocrx_word' id='word_1_312' title='bbox 1122 2536 1159 2569; x_wconf 88' lang='lat' dir='ltr'><em>in</em></span> <span class='ocrx_word' id='word_1_313' title='bbox 1176 2546 1262 2579; x_wconf 76' lang='lat' dir='ltr'><strong>quas</strong></span> <span class='ocrx_word' id='word_1_314' title='bbox 1285 2546 1467 2580; x_wconf 78' lang='lat' dir='ltr'><strong>nunquam</strong></span> <span class='ocrx_word' id='word_1_315' title='bbox 1490 2536 1559 2571; x_wconf 89' lang='lat' dir='ltr'><em>im-</em></span> 
     </span>
     <span class='ocr_line' id='line_1_34' title="bbox 203 2592 1559 2637; baseline 0.001 -11"><span class='ocrx_word' id='word_1_316' title='bbox 203 2595 324 2637; x_wconf 74' lang='lat' dir='ltr'>pluat,</span> <span class='ocrx_word' id='word_1_317' title='bbox 362 2604 442 2627; x_wconf 88' lang='lat' dir='ltr'><em>cum</em></span> <span class='ocrx_word' id='word_1_318' title='bbox 468 2593 557 2627; x_wconf 87' lang='lat' dir='ltr'>locis</span> <span class='ocrx_word' id='word_1_319' title='bbox 581 2592 643 2626; x_wconf 91' lang='lat' dir='ltr'><em>ubi</em></span> <span class='ocrx_word' id='word_1_320' title='bbox 670 2593 821 2627; x_wconf 77' lang='lat' dir='ltr'><em>dedicati</em></span> <span class='ocrx_word' id='word_1_321' title='bbox 843 2593 950 2627; x_wconf 86' lang='lat' dir='ltr'><strong>flores</strong></span> <span class='ocrx_word' id='word_1_322' title='bbox 980 2592 1140 2627; x_wconf 84' lang='lat' dir='ltr'>nativum</span> <span class='ocrx_word' id='word_1_323' title='bbox 1171 2603 1315 2626; x_wconf 85' lang='lat' dir='ltr'><strong>succum</strong></span> <span class='ocrx_word' id='word_1_324' title='bbox 1341 2598 1378 2627; x_wconf 87' lang='lat' dir='ltr'><em>et</em></span> <span class='ocrx_word' id='word_1_325' title='bbox 1400 2594 1559 2627; x_wconf 81' lang='lat' dir='ltr'><em>colorem</em></span> 
     </span>
     <span class='ocr_line' id='line_1_35' title="bbox 204 2649 1559 2697; baseline 0.001 -13"><span class='ocrx_word' id='word_1_326' title='bbox 204 2650 384 2697; x_wconf 83' lang='lat' dir='ltr'><em>integrum</em></span> <span class='ocrx_word' id='word_1_327' title='bbox 408 2662 472 2695; x_wconf 86' lang='lat' dir='ltr'><em>per</em></span> <span class='ocrx_word' id='word_1_328' title='bbox 496 2662 627 2684; x_wconf 85' lang='lat' dir='ltr'><strong>annum</strong></span> <span class='ocrx_word' id='word_1_329' title='bbox 651 2661 797 2685; x_wconf 85' lang='lat' dir='ltr'><strong>servare</strong></span> <span class='ocrx_word' id='word_1_330' title='bbox 824 2650 1004 2691; x_wconf 79' lang='lat' dir='ltr'>dicantur,</span> <span class='ocrx_word' id='word_1_331' title='bbox 1029 2649 1239 2684; x_wconf 78' lang='lat' dir='ltr'><strong>sententiam</strong></span> <span class='ocrx_word' id='word_1_332' title='bbox 1266 2649 1451 2693; x_wconf 85' lang='lat' dir='ltr'>proposuit</span> <span class='ocrx_word' id='word_1_333' title='bbox 1472 2650 1559 2685; x_wconf 90' lang='lat' dir='ltr'><em>Lo-</em></span> 
     </span>
     <span class='ocr_line' id='line_1_36' title="bbox 207 2705 1562 2755; baseline -0.002 -13"><span class='ocrx_word' id='word_1_334' title='bbox 207 2708 397 2743; x_wconf 83' lang='lat' dir='ltr'><strong>beckins</strong></span> <span class='ocrx_word' id='word_1_335' title='bbox 421 2709 647 2751; x_wconf 78' lang='lat' dir='ltr'><em>Aglaopham.</em></span> <span class='ocrx_word' id='word_1_336' title='bbox 674 2708 719 2740; x_wconf 91' lang='lat'><em>11.</em></span> <span class='ocrx_word' id='word_1_337' title='bbox 747 2719 782 2751; x_wconf 89' lang='lat' dir='ltr'><em>p.</em></span> <span class='ocrx_word' id='word_1_338' title='bbox 805 2707 874 2742; x_wconf 85' lang='lat'><em>895</em></span> <span class='ocrx_word' id='word_1_339' title='bbox 896 2712 970 2741; x_wconf 88' lang='lat' dir='ltr'>not.</span> <span class='ocrx_word' id='word_1_340' title='bbox 997 2718 1033 2749; x_wconf 89' lang='lat' dir='ltr'><em>n,</em></span> <span class='ocrx_word' id='word_1_341' title='bbox 1058 2718 1163 2751; x_wconf 86' lang='lat' dir='ltr'><strong>quem</strong></span> <span class='ocrx_word' id='word_1_342' title='bbox 1186 2705 1252 2740; x_wconf 91' lang='lat' dir='ltr'>adi.</span> <span class='ocrx_word' id='word_1_343' title='bbox 1301 2705 1446 2740; x_wconf 70' lang='lat' dir='ltr'>Statuas</span> <span class='ocrx_word' id='word_1_344' title='bbox 1463 2717 1562 2755; x_wconf 71' lang='lat' dir='ltr'><em>aras-¹</em></span> 
     </span>
     <span class='ocr_line' id='line_1_37' title="bbox 208 2760 1558 2809; baseline -0.003 -10"><span class='ocrx_word' id='word_1_345' title='bbox 208 2776 278 2809; x_wconf 77' lang='lat' dir='ltr'><em>que</em></span> <span class='ocrx_word' id='word_1_346' title='bbox 297 2767 458 2800; x_wconf 86' lang='lat' dir='ltr'><strong>Deorum</strong></span> <span class='ocrx_word' id='word_1_347' title='bbox 483 2766 547 2799; x_wconf 88' lang='lat' dir='ltr'><em>sub</em></span> <span class='ocrx_word' id='word_1_348' title='bbox 573 2764 658 2799; x_wconf 86' lang='lat' dir='ltr'>divo</span> <span class='ocrx_word' id='word_1_349' title='bbox 683 2764 816 2808; x_wconf 83' lang='lat' dir='ltr'>positas</span> <span class='ocrx_word' id='word_1_350' title='bbox 840 2775 957 2809; x_wconf 84' lang='lat' dir='ltr'><strong>neque</strong></span> <span class='ocrx_word' id='word_1_351' title='bbox 983 2763 1070 2800; x_wconf 83' lang='lat' dir='ltr'><em>nive</em></span> <span class='ocrx_word' id='word_1_352' title='bbox 1092 2761 1288 2797; x_wconf 86' lang='lat' dir='ltr'><strong>humectari</strong></span> <span class='ocrx_word' id='word_1_353' title='bbox 1311 2773 1427 2806; x_wconf 82' lang='lat' dir='ltr'><strong>neque</strong></span> <span class='ocrx_word' id='word_1_354' title='bbox 1446 2760 1558 2796; x_wconf 88' lang='lat' dir='ltr'><strong>imbre</strong></span> 
     </span>
     <span class='ocr_line' id='line_1_38' title="bbox 208 2819 1558 2865; baseline 0.001 -11"><span class='ocrx_word' id='word_1_355' title='bbox 208 2822 328 2865; x_wconf 81' lang='lat' dir='ltr'><strong>plures</strong></span> <span class='ocrx_word' id='word_1_356' title='bbox 354 2828 497 2856; x_wconf 80' lang='lat' dir='ltr'><strong>narrant</strong></span> <span class='ocrx_word' id='word_1_357' title='bbox 521 2822 818 2863; x_wconf 84' lang='lat' dir='ltr'><strong>(Tzschucke</strong></span> <span class='ocrx_word' id='word_1_358' title='bbox 843 2822 886 2854; x_wconf 82' lang='lat' dir='ltr'><em>ad</em></span> <span class='ocrx_word' id='word_1_359' title='bbox 908 2820 1083 2865; x_wconf 87' lang='lat' dir='ltr'><strong>Ampel.</strong></span> <span class='ocrx_word' id='word_1_360' title='bbox 1113 2822 1186 2854; x_wconf 82' lang='lat' dir='ltr'><em>libr.</em></span> <span class='ocrx_word' id='word_1_361' title='bbox 1204 2832 1337 2853; x_wconf 84' lang='lat' dir='ltr'><em>memor.</em></span> <span class='ocrx_word' id='word_1_362' title='bbox 1361 2830 1382 2853; x_wconf 85' lang='lat' dir='ltr'>o</span> <span class='ocrx_word' id='word_1_363' title='bbox 1404 2820 1438 2857; x_wconf 88' lang='lat'><em>8.</em></span> <span class='ocrx_word' id='word_1_364' title='bbox 1452 2832 1486 2864; x_wconf 83' lang='lat' dir='ltr'><em>p.</em></span> <span class='ocrx_word' id='word_1_365' title='bbox 1496 2819 1558 2862; x_wconf 84' lang='lat'><em>87)</em></span> 
     </span>
    </p>
   </div>
   <div class='ocr_carea' id='block_1_5' title="bbox 208 2877 1246 2962">
    <p class='ocr_par' dir='ltr' id='par_1_5' title="bbox 208 2877 1246 2962">
     <span class='ocr_line' id='line_1_39' title="bbox 208 2877 1246 2962; baseline -0.001 -50"><span class='ocrx_word' id='word_1_366' title='bbox 208 2877 318 2912; x_wconf 83' lang='lat' dir='ltr'><em>den&#39;si</em></span> <span class='ocrx_word' id='word_1_367' title='bbox 340 2890 360 2912; x_wconf 86' lang='lat' dir='ltr'>a</span> <span class='ocrx_word' id='word_1_368' title='bbox 383 2879 586 2923; x_wconf 88' lang='lat' dir='ltr'>Polybio</span> <span class='ocrx_word' id='word_1_369' title='bbox 613 2879 699 2922; x_wconf 91' lang='lat' dir='ltr'><em>XV,</em></span> <span class='ocrx_word' id='word_1_370' title='bbox 725 2880 779 2912; x_wconf 83' lang='lat'><em>12.</em></span> <span class='ocrx_word' id='word_1_371' title='bbox 1146 2921 1246 2962; x_wconf 58' lang='lat'><em>23*</em></span> 
     </span>
    </p>
   </div>
  </div>
 </body>
</html>
