1774 3198
315 322 407 367 578
525 327 967 370 COMMENTARIUS
996 328 1057 367 IN
1078 329 1480 370 METEOROLOG.

315 454 445 479 secum
464 445 678 491 pugnantes
694 443 884 476 recenset.
903 458 958 466 -—
985 434 1137 476 τούτων
1155 434 1292 490 βόρεια
1319 445 1466 476 mutato
1489 440 1703 479 verborum

315 507 455 545 ordine
473 507 519 543 F.
542 526 596 532 —-
624 500 735 542 νότια
754 501 798 541 δέ
815 517 890 554 pro
907 500 1009 556 νότῳ
1031 501 1077 541 δέ
1092 505 1135 541 Ε.
1154 504 1268 542 Alex.
1296 503 1397 557 τῷδε
1416 499 1519 556 νότῳ
1538 507 1584 543 F.
1599 507 1702 544 Cam.

315 573 361 610 P.
378 570 418 609 S.
436 571 587 609 Cas.——-
614 571 766 607 Eurum
783 570 1011 619 Notumque
1027 569 1229 607 calidiores
1240 583 1331 623 'esse
1347 569 1540 620 Zephyris
1567 571 1707 620 probat

315 633 518 673 Problem.
540 636 707 683 XXVI,
730 637 796 673 27.
823 647 864 685 p.
888 635 984 683 943,
1003 635 1040 672 b.
1098 633 1318 672 Secundum
1345 635 1706 685 Hippocratem

316 701 365 738 de
387 700 502 749 aifre,
530 714 599 750 aq.
621 708 660 737 et
678 700 777 737 locis
805 700 840 749 §.
862 703 884 739 9
915 714 1049 738 omnes
1078 700 1188 739 venti
1215 700 1417 738 calidiores
1450 707 1540 738 sunt
1570 697 1708 748 [πνεύ-

313 767 437 816 ματα]
469 762 544 803 ὅσα
571 762 696 803 κέεται
723 762 871 815 μεταξὺ
892 767 963 817 τῆς
983 780 1022 804 τε
1039 766 1258 816 χειμερινῆς
1285 763 1478 816 ἀνατολῆς
1505 767 1575 803 τοῦ
1594 761 1707 816 ἡλίου

315 830 381 870 καὶ
407 832 487 870 τῶν
516 828 700 897 δυσμέωιί
723 832 802 870 τῶν
827 832 1069 884 χειμερινῶν.
1100 852 1154 859 —-
1183 827 1248 868 διὰ
1275 827 1320 869 τὸ
1351 827 1428 869 ἀπό
1457 844 1531 881 pro
1550 832 1606 884 τῷ
1629 826 1705 868 ἀπό

315 899 361 937 F.
375 899 428 936 Η.
445 898 499 936 Ν.
684 899 686 901 '
1136 886 1139 889 ’

426 966 489 1001 13.
517 964 581 1001 De
601 962 766 1000 articulo
788 969 878 1001 ante
895 959 1054 1017 ἆλεεινῷ
1074 963 1215 1001 omisso
1245 964 1314 1002 cfr.
1333 962 1382 1001 ad
1402 965 1431 1009 Ι,
1452 967 1490 1012 3,
1509 964 1548 1001 5.
1577 962 1706 1000 Etiam

315 1035 406 1068 ante
429 1030 570 1082 θερμῷ
591 1029 775 1067 omittunt
792 1030 848 1083 τῷ
866 1031 912 1067 F.
941 1030 1057 1068 Alex.
1078 1030 1147 1068 fol.
1162 1031 1252 1078 105,
1263 1030 1301 1067 b.
1326 1030 1377 1067 A.
1391 1029 1552 1066 Cam-P.
1567 1026 1707 1065 S.Cas.

314 1095 422 1147 quod
439 1095 524 1133 fere
544 1094 810 1143 probaverim.
848 1096 905 1148 τῷ
936 1095 1077 1148 θερμῷ
1106 1094 1170 1133 καὶ
1198 1096 1254 1148 τῷ
1281 1095 1425 1147 ψυχρῷ
1453 1095 1611 1132 inverso
1641 1107 1709 1131 or—

314 1160 408 1198 dine
435 1159 623 1197 exhibent
647 1160 699 1197 H.
719 1161 772 1198 N.
801 1173 969 1210 quorum
991 1161 1187 1211 posterior
1207 1162 1323 1198 etiam
1338 1161 1394 1213 τῴ
1417 1157 1573 1212 ἀλεεινῷ
1593 1156 1710 1197 exhi-

313 1227 394 1264 bet.
447 1226 542 1263 Post
568 1222 795 1277 θερμότερα
820 1238 895 1275 pro
925 1222 971 1262 δέ
994 1224 1139 1263 habent
1161 1223 1233 1276 μέν
1262 1229 1309 1264 F.
1337 1227 1392 1264 H.
1421 1226 1474 1263 N.
1497 1226 1603 1263 Cam.
1634 1226 1708 1262 cfr.

315 1290 561 1329 Schaefer
589 1287 792 1326 Meletem.
821 1290 951 1327 critic.
979 1303 1018 1340 p.
1042 1294 1132 1328 111.
1164 1312 1214 1319 —
1262 1292 1339 1329 τῶν
1369 1287 1445 1328 ἀπὸ
1477 1289 1630 1339 ὃυσμῆς
1657 1286 1708 1326 τὰ

315 1352 395 1394 ἀπὸ
424 1352 476 1393 ἕω
505 1360 655 1392 mutato
679 1354 820 1391 ordine
849 1355 1069 1404 omissoque
1098 1356 1258 1393 articulo
1285 1359 1333 1394 F.
1360 1376 1413 1384 --
1449 1357 1528 1394 τῶν
1557 1352 1602 1392 δ’
1629 1351 1706 1391 ἀπὸ

316 1420 493 1471 ὁυσμῆς,
520 1418 653 1457 addito
676 1416 722 1457 δέ
734 1433 840 1457 casso
860 1433 975 1458 sensu
993 1420 1107 1458 Alex.
1120 1422 1170 1459 A.
1190 1411 1268 1472 ff—
1284 1422 1371 1459 Cas.
1428 1417 1504 1466 ἀπὸ
1548 1419 1709 1469 δυσμῶν

317 1487 481 1537 Olymp.
503 1487 572 1524 fol.
595 1485 660 1534 43,
674 1485 714 1524 b.
734 1507 790 1513 -—-—
824 1484 984 1524 πλείονα
1004 1499 1078 1537 pro
1099 1484 1218 1524 πλείω
1240 1487 1292 1524 Η.
1313 1487 1367 1523 Ν.
1396 1508 1451 1516 --
1503 1488 1603 1525 Mox
1628 1486 1708 1523 τῶν

317 1548 360 1590 δ’
386 1548 464 1590 ἀπὸ
488 1550 642 1601 ὃυσμῆς
670 1564 745 1602 pro
773 1546 825 1589 τιὶ
855 1548 894 1589 δ’
917 1548 994 1589 ἆπό
1024 1551 1178 1602 δυσμῆς
1205 1553 1254 1590 Ε.
1272 1554 1317 1590 F.
1334 1553 1387 1589 H.

428 1618 492 1656 14.
523 1616 648 1671 dmm(
663 1613 748 1666 ἅμα
769 1613 829 1655 ὅτι
846 1621 953 1655 πνεῖν
981 1631 1094 1655 sensu
1115 1619 1317 1668 paululum
1338 1616 1494 1655 diverso
1516 1618 1707 1667 Olymp.

313 1684 385 1723 fol.
407 1685 480 1732 43,
498 1683 538 1721 b.
559 1703 614 1711 —-—
643 1679 769 1727 οὕτως
797 1680 995 1732 κειμένους
1022 1684 1129 1721 Cam.
1156 1689 1200 1721 ut
1228 1696 1342 1733 saepe
1367 1683 1468 1720 alias.
1506 1682 1577 1720 cfr.
1605 1681 1655 1719 ad
1675 1683 1708 1730 Ι,

316 1753 354 1798 4,
377 1753 413 1788 1.
431 1772 485 1779 -
514 1747 578 1787 καὶ
595 1740 661 1786 διὰ
681 1750 800 1786 τοῦτο
829 1749 962 1787 addita
981 1751 1121 1800 copula
1139 1749 1256 1788 Alex,
1278 1749 1348 1786 fol.
1369 1750 1457 1795 105,
1467 1748 1505 1785 b.
1535 1749 1585 1785 A.
1602 1747 1708 1785 Cam.

314 1815 360 1852 P.
379 1816 419 1852 S.
441 1835 492 1843 —-
519 1815 638 1852 τοῦτο
667 1812 732 1852 καὶ
762 1810 846 1863 ἅμα
874 1817 919 1852 F.
949 1836 1003 1842 —
1042 1807 1148 1866 εὖροι
1175 1828 1248 1864 pro
1277 1811 1401 1865 οὔριοι
1427 1814 1559 1863 inepte
1583 1813 1634 1850 N.
1654 1833 1709 1840 -—

315 1875 378 1916 ἐπὶ
412 1876 458 1917 τὸ
495 1869 670 1930 {fa-&013
699 1877 863 1929 σημείου
891 1880 999 1917 Cam.
1031 1902 1081 1908 —
1109 1881 1256 1917 ταυτοῦ
1283 1893 1355 1930 pro
1371 1880 1442 1917 τοῦ
1461 1875 1582 1916 αὐτοῦ
1599 1878 1652 1916 N.

426 1946 490 1982 15.
520 1941 592 1989 τάς
621 1950 710 1981 ante
727 1940 835 1996 ὥρας
862 1946 1008 1982 omittit
1025 1947 1068 1983 F.
1091 1967 1141 1973 ——
1170 1943 1322 1989 καικίας
1339 1944 1448 1981 deest
1466 1944 1571 1993 apud
1589 1945 1638 1982 A.
1652 1961 1707 1972 '—-

316 2007 353 2048 οἳ
385 2007 490 2058 λίβες
516 2009 650 2047 addito
678 2009 841 2047 articulo
878 2009 994 2048 Alex.
1028 2012 1126 2057 105,
1147 2010 1186 2047 b.
1219 2010 1328 2048 Cam.
1359 2007 1451 2061 (qui
1478 2009 1593 2058 paulo
1617 2015 1707 2045 ante

315 2075 476 2113 exhibet
500 2070 790 2126 μετοπωρινήν)
820 2076 863 2114 Ρ.
882 2076 965 2112 Cas.
985 2096 1039 2102 -
1077 2073 1120 2113 δὲ
1141 2071 1363 2127 χειμερινάς
1389 2075 1545 2112 inverso
1564 2087 1708 2124 perpe-

314 2153 402 2178 ram
421 2140 560 2178 ordine
577 2141 625 2178 E.
648 2159 701 2168 —-
759 2141 847 2189 Qua
868 2142 956 2179 vice
981 2141 1121 2191 singuli
1146 2141 1254 2178 venti
1283 2154 1353 2191 per
1375 2153 1519 2177 annum
1542 2140 1707 2190 spirent,

315 2206 481 2257 exposui
503 2203 718 2244 Meteorol.
742 2215 820 2244 vet.
839 2209 909 2253 III,
932 2210 996 2244 13.
1025 2220 1064 2258 p.
1085 2206 1137 2245 74
1157 2220 1239 2257 sqq.

427 2274 491 2310 16.
518 2269 703 2310 πίπτουσι
721 2285 796 2323 pro
820 2269 1067 2310 ἐπιπίπτουσι
1083 2274 1130 2310 Ε.
1160 2274 1227 2322 qui
1246 2286 1370 2324 saepe,
1398 2272 1456 2311 uti
1474 2273 1550 2310 iam
1570 2271 1706 2308 obser-

313 2337 515 2384 vavimus,
555 2338 723 2388 simplex
749 2338 918 2376 verbum
948 2351 1022 2388 pro
1053 2339 1267 2388 composito
1297 2338 1420 2388 ponit.
1444 2359 1498 2366 —
1534 2333 1706 2386 μάλιστα

313 2405 398 2447 τοῖς
426 2398 561 2446 ἄλλοις
587 2402 746 2441 inverso
767 2403 907 2441 ordine
924 2402 979 2441 N.
997 2424 1052 2430 --
1079 2400 1298 2454 ἀπαρκτίας
1318 2402 1381 2441 καὶ
1400 2394 1597 2454 θρασκιάς
1616 2402 1703 2439 loco

313 2468 480 2518 pluralis
497 2469 650 2506 numeri
671 2468 833 2519 Olymp.
853 2470 922 2508 fol.
935 2470 999 2514 43,
1011 2469 1114 2506 b.--
1142 2465 1299 2522 ἀργέται
1318 2470 1369 2507 Ν.
1404 2469 1491 2506 Huc
1504 2467 1703 2519 pertinere

312 2533 437 2570 verba
463 2534 672 2571 Horatii
692 2534 797 2572 Odd.
816 2535 848 2582 1,
871 2538 910 2580 3,
932 2538 1007 2572 13.-

580 2618 636 2628 —
665 2612 738 2636 nec
765 2601 905 2637 timuit
926 2600 1196 2649 praecipitem
1214 2600 1402 2651 Africum

578 2662 949 2702 Decet-tantem
975 2664 1246 2715 Aquilonibus
1275 2684 1328 2693 —-

310 2729 446 2767 monui
461 2729 540 2767 iam
558 2727 774 2768 Meteorol.
798 2737 878 2769 vet.
902 2732 931 2769 1.
950 2731 976 2770 l.
995 2750 1050 2757 -
1085 2731 1281 2782 Deinceps
1297 2725 1371 2781 γάρ
1393 2732 1484 2780 post
1503 2724 1699 2779 ἐγγυτάτω
