1774 3198
329 343 421 387 526
540 351 985 392 COMMENTARIUS
1012 354 1075 393 IN
1101 354 1503 396 METEOROLOG.

326 464 371 502 P.
390 462 478 501 Cas.
515 458 618 509 ιἶδιέι.
658 458 769 500 ι’διέιν
796 474 871 512 pro
899 459 1038 515 ἱδροῦν
1062 475 1153 501 raro
1181 463 1340 514 quidem
1367 471 1425 503 est
1451 466 1719 518 apudyprosa-

325 529 406 568 rios
431 526 659 578 scriptores,
688 527 861 565 occurrit
877 533 1008 566 tamen
1035 529 1148 567 etiam
1177 530 1283 581 apud
1311 530 1718 582 Theophrastum

256 641 263 646 ᾖ
325 596 488 632 His-tor.
501 592 690 641 plantor.
713 593 764 641 V,
783 596 820 641 9,
840 596 879 631 8.
909 607 948 645 p.
973 598 1062 642 197,
1091 608 1179 633 cum
1202 595 1326 634 dicat:
1354 593 1451 635 ἀνίει
1475 594 1518 635 δὲ
1545 598 1625 636 τῶν
1653 596 1720 644 ξύ-

323 661 404 698 λων
431 654 482 696 τὰ
510 655 667 710 κέδρινα
695 656 759 696 καὶ
787 653 922 705 ἅπλῶς
950 651 1005 698 ὧν
1033 657 1226 712 ἓλαιώδης
1250 657 1474 716 ἥῦγρότης.
1504 658 1648 702 διὸκαὶ
1669 661 1719 702 τὰ

323 718 533 777 ἀγάλματά
568 736 690 775 φασιν
726 723 859 763 ἰδίειν·
905 723 1026 765 ἐνιότε
1055 729 1211 766 ποιοῖ-σι
1242 725 1318 780 γὰρ
1350 726 1397 767 ἐκ
1427 725 1599 777 τούτων,
1646 730 1721 767 nisi

321 791 446 830 verba
461 786 511 828 τὰ
532 785 743 841 ἀγάλματα
771 789 858 830 ἰδίει
887 805 937 830 ex
955 792 1075 844 poeta
1093 793 1260 846 quodam
1277 794 1414 832 hausit.
1470 796 1515 833 In
1535 808 1581 833 re
1601 808 1721 846 pror-

320 870 385 896 sus
403 855 520 894 simili
539 855 679 894 eodem
698 857 823 896 verbo
842 859 969 897 utitur
987 859 1036 897 de
1056 873 1190 898 caus-s.
1195 860 1384 910 plantar.
1395 862 1445 908 V,
1459 861 1497 910 4,
1509 861 1548 900 4.
1567 874 1606 911 p.
1618 860 1719 900 545:

319 918 466 974 ὁμοίως
493 919 537 960 δὲ
564 920 630 960 καὶ
657 918 734 961 ὅσα
762 921 849 962 ι’διέι
877 925 957 963 τῶν
985 922 1130 972 ξύλων·
1159 924 1224 965 καὶ
1242 923 1317 979 γὰρ
1339 928 1465 966 ταῦτα
1492 925 1626 965 νοτίου
1653 925 1719 965 καὶ

317 984 440 1042 ὑγροῦ
467 989 539 1028 τοῦ
566 985 682 1041 ἀέρος
717 985 832 1036 ὄντος
859 989 971 1029 τουτὶ
999 988 1160 1042 πάσχει,
1197 991 1262 1030 καὶ
1291 989 1338 1030 οὐ
1366 989 1512 1041 πάντα,
1553 988 1643 1030 ἀλλ’
1677 990 1719 1031 ἐν

317 1050 377 1101 οἷς
407 1051 555 1107 λιπαρὰ
582 1050 773 1107 ὕγρότης,
812 1051 897 1095 οἷον
924 1054 1090 1109 κέδρου,
1126 1056 1389 1109 κυπαρίττου,
1420 1057 1573 1104 ἐλαίας·
1613 1054 1639 1095 ἃ
1667 1054 1717 1109 δή

315 1120 381 1161 καὶ
412 1124 554 1172 σημεῖα
577 1120 643 1159 καὶ
674 1119 820 1173 τέρατα
847 1121 1084 1171 νομίζουσιν.
1110 1143 1166 1150 —-
1213 1123 1257 1162 εἷ
1288 1121 1363 1177 γὰρ
1393 1119 1562 1176 ὗγρότης
1590 1137 1664 1175 pro
1691 1119 1717 1175 ἦ

313 1184 389 1240 γὰρ
417 1182 587 1239 ὑγρότης
613 1189 659 1225 Α.
690 1188 801 1227 Cam.
830 1178 1007 1240 ”ft-(scas.
1065 1188 1275 1228 Caeterum
1293 1190 1390 1228 haec
1410 1191 1532 1230 verba
1550 1191 1592 1228 in
1610 1203 1717 1229 mar—

313 1254 403 1305 gine
427 1259 582 1303 ponunt
603 1254 656 1291 H.
678 1259 718 1291 et
742 1254 806 1303 N„
839 1268 1007 1305 quorum
1025 1256 1222 1306 posterior
1249 1269 1323 1306 pro
1351 1251 1522 1307 ὑγρότης
1558 1256 1716 1294 exhibet

313 1320 431 1358 etiam
447 1315 621 1370 ἶδρότης.
643 1338 696 1347 -
738 1320 872 1358 Verba
897 1316 972 1372 γὰρ
999 1318 1067 1358 καί
1093 1321 1279 1359 omittunt
1305 1322 1352 1360 E.
1373 1323 1423 1360 A.
1448 1323 1588 1360 Alex.
1619 1321 1715 1361 Aldi

311 1385 383 1424 fol.
403 1387 467 1431 96,
484 1397 519 1422 a.
537 1405 593 1412 ·—
622 1381 739 1437 ε’χρήν
752 1391 951 1436 'perverso
971 1392 1131 1424 accentu
1153 1388 1197 1425 P.

424 1453 491 1492 17.
532 1451 703 1501 Quando
728 1457 836 1490 recte
863 1464 905 1489 se
924 1450 1043 1490 habet
1062 1451 1291 1501 discrimen,
1320 1453 1427 1504 quod
1449 1454 1553 1492 inter
1577 1451 1714 1506 φαίνε-

311 1519 412 1558 σθαι
443 1530 534 1555 cum
560 1517 768 1568 participio
801 1523 840 1555 et
861 1517 967 1555 idem
998 1517 1166 1556 verbum
1197 1531 1284 1556 cum
1312 1518 1509 1559 infinitivo
1536 1520 1713 1558 iunctum

273 1616 278 1627 ,
309 1582 530 1623 statuerunt
561 1583 640 1622 viri
674 1583 800 1632 docti,
845 1583 951 1623 inter
989 1597 1087 1634 quos
1121 1584 1274 1624 Wolf
1305 1584 1356 1623 ad
1391 1585 1713 1624 Demosthen.

309 1651 474 1701 Leptin.
494 1662 535 1702 p.
550 1651 644 1689 259.
675 1646 880 1701 Kriiger
906 1649 957 1689 ad
983 1650 1196 1702 Dionys.
1224 1664 1261 1702 p.
1281 1653 1372 1698 133,
1400 1651 1457 1689 ud
1476 1650 1575 1690 illud
1593 1651 1713 1702 signi-

307 1716 401 1755 ficet
411 1716 565 1766 palam
582 1729 668 1753 esse
690 1722 731 1752 et
751 1715 939 1769 omnibus
953 1724 1202 1766 compertum
1214 1747 1224 1767 ,
1254 1716 1331 1754 hoc
1350 1717 1507 1765 videri,
1535 1716 1574 1756 h.
1591 1717 1620 1755 l.
1645 1723 1712 1755 aut

306 1781 557 1821 scribendum
587 1778 633 1820 οὗ
657 1779 838 1834 φαίνεται
866 1778 910 1820 δὲ
935 1783 1054 1821 τοῦτο
1084 1781 1334 1833 συμβαίνειν,
1364 1788 1431 1821 aut
1458 1781 1636 1835 φαίνεται
1667 1781 1711 1821 δὲ

306 1849 425 1887 τοῦτο
448 1844 494 1887 οὐ
514 1849 747 1898 συμβαΐνον.
802 1847 882 1886 Sed
901 1861 1058 1897 vereor,
1084 1862 1137 1886 ne
1151 1855 1309 1899 praeter
1328 1849 1432 1887 hunc
1449 1849 1581 1887 locum
1600 1850 1712 1900 plura

304 1913 475 1965 reperiri
494 1919 638 1964 queant
653 1913 846 1964 exempla,
865 1913 928 1951 isti
944 1915 1103 1963 regulae
1119 1914 1353 1964 refragantia
1372 1928 1451 1954 v.c.
1466 1916 1710 1966 degenerat.

305 1979 481 2018 animal.
507 1981 549 2028 Ι,
580 1981 625 2017 1:
661 1977 841 2031 φαίνεται
868 1974 944 2030 γοῖρ
975 1981 1195 2028 συμβαῖνον
1224 1975 1352 2025 οὕτως
1380 1977 1443 2017 ἐπὶ
1469 1981 1549 2018 τῶν
1577 1976 1710 2018 ἄλλων

305 2041 430 2099 ζῴων.
449 2065 503 2072 -
533 2044 658 2096 ξηρᾶς
681 2042 756 2095 μὲν
785 2040 907 2095 οὔσης
933 2057 1008 2095 pro
1039 2041 1140 2096 ξηρὰ
1166 2041 1240 2094 μέν
1260 2037 1361 2083 οὖσα
1381 2046 1428 2082 Ε.
1444 2066 1500 2073 -—
1526 2045 1708 2083 τοιοῦτον

303 2107 444 2161 πάσχει
472 2110 631 2150 inverso
648 2110 788 2149 ordine
806 2111 856 2148 N.
874 2132 929 2140 —
957 2103 1134 2156 πῶςόἶιν
1154 2110 1297 2148 omisso
1319 2107 1366 2148 δέ
1382 2111 1428 2150 F.
1446 2110 1500 2149 H.
1518 2111 1569 2148 N.

415 2179 477 2215 18.
514 2177 773 2226 Sententiam,
803 2190 919 2228 quam
939 2177 1012 2214 etsi
1031 2177 1167 2215 falsam
1191 2177 1310 2228 inque
1334 2176 1602 2228 superioribus
1629 2176 1706 2216 iam

300 2243 523 2290 refutatam,
541 2243 849 2294 probabiliorem
868 2249 999 2282 tamen
1018 2257 1100 2280 esse
1119 2241 1452 2294 Empedoclea
1476 2248 1621 2288 censet,
1649 2248 1706 2279 est

300 2309 672 2348 Anaximandri
711 2315 750 2348 et
778 2310 1140 2360 Anaxagorae,
1189 2321 1359 2360 quorum
1398 2308 1599 2359 opiniones
1633 2307 1704 2344 vix

300 2374 503 2414 differunt.
529 2376 602 2414 cfr.
629 2374 886 2415 Plutarch.
907 2375 1025 2413 Plae.
1041 2374 1194 2424 philos.
1213 2377 1283 2419 111,
1305 2377 1370 2413 16.
1395 2388 1432 2425 p.
1454 2377 1528 2414 92:
1554 2369 1705 2419 Ἀναξί-

297 2431 479 2493 μανδρος
507 2436 580 2492 τὴν
605 2437 822 2480 θάλασσάν
850 2442 972 2493 φησιν
999 2435 1096 2479 εἶναι
1123 2441 1194 2491 τῆς
1222 2436 1383 2492 πρώτης
1405 2435 1595 2492 ῦγρασίας
1622 2437 1702 2477 λεί-

297 2514 447 2556 ψανον,
475 2497 525 2557 ἧς
552 2503 597 2545 τὸ
624 2505 698 2557 μὲν
725 2507 859 2545 πλεῖον
882 2503 1006 2558 μέρος
1034 2502 1244 2559 ἀνεξήρανε
1273 2501 1318 2544 τὸ
1341 2506 1440 2558 πῦρ,
1470 2500 1516 2542 τὸ
1538 2501 1582 2542 δὲ
1602 2499 1702 2543 ὕπο-

297 2570 464 2624 λειφθὲν
506 2570 573 2611 διὰ
609 2569 683 2624 τὴν
720 2569 901 2611 ἔκκαυσιν
936 2569 1163 2622 μετέβαλεν.
1207 2567 1471 2621 Ἀναξαγόρας
1506 2570 1576 2607 τοῦ
1606 2567 1697 2608 κατ’

298 2634 425 2689 ἀρχὴν
462 2634 719 2688 λιμνάζοντος
755 2632 878 2690 ὑγροῦ
912 2634 1166 2689 περικαέντος
1198 2631 1276 2675 ὗπό
1301 2637 1369 2685 τῆς
1400 2630 1561 2684 ἡλιακῆς
1589 2648 1700 2687 περι-

296 2704 449 2753 φορᾶς,
489 2701 555 2742 καὶ
582 2705 654 2743 τοῦ
682 2704 852 2754 λιπαροῦ
879 2700 1210 2753 ἐξατμισθέντος,
1248 2700 1305 2746 εἷς
1339 2695 1505 2738 ἁλυκίδα
1541 2699 1604 2738 καὶ
1634 2716 1699 2738 πι-

296 2765 410 2819 κρίαν
444 2766 489 2807 τὸ
526 2766 666 2810 λοιπὸν
703 2765 935 2819 ὑποστῆναι.
1004 2768 1092 2819 Cfr.
1132 2764 1426 2805 Schaubach
1471 2766 1696 2815 Anaxag.
