1820 3158
332 336 425 379 114
469 342 850 386 -p.366‚b.Bekk.—
872 345 1045 383 LIB.11.
1075 345 1313 387 CAP.V111.
1362 344 1527 388 —p.349,
1544 345 1580 378 F.
1606 344 1730 378 Cas.-

325 455 376 508 γῇ
403 451 450 494 τὸ
480 455 634 503 πνεῦμα
661 449 921 504 παραπλήσια
950 456 1098 500 ποιεῖν,
1139 451 1205 491 καὶ
1232 451 1304 492 τὸν
1329 453 1402 504 μὲν
1442 457 1522 495 τῶν
1560 457 1730 506 σεισμῶν

325 515 411 560 οἷον
437 517 590 573 τρόμον
617 513 714 556 εἶναι
723 546 735 564 ,
777 515 847 557 τὸν
874 515 913 556 δ’
938 513 1023 557 οἷον
1052 515 1259 570 σφυγμόν,
1304 518 1370 558 καὶ
1405 517 1588 573 καθάπερ
1629 533 1730 571 συμ-

322 585 450 636 βαίνει
477 581 668 629 πολλάκις
703 581 805 633 μετὰ
839 581 912 634 τὴν
947 581 1112 636 οὔρησιν
1142 581 1208 623 διὰ
1236 586 1307 624 τοῦ
1338 580 1523 635 σώματος
1563 585 1730 637 (γίνεται

322 649 398 704 γὰρ
427 647 559 702 ὥσπερ
589 645 740 700 τρόμος
766 662 826 695 τις
854 647 1241 701 ἀντιμεθιστάμενου
1269 652 1341 690 τοῦ
1373 647 1597 701 πνεύματος
1634 648 1732 697 ἔξω·

320 719 395 756 θεν
437 713 530 754 εἶσω
568 711 787 765 ἀθρόου),
844 718 1012 777 τοιαῦτα
1055 715 1235 768 γίνεσθαι
1281 716 1346 756 καὶ
1393 716 1482 768 περὶ
1528 714 1602 768 τὴν
1644 719 1730 769 γῆν.

270 787 319 822 16
361 786 421 820 16.
443 778 572 832 ’Ὀσην
601 778 641 819 δ’
675 778 750 831 ἔχει
778 779 824 820 τὸ
854 783 1007 832 πνεῦμα
1038 779 1230 832 δύναμιν,
1283 780 1329 822 οὗ
1359 779 1484 833 μόνον
1513 781 1555 821 ἐκ
1583 784 1662 823 τῶν
1690 780 1731 820 ἐν

320 850 378 903 τῷ
405 845 491 898 ἀέρι
519 847 585 886 δεῖ
605 848 774 900 θεωρεῖν
801 846 1014 899 γινομένων
1052 846 1258 900 (ἐνταῦθα
1285 846 1358 898 μὲν
1384 846 1460 900 γὰρ
1490 846 1555 887 διὰ
1586 846 1631 888 τὸ
1660 846 1733 898 με’-

320 916 442 967 γεθος
468 908 667 962 ὑπολάβοι
695 927 755 958 τις
786 910 835 952 ἂν
863 916 1029 954 τοιαῦτα
1060 910 1264 954 δύνασθαι
1292 913 1432 967 ποιεῖν)
1463 911 1564 954 ἀλλὰ
1596 913 1660 952 καὶ
1689 912 1731 952 ἓν

268 985 319 1021 17
331 984 414 1026 τοῖς
443 977 600 1029 σώμασι
628 981 708 1018 τῶν
737 977 860 1034 ζῴων.
934 985 999 1020 17.
1035 978 1089 1020 Οἵ
1113 994 1154 1020 τε
1183 978 1258 1032 γὰρ
1287 978 1441 1018 τέτανοι
1471 979 1535 1018 καὶ
1566 978 1602 1018 οἳ
1631 992 1730 1019 σπα-

321 1045 415 1097 σμοὶ
443 1042 670 1094 πνεύματος
696 1044 769 1095 μέν
795 1046 868 1085 εἶσι
898 1044 1091 1098 κινήσεις,
1130 1043 1331 1097 τοσαύτην
1361 1043 1400 1085 δ’
1434 1043 1590 1096 ἔχουσιν
1618 1042 1731 1095 ἰσχὺν

319 1109 421 1152 ὥστε
456 1107 629 1156 πολλοὺς
666 1107 752 1161 ἅμα
793 1111 1060 1165 πειρωμένους
1102 1109 1392 1162 ἀποβιάζεσθαι
1427 1109 1483 1162 μὴ
1530 1108 1730 1150 δύνασθαι

318 1181 474 1232 κρατεῖν
511 1178 584 1228 τῆς
626 1174 816 1228 κινήσεως
850 1180 929 1218 τῶν
958 1175 1288 1231 ἀρρωστούντων.
1336 1175 1382 1217 τὸ
1413 1175 1512 1217 αὐτὸ
1544 1177 1608 1216 δεῖ
1629 1181 1730 1216 νοεῖν

317 1242 522 1298 γινόμενον
567 1241 632 1281 καὶ
671 1240 713 1281 ἐν
749 1245 799 1296 τῇ
837 1246 914 1296 γῇ,
973 1240 1028 1290 ὡς
1064 1240 1217 1283 εἰκάσαι
1255 1241 1357 1295 πρὸς
1392 1241 1537 1295 μικρὸν
1582 1243 1727 1294 μεῖζον.

267 1315 317 1350 18
349 1314 413 1350 18.
444 1309 596 1360 Σημεῖα
621 1307 665 1347 δὲ
684 1307 839 1359 τούτων
868 1310 933 1349 καὶ
961 1308 1062 1361 πρὸς
1087 1307 1159 1361 τὴν
1189 1305 1384 1361 ἡμετέραν
1410 1303 1602 1359 αἴσθησιν
1630 1309 1729 1347 πολ-

318 1378 442 1427 λαχοῦ
477 1373 654 1428 γέγονεν·
702 1373 781 1426 ἤδη
809 1374 886 1428 γὰρ
917 1374 1079 1426 σεισμὸς
1107 1374 1147 1415 ἒν
1176 1372 1314 1421 τόποις
1341 1373 1420 1414 τισὶ
1449 1371 1650 1426 γινόμενος
1680 1372 1726 1413 οὐ

317 1439 511 1496 πρότερον
532 1439 654 1493 ἔληξε,
684 1441 776 1495 πρὶν
798 1439 966 1495 ἐκρήξας
993 1442 1047 1487 εἷς
1075 1439 1145 1481 τὸν
1172 1437 1272 1494 ὑπὲρ
1301 1442 1373 1492 τῆς
1395 1443 1468 1492 γῆς
1495 1438 1619 1482 τόπον
1649 1454 1726 1493 φα-

316 1510 440 1562 νερῶς
476 1503 608 1559 ὥσπερ
646 1506 827 1560 ἐκνεφίας
863 1507 1030 1559 ἐξῆλθεν
1069 1503 1089 1547 ὁ
1120 1504 1282 1558 κινήσας
1319 1504 1485 1557 ἄνεμος,
1538 1501 1623 1545 οἷον
1661 1505 1726 1544 καὶ

316 1574 405 1626 περὶ
432 1569 676 1625 “Ηράκλειαν
714 1571 864 1625 ἐγένετο
893 1571 967 1625 τὴν
995 1572 1036 1613 ἒν
1063 1575 1120 1628 τῷ
1148 1569 1298 1626 Πόντῳ
1329 1571 1491 1622 νεωστί,
1532 1571 1597 1611 καὶ
1626 1567 1727 1624 πρό-

317 1706 499 1757 spiritum
521 1705 663 1742 similia
686 1705 875 1755 quaedam
901 1705 1072 1752 efficere,
1095 1711 1135 1743 et
1152 1711 1280 1743 terrae
1298 1709 1479 1741 motuum
1499 1704 1617 1740 alium
1640 1703 1727 1752 qui-

317 1773 407 1812 dem
448 1771 574 1810 veluti
619 1776 836 1808 tremorem
877 1786 982 1817 esse,
1033 1773 1153 1809 alium
1189 1772 1296 1820 quasi
1339 1771 1495 1821 pulsum
1531 1776 1570 1806 et
1600 1769 1726 1819 qualia

316 1852 405 1877 cum
432 1838 548 1875 urina
573 1836 728 1874 reddita
760 1843 837 1884 est,
877 1838 918 1874 in
948 1850 1116 1888 corpore
1146 1838 1299 1887 saepius
1328 1837 1511 1874 accidunt
1541 1833 1603 1885 (fit
1622 1836 1724 1872 enim

315 1903 441 1943 veluti
459 1909 609 1941 tremor
631 1904 800 1953 quidam,
824 1903 965 1953 spiritu
986 1904 1230 1940 extrinsecus
1254 1903 1361 1939 intro
1382 1915 1465 1938 sese
1493 1897 1723 1950 recipiente)

313 1972 404 2010 talia
433 1970 548 2007 etiam
578 1970 620 2006 in
648 1975 753 2006 terra
784 1969 884 2006 fieri.
964 1972 1024 2005 16.
1065 1969 1261 2016 Quantam
1290 1973 1420 2004 autem
1449 1966 1533 2004 vim
1561 1966 1720 2015 spiritus

314 2037 474 2083 habeat,
505 2048 583 2073 non
607 2036 734 2073 solum
756 2048 807 2071 ex
832 2034 914 2082 his,
943 2046 1041 2083 quae
1072 2034 1112 2070 in
1138 2038 1230 2071 a‘ere
1260 2033 1518 2078 oboriuntur,
1548 2037 1725 2068 contem-

316 2104 417 2154 plari
450 2102 637 2140 debemus
675 2098 746 2151 (ibi
774 2101 878 2138 enim
909 2099 1175 2150 magnitudine
1203 2113 1270 2136 sua
1302 2099 1394 2137 talia
1422 2111 1536 2148 posse
1565 2096 1724 2134 efficere

311 2160 449 2221 aliquis
468 2166 683 2219 putaverit)
714 2180 857 2205 verum
879 2172 918 2204 et
938 2167 980 2203 in
1000 2166 1231 2216 corporibus
1254 2165 1494 2202 animalium.
1539 2166 1599 2200 17.
1619 2162 1722 2199 Nam

314 2242 353 2274 et
376 2237 495 2274 tetani
520 2241 560 2272 et
579 2234 865 2281 convulsiones‚
893 2232 936 2269 id
958 2238 1029 2277 est,
1051 2232 1319 2279 distentiones,
1349 2231 1508 2281 spiritus
1531 2228 1723 2265 motiones

312 2309 401 2340 sunt
427 2301 588 2351 vimque
618 2306 763 2337 tantam
790 2299 990 2344 obtinent,
1020 2304 1065 2336 ut
1084 2299 1201 2336 etiam
1220 2299 1251 2336 si
1273 2298 1387 2335 multi
1408 2295 1526 2334 simul
1546 2295 1627 2332 vim
1655 2307 1722 2331 re-

312 2369 461 2419 pellere
491 2368 710 2412 enitantur,
749 2364 1031 2416 aegrotantium
1074 2371 1206 2403 tamen
1245 2369 1398 2402 motum
1435 2363 1617 2400 evincere
1649 2373 1720 2396 ne—

311 2440 467 2485 queant.
522 2433 635 2472 Idem
665 2445 764 2470 vero
800 2438 839 2470 et
865 2432 908 2470 in
934 2437 1042 2469 terra
1069 2430 1185 2478 fieri,
1221 2436 1266 2468 ut
1294 2443 1381 2468 rem
1418 2439 1594 2477 magnam
1631 2437 1718 2462 cum

311 2514 434 2551 parva
455 2500 713 2546 conferamus,
741 2496 1040 2547 intelligendum
1061 2503 1130 2534 est.
1192 2499 1255 2534 18.
1287 2497 1443 2534 Horum
1464 2498 1593 2531 autem
1613 2491 1720 2539 signa

310 2573 348 2604 et
375 2567 449 2617 ipsi
479 2579 635 2616 quoque
664 2571 802 2603 nostro
829 2564 959 2602 sensui
986 2563 1190 2618 manifesta
1212 2561 1344 2600 multis
1370 2560 1411 2596 in
1434 2558 1530 2595 locis
1554 2557 1718 2593 exstite-

308 2638 415 2669 runt.
471 2631 554 2669 Iam
576 2632 680 2670 enim
699 2638 829 2670 motus
848 2637 978 2670 terrae
1001 2628 1232 2680 quibusdam
1257 2627 1299 2663 in
1318 2625 1412 2663 locis
1432 2623 1619 2660 excitatus
1637 2634 1716 2658 non
1769 2639 1773 2644 =

307 2704 418 2735 antea
446 2698 582 2740 desiit,
622 2711 739 2747 quam
767 2703 908 2736 ventus
936 2698 1016 2743 ille,
1067 2696 1136 2745 qui
1173 2695 1461 2736 commoverat,
1509 2688 1718 2738 eruptione

308 2776 428 2813 nupta
457 2769 604 2800 terram
637 2765 758 2808 facta,
802 2763 998 2812 procellae
1033 2759 1151 2797 modo
1179 2763 1316 2808 aperte
1342 2755 1530 2804 eruperit.
1588 2753 1642 2790 Ut
1676 2753 1714 2790 in
