1820 3158
1175 219 1200 254 Ι

157 360 563 407 —p.356‚a.·13ekk.—
632 360 805 400 man,
838 359 958 399 CAP,
971 358 1026 397 11,
1086 351 1464 399 —p2341,A.cas.-
1514 344 1575 389 73

133 475 178 518 δὲ
207 474 306 523 τοὺς
342 472 555 527 ποταμοὺς
593 471 676 529 ῥεῖν
718 470 794 515 οὔκ
833 470 897 512 ἐπὶ
935 467 1087 512 ταύτὸν
1127 466 1187 512 ἀεὶ
1218 466 1323 511 κατὰ
1351 465 1424 509 τὸν
1459 462 1580 521 λόγον

130 547 301 586 τοῦτον·
341 543 423 585 ἐπεὶ
452 541 530 598 γὰρ
560 542 617 590 εἷς
644 539 692 583 τὸ
721 539 847 594 μέσον
879 537 1126 595 εἶσρέουσιν,
1156 535 1235 592 ἀφ’
1266 530 1390 591 οὗπερ
1418 533 1582 590 ἓκρέου-

133 628 223 664 σιν,
265 611 392 654 οὐθὲν
419 613 578 665 μᾶλλον
608 608 847 667 ρευσοῦνται
879 606 1068 650 κάτωθεν
1095 605 1120 660 ἢ
1152 604 1333 656 ἄνωθεν,
1377 601 1471 647 ἀλλ’
1505 600 1577 659 ἐφ’

133 677 302 737 ὁπότερ’
337 678 386 722 ἂν
415 678 524 737 ῥίψῃ
553 678 761 732 κυμαίνων
791 673 812 719 ὃ
847 675 1080 732 Τάρταρος.
1133 674 1264 717 καίτοι
1295 672 1446 717 τούτου
1477 686 1582 725 συμ-

131 749 349 800 βαίνοντος
383 745 532 804 γένοιτ’
578 745 628 788 ἂν
666 744 712 787 τὸ
753 744 969 801 λεγόμενον
1012 743 1118 786 ἄνω
1157 745 1422 795 ποταμῶν.
1481 738 1582 796 ὅπερ

133 812 352 857 ἀδύνατον.
412 822 481 858 23.
502 814 591 857 ’Έτι
621 814 666 857 δὲ
692 813 739 856 τὸ
770 812 980 869 γινόμενον
1005 810 1120 867 ὕδωρ
1151 812 1218 854 καὶ
1247 810 1295 854 τὸ
1313 809 1438 852 πάλιν
1469 807 1572 851 ἀνα·
1584 814 1637 849 23

133 881 304 938 γόμενον
333 882 465 925 πόθεν
492 882 633 938 {irtam
663 886 786 925 τοῦτο
816 881 894 938 γὰρ
924 881 1094 935 ἐξαίρειν
1124 877 1222 923 ὅλον
1252 878 1495 934 ἀναγκαῖον,
1527 875 1583 919 εἷ’-

133 968 207 1007 περ
238 951 298 994 ἀεὶ
329 951 496 1003 σώζεται
524 950 572 994 τὸ
604 951 706 993 ἴσον.
755 948 853 993 ὅσον
882 949 960 1005 γὰρ
998 947 1077 998 ἔξω
1108 946 1191 1004 ῥεῖ,
1230 945 1353 989 πάλιν
1383 945 1449 1002 ῥεῖ
1480 945 1585 1001 πρὸς

133 1018 208 1073 τὴν
239 1018 382 1075 ἀρχήν.
434 1021 564 1062 καίτοι
595 1018 744 1068 πάντες
781 1018 819 1060 οἱ
848 1017 1027 1070 ποταμοὶ
1070 1016 1285 1072 φαίνονται
1321 1017 1586 1062 τελευτῶντες

136 1088 195 1136 εἷς
222 1087 299 1142 τὴν
326 1086 556 1140 θάλατταν,
588 1085 678 1129 ὅσοι
706 1085 763 1140 μὴ
794 1086 852 1134 εἷς
880 1082 1107 1139 ἀλλήλους·
1150 1082 1208 1133 εἷς
1237 1083 1283 1126 δὲ
1311 1082 1383 1137 τὴν
1408 1085 1482 1138 γῆν
1514 1080 1586 1124 οὖ-

136 1155 247 1208 asle,
279 1154 385 1197 ἀλλὰ
412 1154 488 1197 κᾶν
518 1153 757 1211 ἀφανισθῇ,
788 1151 910 1195 πάλιν
939 1150 1224 1195 ἀναδύνουσιν.
1283 1154 1352 1195 24.
1384 1150 1639 1206 Μέγαλοι24

134 1223 181 1265 δὲ
207 1224 384 1278 γίνονται
413 1228 494 1265 τῶν
520 1226 718 1276 ποταμῶν
748 1221 787 1264 οἳ
813 1220 977 1278 μακρὰν
1007 1219 1168 1278 ῥέοντες
1195 1220 1264 1262 διὰ
1292 1221 1451 1274 κοίλης·
1481 1221 1584 1260 πολ-

134 1295 217 1334 λῶν
235 1291 318 1348 ’γὰρ
354 1291 538 1345 δέχονται
567 1289 753 1347 ῥεύματα
783 1294 993 1344 ποταμῶν.
1031 1286 1351 1345 ὖποτεμνόμενοι
1380 1291 1439 1345 τῷ
1468 1286 1584 1343 τόπῳ

131 1360 199 1401 καὶ
227 1363 286 1417 τῷ
313 1359 431 1414 μήκει
462 1359 536 1409 τὰς
563 1357 699 1409 ὁδούς.
733 1357 874 1415 διόπερ
900 1356 922 1401 ὅ
947 1357 988 1401 τ’
1001 1357 1165 1414 Ἴστρος
1193 1359 1261 1400 καὶ
1289 1355 1483 1406 ὅΝεῖλος
1510 1355 1585 1410 μέ-

131 1443 260 1482 γιστοι
289 1431 370 1470 τῶν
401 1432 598 1482 ποταμῶν
627 1429 702 1470 εἰσὶ
727 1431 810 1470 τῶν
835 1428 892 1476 εἷς
910 1425 1031 1481 τήνδε
1049 1425 1124 1481 τὴν
1141 1425 1359 1468 θάλατταν
1379 1424 1583 1476 ἐξιόντων.

131 1502 201 1539 25.
233 1497 316 1538 Καὶ
334 1497 427 1551 περὶ
446 1500 528 1539 τῶν
549 1500 690 1552 πηγῶν
712 1495 828 1538 ἄλλοι
858 1495 1042 1551 λέγουσιν
1073 1493 1248 1538 ἑκάστου
1274 1498 1358 1538 τῶν
1376 1496 1574 1547 ποταμῶν
1586 1496 1639 1533 25

132 1563 262 1614 ἄλλας
291 1565 423 1613 αἰτίας
452 1564 520 1606 διὰ
550 1563 598 1606 τὸ
628 1563 806 1613 πολλοὺς
834 1565 892 1613 εἷς
919 1563 993 1606 τὸν
1026 1563 1152 1606 αὐτὸν
1181 1562 1412 1616 ἐμβάλλειν.
1454 1564 1585 1603 ταῦτα

135 1700 375 1739 contrahere
386 1715 462 1753 pro
475 1708 618 1749 terrae,
637 1714 709 1751 per
726 1714 844 1752 quam
859 1700 985 1738 fluere
1000 1701 1222 1752 contigerit,
1234 1708 1326 1740 natu
1334 1715 1388 1739 ra.
1425 1704 1493 1746 222
1504 1698 1585 1737 Sed

135 1768 209 1807 hac
226 1769 381 1807 ratione
401 1768 589 1816 efficitur,
608 1774 653 1807 ut
663 1767 834 1807 flumina
849 1769 992 1807 eodem
1007 1782 1093 1808 non
1109 1784 1270 1822 semper
1280 1769 1414 1808 fluant.
1445 1770 1584 1819 Quum

136 1836 242 1875 enim
265 1838 309 1875 iu
329 1836 507 1875 medium
526 1836 715 1884 influunt,
747 1851 798 1875 ex
817 1851 897 1889 quo
918 1836 1104 1887 effluunt,
1124 1852 1176 1876 ex
1194 1839 1327 1877 infero
1349 1837 1477 1876 nihilo
1501 1852 1585 1875 ma—

134 1905 196 1956 gis
208 1904 348 1953 fluent,
373 1918 491 1956 quam
514 1918 566 1943 ex
583 1918 746 1956 super0‚
770 1906 838 1944 sed
861 1906 1096 1958 utramlibet
1112 1907 1155 1945 in
1173 1913 1331 1959 partem
1350 1911 1585 1944 exaestuans

136 1974 331 2025 Tartarus
342 1973 525 2024 delapsus
537 1973 672 2011 fuerit.
702 1975 839 2026 Atque
850 1975 882 2012 si
895 1974 972 2014 hoc
986 1975 1200 2022 accideret,
1210 1975 1253 2013 id
1265 1976 1461 2022 eveniret,
1474 1972 1584 2025 quod

134 2039 284 2079 dicitur
314 2042 524 2080 Sursum
552 2043 628 2080 flu
642 2043 800 2089 mina,
832 2044 942 2095 quod
963 2044 1054 2086 fieri
1074 2044 1226 2096 nequit.
1277 2048 1344 2083 23.
1378 2044 1451 2083 Illa
1473 2043 1583 2089 item,

135 2121 237 2160 quae
258 2109 390 2147 oritur
407 2123 507 2162 aqua
533 2116 572 2148 et
592 2124 693 2162 quae
712 2125 855 2150 rursus
875 2112 1086 2159 attollitur,
1119 2112 1320 2151 undenam
1344 2112 1451 2150 erit?
1482 2109 1584 2148 hanc

137 2176 245 2214 enim
268 2177 499 2216 universam
517 2179 605 2217 tolli
628 2192 789 2218 necesse
807 2186 879 2228 est,
903 2180 1102 2231 siquidem
1121 2181 1298 2232 aequalis
1318 2193 1480 2231 semper
1499 2193 1584 2217 ser-

136 2249 279 2292 vatur,
312 2252 525 2295 propterea
554 2247 664 2298 quod
689 2255 882 2300 quantum
909 2248 1063 2296 effluit,
1093 2249 1329 2287 tantundem
1355 2248 1406 2286 ad
1426 2247 1583 2300 princi—

137 2310 251 2361 pium
273 2311 422 2350 refluit.
450 2315 574 2365 Atqui
596 2322 636 2354 et
654 2315 821 2355 flumina
841 2317 988 2365 onmia,
1019 2323 1219 2368 quotquot
1240 2330 1323 2355 non
1341 2317 1384 2355 in
1403 2317 1478 2354 alia
1497 2329 1583 2354 sese

136 2378 372 2427 immittunt,
389 2379 570 2420 desinere
590 2384 633 2422 in
655 2397 765 2423 mare
787 2386 1002 2436 cernimus,
1026 2386 1069 2423 in
1090 2391 1239 2423 terram
1261 2390 1393 2422 autem
1413 2384 1583 2431 nullum,

136 2459 182 2485 ac
195 2446 230 2484 si
249 2447 317 2497 qui
335 2448 605 2497 occultentur,
624 2465 764 2491 rursus
781 2467 1001 2505 emergere.
1061 2453 1130 2491 24.
1162 2454 1235 2492 Illa
1254 2458 1389 2490 autem
1409 2451 1583 2504 iugentia

136 2520 251 2563 aunt,
281 2529 381 2566 quae
399 2516 519 2568 longo
541 2524 670 2557 tractu
695 2534 769 2572 per
788 2534 930 2560 cavum
959 2521 1152 2559 defluunt.
1214 2520 1439 2559 Multorum
1474 2520 1583 2557 enim

136 2582 314 2621 amnium
349 2583 486 2629 fluxus
517 2586 740 2637 excipiunt,
778 2589 868 2627 loeb
889 2595 930 2627 et
949 2588 1200 2640 longitudine
1228 2603 1368 2627 eorum
1401 2587 1583 2625 cursibus

135 2651 378 2703 interceptis.
437 2653 572 2703 Quam
592 2654 644 2691 ob
665 2668 821 2694 causam
844 2656 1053 2695 Danubius
1074 2663 1115 2695 et
1134 2658 1252 2696 Nilus
1274 2657 1488 2696 fluminum
1510 2669 1582 2693 eo-

136 2732 249 2768 rum,
279 2721 442 2771 quaein
462 2716 541 2759 hoc
561 2735 674 2760 mare
702 2723 946 2771 illabuntur,
981 2739 1017 2762 m
1073 2725 1155 2763 ima
1182 2731 1289 2764 sunt.
1345 2728 1413 2765 25.
1441 2725 1504 2764 Ac
1531 2724 1582 2763 de

137 2787 329 2838 cuiusque
357 2787 536 2827 fluminis
561 2791 738 2830 fontibus
764 2792 832 2831 alii
858 2794 952 2847 ³11⁸?
977 2806 1024 2831 re
1056 2793 1156 2831 dunt
1178 2803 1335 2842 causas,
1364 2800 1581 2846 propterea

137 2855 244 2905 quod
264 2856 389 2894 multa
411 2857 454 2895 in
473 2857 581 2896 idem
600 2859 818 2899 confluant.
877 2861 1042 2900 Comstat
1060 2861 1183 2913 igitur
1204 2861 1304 2901 nihil
1326 2861 1474 2901 horum
1494 2860 1582 2899 fieri
