1812 3158
307 330 399 374 356
443 371 446 383 ,
521 335 971 378 COMMENTARIUS
997 336 1056 374 IN
1084 337 1489 377 METEOROLOG.

408 444 471 487 ‘H
485 446 559 497 μὲν
588 442 656 498 ἄρ’
681 441 735 491 ὣς
763 442 916 484 εἲποῢσ’
945 442 1072 495 ἀπέβη
1100 446 1325 496 γλαυκῶπις
1345 443 1500 498 Ἀθήνη

420 508 679 562 Οὔλυμπόνδ’
705 507 777 549 ὅθι
799 509 898 563 φασὶ
928 511 1035 550 θεῶν
1063 508 1154 557 ἕδος
1183 508 1362 564 ἀσφαλὲς
1390 510 1466 550 αῗεὶ

416 575 599 628 ἴμμεναι·
630 572 718 615 οὔτ’
743 573 921 627 ἀνέμοισι
950 574 1188 627 τινάσσεται,
1226 574 1315 617 οὔτε
1345 575 1430 617 ποτ’
1463 574 1603 633 ὄμβρῳ

415 640 579 690 δεύεται,
610 638 700 681 οὔτε
725 638 825 692 χιών
853 640 1125 692 ἐπιπίλναται·
1165 640 1268 682 ἀλλὰ
1292 640 1393 694 μάλ’
1424 641 1550 697 αἴθρη

415 707 608 748 πέπταται
631 704 842 761 ἀνέφελος,
872 706 988 759 λευκὴ
1018 705 1061 747 δ’
1087 706 1342 762 ἐπιδέδρομεν
1370 707 1499 762 αἴγλη.

308 778 419 826 Quos
437 789 576 815 versus
603 775 775 813 imitatus
804 782 863 813 est
884 777 1118 814 Lucanus
1146 776 1298 814 Phar-s.
1322 778 1375 826 11,
1396 780 1477 816 270
1493 790 1550 829 sq.

528 862 583 869 —
637 861 693 868 —
748 841 892 880 Nubes
922 841 1081 880 excedit
1114 842 1323 893 Obmpus,

419 906 568 946 Pacem
595 921 747 944 summa
776 915 920 947 tenent.
1530 960 1536 965 ῃ

306 976 469 1014 Fabulas
488 987 772 1025 saepenumero
792 987 843 1011 ex
864 978 1069 1025 po'dtarum
1096 975 1274 1014 versibus
1294 989 1376 1014 esse
1395 975 1598 1026 repetitas,
1630 976 1715 1026 quis

305 1048 363 1079 est
388 1041 456 1092 qui
482 1040 657 1078 nesciat?
712 1040 772 1078 Ita
802 1038 871 1091 (ut
899 1047 1028 1079 tamen
1060 1043 1242 1093 exempla
1264 1039 1448 1094 afferam)
1485 1055 1583 1092 quae
1611 1042 1716 1092 apud.

305 1106 719 1157 Theophrastum
745 1105 793 1143 de
818 1115 924 1144 vent.
953 1111 988 1158 §.
1014 1111 1078 1146 13.
1104 1122 1146 1159 p.
1168 1111 1249 1147 762
1282 1108 1332 1146 de
1359 1108 1574 1146 mutatione
1613 1114 1716 1145 tem—

304 1173 428 1223 periei
450 1172 491 1209 in
511 1172 635 1209 insula
657 1172 774 1209 Creta
801 1172 928 1210 adlata
956 1180 1065 1221 sunt,
1107 1174 1228 1224 petita
1249 1180 1341 1211 sunt
1362 1175 1503 1225 procul
1523 1174 1642 1212 dubio
1665 1187 1716 1211 ex

303 1238 482 1277 versibus
502 1237 724 1275 Homericis
747 1237 823 1275 Od.
843 1239 969 1285 XIX,
990 1238 1070 1278 173
1087 1253 1166 1291 sq.:

472 1299 589 1353 Καλὴ
619 1301 684 1341 καὶ
712 1301 843 1356 πίειρα
872 1303 1129 1357 περίρρυτος·
1159 1302 1199 1344 ἕν
1222 1302 1263 1343 δ’
1284 1302 1495 1358 ἅνθρωποι

468 1367 624 1407 Πολλοὶ
653 1365 866 1421 ἀπειρέσιοι
894 1369 960 1408 καὶ
988 1368 1201 1422 ἐννήκοντα
1229 1368 1374 1423 πόληες

304 1436 469 1473 docente
499 1434 817 1473 Schneidero
844 1436 1176 1488 ad·Theophr.
1207 1440 1326 1477 Tom.
1349 1438 1424 1476 IV.
1443 1450 1484 1487 p.
1502 1438 1595 1483 687,
1624 1440 1716 1486 post

304 1515 419 1553 quem
441 1514 539 1551 quae
557 1502 694 1539 monui
721 1502 762 1539 in
783 1503 877 1540 Ber
889 1501 1045 1553 ghaus
1071 1503 1260 1541 Annalem
1282 1505 1354 1541 der
1370 1501 1510 1550 Erd-‚
1531 1501 1714 1538 Ldnder—

304 1569 391 1606 und
407 1570 450 1607 V
447 1567 686 1605 &lker-kunde
714 1567 794 1605 vol.
806 1568 854 1605 V.
884 1581 920 1618 p.
942 1568 1022 1608 449
1041 1581 1099 1619 sq.
1128 1569 1308 1607 conferas
1327 1568 1464 1607 velim.
1486 1566 1715 1605 Herodo-

303 1641 385 1672 tus
412 1633 530 1685 (VII,
562 1631 639 1684 35)
671 1639 858 1672 monente
886 1635 1207 1674 Blomfieldo
1236 1631 1432 1688 (Glossar.
1462 1634 1508 1670 in
1533 1631 1712 1671 Aesch.

309 1701 412 1738 Pers.
433 1703 525 1738 728.
556 1714 590 1750 p.
621 1703 698 1738 176
742 1699 807 1737 ed.
829 1700 986 1751 Oxou.)
1015 1702 1189 1740 fabulam
1220 1701 1270 1739 de
1298 1700 1445 1739 catenis
1470 1701 1651 1738 aXerxe
1672 1698 1716 1736 in

302 1767 603 1816 Hellespontum
625 1765 784 1803 deiectis
806 1779 858 1804 ex
878 1767 979 1805 male
1009 1768 1218 1806 intellectis
1243 1766 1433 1818 Aeschyli
1461 1763 1594 1819 (Pers.
1617 1767 1712 1804 751.

302 1830 467 1879 Blomf.)
498 1832 679 1868 versibus
702 1831 832 1869 hausit
851 1831 933 1873 his:

410 1893 520 1941 ὅστις
541 1891 833 1946 Ἑλλήσποντον
862 1894 991 1949 ἱερόν,
1034 1896 1182 1937 δοῦλον
1208 1893 1264 1943 ὣς
1292 1895 1548 1949 δεσμώμασιν

410 1959 540 2000 ἔλπισε
569 1958 727 2013 σχήσειν
756 1958 898 2015 ῥέοντα
925 1960 1142 2016 Βόσπορον
1171 1960 1265 2014 ῥόον
1292 1964 1408 2012 θεοῦ,

413 2026 478 2066 καὶ
506 2024 631 2080 πόρον
659 2024 949 2081 μετερρύθμιζε
987 2027 1054 2067 καὶ
1081 2028 1220 2075 πέδαις
1248 2026 1520 2082 σφυρηλάτοις

410 2090 634 2145 περιβαλὼν
661 2091 812 2144 πολλὴν
840 2091 1031 2133 κέλευθον
1059 2091 1201 2146 ἤνυσεν
1229 2096 1366 2149 πολλῷ
1396 2095 1570 2148 στρατῷ.

302 2159 391 2198 Alia
411 2160 592 2210 exempla
611 2160 793 2211 apposuit
816 2161 905 2199 Blo
918 2174 956 2198 m
969 2161 991 2198 f
995 2162 1006 2198 i
1018 2161 1172 2200 eldus.
1208 2163 1300 2212 Ipse
1318 2162 1396 2200 duo
1415 2160 1545 2199 adhuc
1561 2160 1711 2199 addam.

302 2226 403 2264 Cum
431 2225 539 2276 apud
567 2226 840 2264 Horatium
874 2226 1001 2264 Satir.
1028 2228 1071 2276 Ι,
1103 2231 1128 2266 7
1164 2241 1294 2266 sermo
1323 2228 1392 2266 fiat
1418 2227 1468 2266 de
1496 2228 1712 2279 Rupilio

302 2292 434 2341 Rege
462 2290 652 2342 quodam,
684 2291 917 2330 Scholiastes
937 2292 1122 2344 Crucquii
1145 2293 1349 2332 historiam
1368 2294 1462 2331 inde
1483 2293 1617 2342 finxit,
1645 2307 1712 2331 re-

300 2370 387 2407 gem
415 2357 526 2395 illum
548 2357 666 2395 fuisse
684 2358 1056 2407 Praenestinorum,
1085 2360 1133 2397 ab
1159 2359 1220 2397 his
1246 2360 1455 2411 depulsum
1480 2366 1518 2397 et
1534 2366 1712 2410 tempore

300 2423 556 2461 triumvirfim
585 2424 864 2474 proscriptum.
925 2425 1045 2474 Quod
1065 2426 1227 2463 minime
1248 2433 1306 2464 est
1324 2439 1423 2464 vero
1443 2426 1590 2463 simile:
1618 2438 1709 2462 nam

300 2501 543 2538 nequaquam
563 2488 775 2527 addidisset
794 2491 835 2527 H
846 2491 1047 2529 oratius
1066 2505 1102 2530 v.
1126 2496 1177 2530 33
1191 2514 1243 2521 —-
1257 2495 1321 2540 35,
1351 2492 1417 2543 qui
1437 2498 1530 2529 tunc
1549 2476 1708 2529 demam

300 2554 388 2591 salis
410 2554 558 2604 aliquid
577 2556 786 2606 accipiunt,
813 2557 845 2593 si
865 2569 998 2607 regem
1020 2562 1174 2595 tantum
1196 2565 1376 2597 vocatum
1399 2570 1494 2602 esse,
1515 2569 1596 2594 non
1610 2570 1708 2595 vere

300 2632 433 2669 regem
452 2620 572 2658 fuisse
592 2621 874 2660 existimamus.
932 2623 1072 2673 Neque
1093 2624 1256 2662 offendit
1278 2622 1528 2672 transpositio
1557 2622 1708 2673 Regis

300 2685 496 2735 Rupili.
553 2686 635 2724 Osr.
663 2687 771 2737 Epp.
807 2688 849 2735 I,
882 2689 951 2735 15,
982 2692 1029 2726 3:
1066 2690 1207 2727 Musa
1236 2687 1510 2727 Antonius.
1568 2690 1708 2727 Dra-

300 2749 564 2787 kenborch
590 2751 638 2788 ad
667 2753 777 2790 Liv.
807 2755 867 2798 11,
890 2755 962 2800 33,
992 2756 1054 2791 10.
1084 2755 1154 2801 ΠΙ,
1183 2757 1277 2802 1,1.
1335 2747 1626 2793 Schn‘eider
1656 2755 1706 2792 ad
