1760 3138
262 354 353 396 328
474 359 918 399 COMMENTARIUS
944 359 1004 397 IN
1029 359 1434 400 METEOROLOG.

259 472 300 508 in
317 471 403 509 loco
423 469 623 516 accidunt,
651 468 847 519 duplicem
875 481 959 505 esse
986 481 1137 506 causam
1169 471 1316 508 statuit.
1373 471 1550 509 Priorem
1572 474 1658 523 qui-

261 536 349 573 dem
378 536 579 572 materiam
611 529 768 586 (ῧλην),
799 547 916 583 quam
946 533 1085 571 definit
1112 547 1216 572 esse:
1244 530 1290 573 τό
1313 530 1567 583 ὑποκείμενον
1595 537 1660 576 καὶ

261 597 423 648 πάσχον.
500 599 623 647 Quod
650 599 699 635 ad
739 599 839 637 hanc
879 598 1149 637 definitionem
1186 600 1324 638 attinet
1338 627 1350 647 ‚
1393 601 1468 638 alio
1504 602 1546 639 iu
1574 603 1660 640 loco

262 664 486 714 MetaphyS.
503 664 598 712 VII,
620 667 657 701 1.
690 678 729 715 p.
752 665 870 712 1042,
890 678 913 702 a
941 664 1140 716 distinguit
1159 666 1262 704 inter
1277 661 1351 716 τήν
1372 662 1510 704 οὐσίαν
1531 668 1659 715 (sub—

260 727 520 780 stantiam)
549 736 588 767 et
616 726 689 780 τήν
717 727 817 781 ὕλην
847 729 1148 783 (materiam)
1176 731 1252 769 hoc
1279 732 1418 770 modo:
1457 730 1539 771 ἐστὶ
1569 729 1660 785 δ’ἥ

261 792 376 834 οὐσία
396 793 442 834 τὰ
460 791 736 845 υποκείμενον,
774 792 904 842 ἄλλως
930 795 1003 846 μὲν
1033 792 1059 848 ἡ
1086 793 1161 848 ὕλη
1192 794 1311 848 (ὓλην
1338 796 1382 836 δὲ
1404 795 1572 849 λέγω,ι
1555 795 1582 850 ἢ
1604 795 1661 849 μή

259 857 350 899 τόδε
379 874 416 899 τι
444 853 544 899 ουσα
569 859 759 916 ἐνεργείᾳ,
788 859 951 912 δυνάμει
974 861 1056 901 ἐστὶ
1075 859 1164 901 τόδε
1181 861 1256 914 τι),
1288 860 1418 909 ἄλλως
1437 861 1477 902 ‹5’
1502 860 1523 903 ὅ
1547 862 1662 916 λόγος

260 925 372 977 καὶη
348 921 551 979 ἣμορφὴ,
582 923 602 965 ὃ
623 923 712 965 τόδε
733 941 770 966 τι
804 925 848 966 ὂν
870 931 927 967 τῶ
950 925 1053 983 λόγῳ
1078 926 1277 979 χωριστόν
1305 927 1421 968 ἔστιν.
1479 931 1662 969 Addatur

259 994 370 1030 locus
399 993 578 1031 classicus
608 993 734 1041 Phys.
763 995 804 1040 I,
828 999 866 1033 9.
898 1009 939 1046 p.
963 999 1062 1043 192,
1090 1009 1133 1041 a,
1172 1009 1223 1033 ex
1253 1008 1330 1045 quo
1360 995 1456 1034 haec
1482 997 1661 1034 adscribo

259 1058 401 1096 verba:
440 1056 536 1109 λέγω
564 1054 638 1111 γάρ
666 1055 766 1110 ὕλην
787 1056 833 1098 τό
862 1062 1021 1112 πρῶτον
1049 1055 1303 1110 ὖποκείμενον
1330 1056 1506 1115 ἑκάστῳ,
1545 1060 1587 1108 ἐξ
1614 1054 1660 1100 οὗ

259 1121 404 1174 γίνεταί
419 1137 456 1161 τι
475 1120 765 1175 ἐνυπάρχοντος
781 1121 838 1175 μή
859 1122 960 1164 κατὰ
974 1123 1234 1177 συμβεβηκός.
1257 1128 1336 1166 Cfr.
1350 1128 1661 1166 Trendelen-

261 1187 386 1239 burg
413 1189 463 1226 ad
492 1191 692 1229 Aristotel.
720 1191 766 1228 de
786 1194 923 1228 anima
939 1193 992 1240 ΙΙ,
1014 1196 1049 1240 1,
1068 1196 1093 1230 2
1113 1206 1154 1242 p.
1168 1196 1246 1230 323
1268 1206 1324 1243 sq.
1369 1194 1509 1232 Omnis
1530 1201 1660 1232 autem

259 1255 418 1292 materia
437 1269 488 1292 ex
506 1262 674 1305 quatuor
689 1257 778 1304 illis,
807 1271 904 1308 quae
921 1271 1040 1308 supra
1057 1258 1263 1306 recensuit,
1289 1259 1490 1296 elementis
1511 1266 1662 1298 constat

261 1316 433 1371 (ἅπαντα
454 1317 505 1358 τὰ
524 1318 644 1370 μικτὰ
665 1319 842 1370 σώματα,
873 1319 950 1362 ὅσα
969 1322 1057 1376 περὶ
1076 1319 1148 1362 τὸν
1168 1324 1239 1361 τοῦ
1255 1320 1379 1374 μέσον
1398 1321 1519 1363 τόπον
1541 1322 1659 1372 ἐστίν,

260 1382 301 1430 ἐξ
331 1380 516 1424 ἁπάντων
543 1383 737 1438 σύγκειται
761 1390 842 1427 τῶν
874 1384 1022 1427 ἁπλῶν.
1068 1390 1114 1425 de
1137 1402 1268 1438 gener.
1299 1397 1335 1426 et
1365 1392 1510 1428 interit.
1544 1392 1597 1438 ΙΙ,
1620 1394 1659 1429 8.

258 1464 298 1501 p.
324 1450 416 1498 334,
436 1449 490 1501 b).
548 1453 683 1502 Itaque
703 1455 815 1503 prior
832 1467 943 1492 causa
963 1455 1011 1492 ad
1030 1461 1197 1506 quatuor
1217 1456 1409 1493 elementa
1436 1463 1660 1506 revocatur,

260 1530 428 1567 quorum
446 1517 544 1567 ignis
561 1518 642 1555 aeri
661 1519 823 1556 confinis
847 1526 924 1567 est,
955 1533 1055 1570 aqua
1087 1526 1228 1558 terrae.
1284 1522 1387 1571 Ignis
1408 1523 1512 1559 enim
1533 1529 1571 1560 et
1591 1522 1661 1560 ae'r

258 1588 422 1633 uterque
449 1583 564 1620 calidi
584 1590 675 1621 sunt
687 1612 697 1631 ,
727 1591 766 1622 et
782 1585 849 1622 ille
869 1585 1027 1636 quidem
1046 1586 1191 1623 calidus
1210 1593 1249 1624 et
1268 1587 1407 1635 siccus,
1434 1587 1498 1625 hic
1515 1588 1661 1626 calidus

260 1654 300 1685 et
315 1647 522 1686 humidus:
550 1649 714 1699 frigidae
731 1656 822 1688 sunt
839 1664 937 1702 aqua
956 1658 994 1689 et
1011 1658 1128 1700 terra,
1149 1653 1216 1690 illa
1231 1651 1348 1690 etiam
1370 1652 1544 1702 humida,
1565 1653 1662 1691 haec

258 1714 357 1750 sicca
385 1712 474 1764 (cfr.
494 1714 625 1760 1.1.11,
648 1715 684 1753 4.
711 1730 752 1766 p.
776 1720 870 1764 331,
890 1715 943 1767 a).
984 1718 1082 1756 Cum
1103 1731 1201 1755 vero
1222 1720 1295 1768 τῆς
1310 1715 1410 1769 ὕλης
1432 1715 1477 1757 τό
1499 1715 1661 1769 πάσχειν

259 1775 340 1816 ἐστὶ
362 1775 490 1816 καὶτὸ
514 1782 732 1830 κινεῖσθαι,
760 1778 805 1820 τὸ
828 1780 872 1820 δὲ
893 1786 1009 1821 κινεῖν
1036 1782 1100 1821 καὶ
1127 1787 1249 1822 ποιεῖν
1278 1779 1412 1836 ἑτέρας
1442 1781 1657 1834 δυνάμεως,

259 1849 304 1880 ut
322 1844 444 1894 ipsius
470 1845 615 1882 Arist
628 1858 650 1880 o
663 1847 785 1884 telis
814 1848 945 1885 verbis
970 1855 1058 1886 utar
1084 1846 1146 1899 (de
1163 1862 1296 1898 gener.
1315 1858 1351 1886 et
1368 1852 1515 1887 interit.
1542 1851 1595 1898 ΙΙ,
1621 1853 1658 1888 9.

256 1922 298 1959 p.
321 1910 412 1957 335,
431 1909 498 1959 b),
525 1910 586 1948 vis
603 1912 669 1947 illa
690 1919 774 1949 erat
791 1914 1032 1963 quaerenda,
1062 1927 1160 1963 quae
1179 1921 1332 1952 motum
1351 1928 1568 1964 provocare
1586 1929 1659 1953 va-

256 1974 369 2022 leret,
398 1987 559 2024 eamque
579 1976 726 2013 nullam
747 1978 861 2014 aliam
880 1991 961 2015 esse
982 1978 1108 2024 docet,
1128 1992 1241 2029 quam
1261 1975 1333 2029 τὴν
1351 1981 1431 2017 τῶν
1449 1976 1508 2018 ἀεὶ
1526 1994 1658 2018 κινου-

255 2037 383 2089 μένων
406 2036 583 2088 δύναμιν.
629 2041 695 2079 Ad
713 2049 910 2092 postrema
929 2044 1051 2081 verba
1070 2045 1306 2095 explicanda·
1314 2045 1492 2096 apprime
1509 2046 1659 2084 faciunt

256 2105 378 2144 verba
406 2106 717 2144 Aristotelis
746 2109 815 2155 (de
837 2122 968 2157 gener.
1001 2119 1036 2146 et
1062 2113 1208 2147 interit.
1238 2112 1298 2158 ΙΙ,
1323 2114 1388 2148 10.
1419 2125 1454 2161 p.
1480 2110 1655 2162 336‚„a):

258 2168 338 2208 ἐπεὶ
356 2165 556 2209 ὑπόκειται
582 2171 646 2210 καὶ
666 2171 856 2212 δέδεικται
881 2171 1043 2225 συνεχὴς
1066 2168 1167 2214 ουσα
1187 2179 1270 2221 τοῖς
1274 2188 1490 2230 πραγμασι
1508 2175 1573 2214 καὶ
1593 2173 1657 2228 γε’-

255 2249 359 2281 νεσις
379 2235 443 2275 καὶ
466 2233 621 2289 φθορά,
643 2234 773 2290 φάμεν
794 2236 832 2278 δ’
849 2238 977 2278 αιτιάν
997 2236 1094 2278 εἶναι
1121 2237 1192 2291 τήν
1215 2255 1346 2293 φοραν
1368 2243 1439 2280 τοῦ
1462 2240 1655 2293 γινεσθαι,

257 2298 429 2352 φανερὸν
461 2298 520 2340 ὅτι
547 2304 643 2352 μιᾶς
669 2302 743 2353 μὲν
765 2301 886 2355 ου’σης
912 2307 989 2356 τῆς*
1007 2308 1138 2358 φορᾶς
1166 2321 1237 2345 ουκ
1261 2305 1454 2357 ἐνδέχεται
1476 2306 1656 2358 γίνεσθαι

256 2362 379 2418 ἄμφω
402 2362 468 2404 διὰ
485 2363 529 2406 τὸ
547 2366 704 2407 εναντία
723 2365 819 2408 εἶναι
839 2397 995 2409 .......
1026 2385 1148 2422 usque
1169 2372 1220 2410 ad
1239 2387 1275 2423 p.
1299 2377 1393 2418 337,
1414 2373 1438 2410 b
1467 2369 1655 2417 πολλάκις

257 2428 436 2470 επελθεΐν
456 2432 624 2484 φθείρει.
680 2436 790 2473 Patet
808 2436 926 2486 igitur
947 2451 998 2475 ex
1015 2437 1122 2476 hisce
1142 2438 1326 2476 omnibus
1344 2439 1523 2477 Aristo
1535 2438 1653 2475 telis

186 2504 188 2506 V
256 2499 630 2546 argumentationem
654 2514 736 2537 esse
758 2501 882 2540 hanc:

312 2563 352 2614 1)
382 2566 559 2613 Quatuor
578 2572 668 2603 sunt
690 2567 901 2615 elementa,
927 2569 1038 2618 ignis,
1066 2568 1149 2615 aer,
1177 2582 1287 2619 aqua,
1315 2576 1431 2607 terra.
1462 2566 1525 2619 (de
1545 2570 1651 2606 caelo

362 2631 443 2678 ΙΙΙ,
465 2633 499 2668 5.
538 2644 577 2680 p.
602 2631 680 2669 304
690 2631 768 2683 ‚a).
833 2635 898 2671 De
933 2635 1216 2672 clementorum
1254 2639 1392 2670 natura
1435 2634 1651 2672 secundum

361 2695 399 2732 A
409 2696 482 2732 ris
493 2701 542 2732 to
554 2702 570 2732 t
580 2697 705 2734 elem
733 2705 823 2748 apte
843 2698 1133 2744 disseruerunt,
1163 2700 1188 2735 S
1200 2711 1256 2748 pr
1266 2711 1355 2748 eng
1365 2699 1410 2736 el
1438 2700 1648 2747 Pragmat.

316 2811 324 2824 l
366 2759 503 2796 Gesclz.
519 2759 588 2796 der
606 2763 879 2800 Arzneikande
907 2764 968 2801 ed.
989 2766 1017 2801 I.
1048 2765 1162 2801 Tom.
1178 2764 1208 2800 I.
1228 2776 1267 2812 p.
1285 2766 1360 2802 339
1380 2778 1434 2814 sq.
1492 2766 1616 2803 Vate
1628 2780 1649 2804 r

367 2824 409 2861 V
406 2824 526 2860 indie.
548 2824 712 2874 theolog.
737 2828 933 2864 Aristotel.
964 2840 1002 2876 p.
1022 2830 1046 2864 8
1065 2840 1145 2878 sqq.
