1760 3138
244 355 336 398 326
457 359 901 400 COMMENTARIUS
930 360 989 397 IN
1017 359 1418 399 METEOROLOG.

242 473 456 511 rationibus
482 483 571 507 usus
599 469 940 516 Aristoteles,
980 468 1200 506 docuerunt
1226 468 1329 506 inter
1355 470 1450 506 alios
1481 471 1642 508 Hera-

235 539 406 576 ‘clides
434 535 675 574 Ponticus
703 540 741 571 et
766 535 1009 572 Seleucus
1040 531 1205 584 (Stob.
1227 535 1364 583 Eelog.
1381 534 1495 584 phys.
1521 549 1555 573 c.
1576 540 1642 574 22.

240 618 280 654 p.
304 601 415 653 440).
474 599 555 638 Alii
589 599 800 638 discrimen
833 600 1052 637 statuebant
1083 599 1187 637 inter
1225 595 1375 649 κόσμον
1415 607 1453 639 et
1479 598 1524 639 τὸ
1553 603 1645 650 πᾶν,

239 671 350 714 illum
375 668 549 711 finitum,
578 665 653 703 hoc
673 665 870 703 infinitum
900 666 1152 713 arbitrantes,
1180 665 1285 703 inter
1305 679 1403 716 quos
1429 667 1504 705 fuit
1530 667 1647 706 Dio-

212 746 388 784 *genes
427 731 794 782 Apolloniates
836 732 907 770 cfr.
947 733 1077 770 Plut.
1119 733 1146 770 l.
1180 732 1208 769 l.
1279 732 1397 770 Adde
1435 733 1647 771 Balfour

239 800 288 837 ad
314 797 572 837 Cleomed.
605 799 768 835 Μεῖνον.
799 799 829 845 Ι,
855 802 891 836 1.
923 812 963 849 p.
985 799 1065 836 252
1084 811 1166 848 sqq.
1197 797 1259 835 cd.
1281 799 1429 837 Bake.
1457 820 1512 826 —
1566 800 1647 837 Pro

240 861 333 910 ὅλος
350 866 397 903 Ε.
416 863 534 901 habet
551 860 661 914 ὅλην.
684 885 739 893 -
767 864 845 902 Pro
874 862 963 915 περὶ
992 859 1038 903 ὃν
1067 863 1174 914 quod
1194 863 1355 901 exhibet
1381 865 1646 903 Bekkerus

239 930 325 969 cod.
340 931 386 968 Ε.
409 935 561 968 secutus
571 959 582 976 ,
613 937 650 968 et
669 930 756 968 iure
783 930 954 980 quidem,
988 943 1076 968 cum
1103 928 1191 982 περὶ
1223 925 1268 968 ὃν
1295 926 1345 967 τὰ
1376 929 1646 980 συμβαίνοντα

239 997 316 1034 sint
336 992 412 1034 ὅσα
434 994 639 1045 συμβαίνει
662 1023 768 1034 .....
790 995 877 1048 περὶ
901 993 971 1034 τὸν
998 997 1223 1048 γειτνιῶντα
1249 992 1424 1045 μάλιστα
1451 993 1575 1035 τόπον
1595 997 1645 1048 τῇ

239 1063 346 1117 φορᾷ
368 1063 447 1100 τῶν
468 1058 639 1113 ἄστρων,
669 1062 998 1112 quemadmodum
1021 1076 1142 1113 supra
1162 1062 1328 1110 dixerat,
1347 1050 1645 1101 codd.F.H.N.

238 1128 428 1166 exhibent
456 1125 543 1179 περὶ
563 1118 631 1173 οὗ,
662 1127 768 1176 quod
795 1129 910 1166 etiam
938 1131 1028 1178 Bag.
1056 1128 1168 1178 legit,
1198 1142 1286 1166 cum
1307 1134 1459 1166 vertat:
1492 1128 1540 1165 de
1557 1142 1646 1178 quo,

239 1200 277 1232 et
299 1194 385 1245 cod.
408 1193 568 1232 Morelli
591 1193 694 1243 apud
715 1194 756 1231 S.
786 1194 1046 1244 probavitque
1068 1195 1119 1232 G.
1151 1192 1239 1245 περὶ
1267 1185 1321 1232 ὧν
1350 1195 1539 1244 praebent
1551 1194 1644 1232 Ald.

238 1261 303 1298 Er.
333 1260 555 1297 Vicomerc.
613 1253 743 1308 Quani
772 1273 844 1297 nos
873 1273 962 1297 cum
992 1260 1229 1298 Bekkero
1260 1261 1482 1310 recepimus
1508 1260 1646 1297 lectio·-

238 1338 328 1362 nem
355 1324 502 1363 habent
529 1326 680 1363 Camot.
711 1326 754 1362 P.
783 1326 869 1364 Cas.
897 1326 965 1376 qui
990 1326 1031 1363 in
1048 1325 1223 1376 margine
1244 1331 1451 1375 utramque
1466 1325 1645 1362 lectionis

237 1391 469 1428 varietatem
499 1391 697 1437 enotavit,
729 1396 768 1428 et
790 1391 832 1428 in
859 1393 940 1428 suis
971 1393 1065 1430 MSS.
1086 1391 1290 1442 reperiere
1319 1391 1523 1441 Olymp.
1555 1404 1645 1428 cum

238 1456 363 1494 dicat:
386 1455 450 1494 καὶ
470 1449 544 1507 γάρ
566 1453 615 1494 τοὶ
646 1452 812 1508 οὐράνια
840 1453 1008 1506 σώματα
1037 1452 1136 1509 ἅπερ
1165 1455 1207 1495 ἐκ
1235 1457 1306 1494 τοῦ
1335 1454 1515 1506 πέμπτου
1536 1467 1645 1495 στοι-

236 1520 343 1570 χείου
366 1519 558 1573 γεγόνασι,
587 1519 708 1575 μέρος
735 1520 807 1560 εἶσὶ
834 1524 907 1561 τοῦ
936 1520 1103 1572 κόσμου,
1133 1521 1220 1574 περὶ
1240 1519 1285 1560 ὃν
1303 1520 1352 1561 τὰ
1373 1520 1645 1571 συμβαίνοντα

237 1584 351 1638 πάθη
392 1585 523 1639 φαμὲν
562 1583 659 1627 εἶναι
698 1585 887 1639 ληπτέον,
929 1587 1018 1640 περὶ
1045 1585 1066 1627 ὅ
1097 1600 1195 1640 φησι
1223 1586 1295 1627 τοῦ
1323 1584 1446 1626 αὐτοῦ
1477 1584 1643 1637 κόσμου.

237 1652 325 1706 περὶ
363 1651 438 1706 γὰρ
479 1655 620 1692 τοῦτον
659 1652 923 1704 συμβαίνουσι
961 1651 1013 1693 τοὶ
1044 1652 1240 1704 με’λλοντα
1287 1651 1472 1705 λέγεσθαι
1510 1654 1644 1703 πᾶσιν,

236 1719 509 1774 l'hilopon.
539 1721 609 1758 fol.
631 1723 698 1768 78,
726 1720 770 1757 b:
801 1719 887 1772 περὶ
916 1717 1040 1760 αὐτὸν
1069 1719 1113 1759 δὲ
1142 1718 1238 1772 λε’γει
1261 1717 1331 1758 τὸν
1360 1717 1447 1770 περὶ
1476 1715 1548 1769 τὴν
1574 1720 1645 1770 γῆν

185 1783 188 1789 ’
237 1782 410 1834 κόσμον,
459 1783 638 1824 τουτέστι
677 1783 748 1824 τὸν
785 1781 862 1824 ὑπὸ
899 1783 1092 1838 σελήνην,
1138 1784 1179 1825 ἓν
1209 1777 1240 1840 ᾧ
1266 1788 1376 1824 πᾶσα
1406 1782 1552 1837 γένεσις
1579 1784 1644 1824 καὶ

237 1847 401 1902 φθορά,
433 1852 576 1889 Alex.
603 1852 712 1889 cuius
732 1852 873 1889 similia
894 1861 986 1890 sunt
1009 1853 1144 1892 verba.

346 1920 386 1954 2.
418 1913 468 1962 ἐξ
498 1913 684 1967 ἀνάγκη
698 1930 718 1962 ς
746 1914 930 1967 συνεχῆ
945 1930 964 1962 ς
984 1917 1099 1963 dixit,
1127 1930 1216 1955 cum
1237 1916 1392 1954 nullum
1412 1917 1462 1953 sit
1474 1929 1642 1955 vacuum

235 1982 278 2019 in
299 1982 462 2020 mundo.
493 1980 629 2033 (Phys.
649 1983 827 2021 Ausealc.
844 1984 917 2031 IV,
941 1980 1079 2032 6—9)
1103 1983 1174 2021 cfr.
1198 1969 1480 2019 Schneider
1505 1982 1641 2030 Eclog.

232 2049 347 2098 phy-9.
377 2045 493 2086 Tom.
512 2049 564 2087 ΙΙ.
593 2062 633 2099 p.
662 2050 734 2086 115
757 2054 796 2086 et
813 2061 911 2098 quae
929 2048 1013 2098 ipse
1033 2047 1171 2084 monui
1203 2048 1401 2084 Meteorol.
1423 2055 1496 2085 vet.
1521 2061 1561 2098 p.
1578 2051 1641 2087 18.

235 2119 318 2152 not.
343 2117 407 2151 16.
467 2114 676 2163 Quomodo
698 2127 840 2165 corpus
870 2114 1067 2164 quoddam
1094 2127 1183 2151 cum
1208 2113 1283 2160 alio
1309 2113 1537 2163 eontiguum
1560 2127 1643 2151 esse

237 2186 373 2230 queat,
411 2185 456 2217 ut
481 2181 586 2217 inter
609 2186 822 2230 utrumque
854 2173 938 2231 ἁφή
974 2179 1207 2226 intercedat,
1254 2179 1367 2216 docet
1395 2179 1555 2217 Arist.
1594 2181 1643 2217 de

232 2254 407 2294 generat.
436 2253 472 2282 et
499 2248 658 2282 interim
685 2246 717 2293 I,
741 2249 779 2283 6.
814 2259 854 2295 p.
881 2249 981 2293 323,
1001 2260 1022 2283 a
1042 2259 1097 2296 sq.
1128 2245 1195 2283 ubi
1215 2245 1326 2282 dicit:
1357 2241 1545 2296 φανερόν,
1579 2240 1641 2283 ὅτι

234 2312 361 2349 ταῦτα
382 2307 581 2349 ἅπτεσθαι
604 2308 774 2363 πέφυκεν
795 2307 989 2362 ἀλλήλων,
1014 2303 1068 2349 ὧν
1091 2308 1337 2363 διῃρημένων
1356 2311 1537 2361 μεγεθῶν
1557 2306 1641 2360 ἅμα

234 2373 286 2415 vd
311 2373 458 2426 ἕσχατά
486 2374 614 2425 ἔστιν,
653 2373 779 2415 ὄντων
810 2377 1015 2427 κινητικῶν
1047 2375 1112 2414 καὶ
1142 2377 1309 2427 κινητῶν
1339 2371 1409 2414 ὑπ’
1443 2372 1636 2425 ἀλλήλων.

234 2443 290 2479 At
316 2455 404 2480 cum
434 2442 533 2492 ignis
562 2448 600 2479 et
624 2443 773 2479 caelum
797 2455 876 2480 non
903 2442 980 2480 sint
1010 2442 1092 2479 eius
1112 2441 1241 2490 modi,
1272 2448 1317 2480 ut
1335 2441 1503 2480 vicissim
1526 2446 1639 2490 agant

236 2514 275 2545 et
292 2508 500 2557 patiantur,
530 2513 574 2545 ut
595 2507 694 2545 bene
715 2514 848 2546 monet
868 2508 993 2547 Vico
1007 2514 1267 2555 mercatus,
1293 2507 1342 2544 ad
1364 2505 1635 2543 definitionem

237 2571 433 2622 συνεχείας
462 2573 699 2623 refugiamus
729 2586 886 2611 necesse
906 2579 982 2621 est,
1012 2587 1126 2624 quam
1147 2572 1352 2624 proposuit
1370 2570 1490 2619 Phys.
1510 2572 1634 2609 Auso.

237 2639 293 2684 V,
326 2641 362 2676 3.
399 2652 439 2688 p.
464 2641 564 2686 226,
592 2639 617 2676 b
653 2637 756 2690 (quo
785 2641 827 2677 in
856 2640 944 2677 loco
982 2653 1080 2677 van
1109 2636 1360 2688 Capellen
1397 2635 1446 2673 ad
1476 2635 1636 2675 Arist.

240 2702 396 2750 Quaest.
420 2705 593 2742 mee-Izan.
627 2719 666 2755 p.
688 2709 766 2743 203
790 2718 862 2755 pro
892 2702 1034 2756 ἐφεξῆς
1054 2702 1097 2742 δὲ
1121 2695 1168 2741 οὗ
1189 2698 1288 2752 μετὰ
1308 2697 1380 2751 τήν
1406 2697 1530 2753 ἀρχὴν
1557 2699 1635 2751 μό-

236 2781 304 2806 νον
328 2768 343 2805 ’.
367 2793 376 2804 .
397 2794 406 2804 .
429 2796 438 2804 .
469 2769 718 2806 scribendum
739 2775 869 2807 censet
887 2764 1045 2818 μόνου).
1086 2767 1356 2805 Adscribimus
1375 2766 1470 2805 haec
1489 2769 1632 2806 verba:
