1820 3158
320 348 410 391 152
475 355 772 395 EXCERPTA
793 357 872 394 EX
892 356 1188 395 COMMENT.
1207 356 1388 406 ALEX„
1410 359 1444 397 Ι.
1464 358 1606 398 PHIL.

313 468 393 506 τῶν
420 463 631 519 ἀναλογίαν
661 461 833 515 ἐχόντων
861 462 962 516 πρὸς
993 461 1210 516 ἀλλήλους·
1241 464 1275 503 εἲ
1293 458 1364 504 οὖν
1393 463 1494 504 κατὰ
1521 465 1593 518 τὴν
1621 463 1722 506 ὑπό-

313 534 429 572 θεσιν
466 529 555 577 ἑνὸς
590 527 615 581 ἢ
649 528 721 568 δύο
753 529 954 580 στοιχείων
979 527 1025 570 τὸ
1055 526 1156 580 μετὰ
1183 527 1256 581 τὴν
1290 532 1363 582 γῆν
1402 528 1460 582 εἴη
1498 530 1613 585 μέχρι
1650 535 1723 585 τῆς

313 595 514 643 ἀπλανοῦς
539 594 612 646 οὐχ
641 593 715 642 ἕξει
745 594 990 648 συμμετρίαν
1017 593 1120 648 πρὸς
1146 593 1221 647 τὴν
1248 598 1334 648 γῆν,
1365 592 1477 636 ὄτοῦ
1496 594 1581 644 ἓνὸς
1599 595 1624 649 ἢ
1643 601 1724 638 τῶν

313 662 384 702 δύο
415 660 617 712 στοιχείων
645 659 762 714 ὄγκος
802 657 856 708 ὡς
882 663 963 701 τῶν
998 658 1209 713 δυνάμεων
1246 667 1331 710 τοῖς
1369 659 1501 715 ὄγκοις
1539 661 1727 715 δηλονότι

313 726 684 779 συναυξανομένων·
735 725 832 782 ὅπερ
863 725 934 767 οὐκ
961 725 1067 768 ἔστιν
1097 726 1272 780 ἀληθές·
1310 726 1357 768 οὗ
1386 726 1462 783 γὰρ
1491 729 1525 769 εἷ
1552 728 1725 782 κέραμον

310 792 459 841 ὕδατος
479 793 522 834 ἐκ
540 796 612 846 τῆς
630 792 869 840 Μαιώτιδος
895 793 1036 846 λίμνης
1066 792 1236 849 ἀρύσαις
1263 792 1412 848 ἀνάγκη
1432 797 1504 835 τοῦ
1524 793 1726 849 ἀρυσθέν-

310 874 380 907 τος
415 857 566 907 ὕδατος
599 863 794 901 τοσοῦτον
829 865 918 907 ταῖς
950 858 1163 913 δυνάμεσιν
1188 857 1389 915 ὑπερέχειν
1416 863 1466 914 τῇ
1494 857 1596 917 ὑγρᾷ
1626 860 1725 915 λέγω

310 925 376 965 καὶ
404 928 455 980 τῇ
481 929 622 983 ψυχρᾷ
649 924 696 967 τὸ
723 930 795 979 τῆς
822 926 962 979 λίμνης
1001 925 1108 968 ἅπαν
1141 925 1275 979 ὕδωρ,
1324 924 1419 967 ὅσον
1448 927 1512 967 καὶ
1540 930 1598 983 τῷ
1621 925 1725 982 ὄγκῳ

309 994 382 1031 τοῦ
409 991 607 1045 μεγέθους
635 989 927 1046 ὑπερβέβηκεν·
968 991 1062 1034 οὐδὲ
1090 994 1125 1034 εἲ
1153 992 1275 1034 δαλὸν
1304 992 1373 1034 ἕνα
1401 996 1598 1048 πυρκαϊᾶς
1626 992 1726 1048 ἀφέ-

310 1059 383 1112 λῃς
407 1058 615 1112 μεγίστης,
659 1059 723 1099 δεῖ
747 1062 940 1100 τοσοῦτον
970 1058 1093 1101 αὐτοῦ
1122 1059 1375 1115 θερμοτέραν
1404 1057 1502 1100 εἶναι
1529 1058 1602 1112 τὴν
1629 1058 1726 1113 ὅλην

309 1123 525 1178 πυρκαϊάν,
577 1122 673 1165 ὅσον
710 1124 794 1165 ἐστὶ
831 1129 888 1180 τῷ
923 1125 1082 1179 μεγέθει
1119 1129 1252 1179 μεῖζον
1295 1130 1367 1168 τοῦ
1409 1124 1724 1181 ἀφαιρεθέντος·

309 1186 458 1242 ὅμοίως
493 1191 557 1231 καὶ
597 1190 660 1231 ἐπὶ
697 1189 813 1239 ὄξους
846 1189 941 1245 φέρε
977 1193 1043 1232 καὶ
1073 1191 1206 1243 οἴνου,
1245 1195 1385 1236 λευκοῦ
1413 1208 1455 1232 τε
1485 1190 1726 1245 σώματοςῆ

306 1254 478 1307 μέλανος
512 1257 577 1297 καὶ
607 1260 687 1298 τῶν
717 1258 1008 1312 παραπλησίων
1037 1255 1247 1299 ἁπάντων·
1296 1256 1426 1299 οὐδενὶ
1458 1256 1533 1312 γὰρ
1571 1257 1726 1298 τούτων

308 1325 380 1362 τοῦ
409 1320 701 1378 ἀφαιρεθέντος
728 1323 770 1371 ἐξ
788 1321 920 1364 αὐτῶν
937 1324 1084 1378 μορίου
1114 1323 1263 1378 ἀνάγκη
1295 1327 1429 1376 μεῖζον
1448 1321 1546 1364 εἶναι
1563 1322 1609 1364 τὸ
1632 1322 1725 1364 ὅλον

307 1393 396 1436 ταῖς
424 1388 614 1442 δυνάμεσι
641 1392 846 1439 τοσοῦτον,
876 1387 971 1430 ὅσον
992 1391 1057 1430 καὶ
1074 1394 1131 1447 τῷ
1160 1389 1263 1446 ὄγκῳ
1291 1388 1423 1443 μεῖζόν
1452 1389 1535 1431 ἔστι
1564 1389 1609 1430 τὸ
1631 1388 1726 1431 ὅλον

308 1458 380 1495 τοῦ
407 1454 621 1510 μέρους*).
670 1460 704 1497 Ι.
734 1457 865 1496 Phil.
895 1458 966 1496 fol.
988 1461 1055 1507 81,
1083 1459 1123 1497 b.

421 1527 485 1562 10.
524 1523 582 1562 Ei
611 1520 669 1575 δὴ
697 1522 897 1576 γίνεται
924 1520 1064 1577 ὕδωρ
1094 1522 1145 1571 ἐξ
1173 1521 1326 1577 ἀέρος
1358 1551 1491 1563 ......
1521 1525 1581 1577 τῇ
1608 1526 1724 1576 θερ-

307 1585 495 1640 μότη“τι
523 1587 615 1636 τὰς
643 1585 951 1639 συστάσεις]
982 1588 1092 1642 Πρὶν
1122 1587 1279 1637 διδάξαι
1305 1589 1423 1629 ποιάν
1450 1587 1583 1640 έχουσι
1613 1587 1724 1637 τάξιν

307 1649 328 1692 ὃ
359 1651 436 1707 ἀήρ
464 1669 505 1694 τε
534 1654 599 1694 καὶ
627 1652 673 1695 τὸ
700 1657 800 1709 πῦρ,
841 1651 914 1706 τὴν
943 1654 1204 1708 προκειμένην
1233 1655 1409 1708 ἐκίνησεν
1439 1653 1633 1709 ἀπορίαν,
1672 1653 1727 1703 ὡς

308 1719 364 1766 εἷς
389 1718 435 1760 τὸ
465 1718 704 1773 ζητούμενον
734 1719 843 1776 αὐτῷ
867 1719 1192 1774 χρησιμεύουσαν
1214 1721 1290 1775 Ηἃ).
1323 1719 1408 1773 ἅμα
1436 1719 1511 1775 γάρ
1539 1723 1589 1776 τῇ
1618 1719 1726 1762 λύσει

305 1783 455 1839 ταύτης
483 1787 549 1827 καὶ
576 1784 601 1839 ἦ
630 1786 741 1835 τάξις
767 1785 892 1834 εὐθὺς
918 1790 999 1827 τῶν
1027 1788 1244 1841 εἰρημένων
1268 1786 1340 1829 δύο
1371 1788 1574 1840 στοιχείων
1603 1801 1726 1828 συνα-

306 1853 551 1905 ναφαίνεται.
584 1853 666 1894 ἔστι
684 1854 727 1894 δὲ
743 1850 768 1906 ἦ
782 1852 930 1907 ἀπορία
946 1851 1110 1906 τοιαύτη
1126 1867 1136 1876 ·
1166 1854 1200 1894 εἰ
1215 1853 1411 1893 δέδεικταί
1427 1867 1562 1908 φησιν,
1595 1852 1650 1902 ὡς
1670 1854 1726 1902 εἷς

307 1915 462 1970 ἄλληλα
480 1918 532 1959 τὰ
560 1919 736 1973 τέσσαρα
763 1917 1003 1971 μεταβάλλει
1025 1925 1200 1971 στοιχεῖα
1231 1919 1440 1972 (δέδεικται
1466 1918 1542 1974 γὰρ
1572 1920 1613 1960 ἒν
1639 1926 1725 1969 τοῖς

305 1983 394 2037 περὶ
419 1984 605 2037 γενέσεως
633 1986 698 2025 καὶ
718 1985 898 2039 φθορᾶς)
929 1985 993 2025 καὶ
1021 1983 1089 2025 διὰ
1113 1988 1232 2026 τοῦτο
1263 1986 1329 2026 καὶ
1357 1983 1401 2026 τὸ
1429 1984 1541 2039 ὕδωρ
1571 1985 1725 2038 μανού-

303 2065 424 2101 μενον
453 2049 531 2105 ἀὴρ
559 2052 727 2105 γίνεται,
767 2051 832 2091 καὶ
861 2046 1086 2103 τοῦμπαλιν
1115 2050 1384 2104 πυκνούμενος
1411 2049 1432 2092 ὃ
1462 2049 1539 2106 ἀὴρ
1576 2053 1722 2106 γίνεται

304 2114 439 2171 ὕδωρ·
476 2117 541 2157 καὶ
571 2116 658 2169 οὐχὶ
689 2116 779 2158 τινὰ
804 2116 878 2169 μὲν
908 2116 1040 2158 αὐτῶν
1067 2116 1190 2172 μόρια
1218 2122 1337 2159 τοῦτο
1364 2116 1528 2170 πάσχει,
1560 2118 1649 2159 τινὰ
1679 2119 1723 2160 δὲ

305 2180 503 2230 οό,“ἀλλ’
538 2180 671 2224 ὃτιοῢν
711 2182 842 2224 αὐτῶν
882 2184 1058 2238 ληφθείη
1088 2184 1234 2239 μέρος,
1281 2184 1430 2239 πέφυκε
1459 2184 1723 2237 μεταβάλλειν

305 2249 361 2296 εἷς
388 2248 586 2303 θάτερον,
631 2248 732 2291 διότι
759 2249 816 2304 μὴ
847 2251 1078 2292 συνίσταται
1108 2250 1207 2306 νέφη
1238 2251 1279 2291 ἐν
1307 2254 1365 2307 τῷ
1400 2250 1502 2292 πολὺ
1539 2254 1611 2305 τῆς
1653 2255 1724 2305 γῆς

303 2312 632 2369 ὖπερανεστηκότι
669 2315 802 2374 τόπῳ·
853 2313 913 2357 ὅτι
949 2315 1025 2371 γὰρ
1056 2315 1102 2357 οὐ
1133 2317 1364 2358 συνίσταται
1393 2318 1437 2359 ἐκ
1464 2321 1536 2370 τῆς
1563 2321 1723 2372 μακρᾶς

303 2380 484 2437 ἱστορίας
511 2382 593 2424 ἐστὶ
626 2384 768 2437 δῆλον·
805 2381 857 2424 τὰ
883 2381 959 2437 γὰρ
987 2380 1227 2437 ὑψηλότατα
1263 2388 1344 2426 τῶν
1380 2383 1486 2439 ὀρῶν
1522 2381 1721 2437 ὕπερνεφῆ

348 2503 381 2546 ἥ)
408 2505 619 2548 Interpretes
642 2504 842 2539 Aristotelis
854 2529 863 2546 ,
897 2510 1036 2549 praeter
1066 2517 1173 2539 unum
1202 2505 1497 2550 Simplicium
1510 2528 1520 2546 ‚
1556 2504 1585 2536 Ε
1596 2515 1631 2536 m
1643 2515 1665 2546 p
1678 2514 1720 2536 e-

391 2560 413 2592 d
423 2570 444 2593 0
457 2571 476 2593 c
486 2561 499 2593 l
508 2560 520 2593 i
530 2572 546 2593 s
571 2561 726 2594 carmina
749 2572 822 2594 non
845 2562 991 2605 amplius
1016 2568 1095 2596 ante
1119 2563 1242 2596 oculos
1264 2563 1431 2602 habuere,
1463 2560 1558 2603 quod
1582 2570 1627 2593 ex
1651 2560 1719 2592 hoc

392 2615 496 2649 etiam
519 2618 598 2650 loco
625 2617 707 2650 satis
730 2623 837 2660 patet.
897 2617 1033 2650 Idcirco
1071 2629 1186 2662 neque
1225 2617 1356 2661 Olym
1368 2627 1390 2658 p
1402 2616 1414 2648 i
1427 2626 1449 2649 o
1462 2616 1483 2647 d
1496 2625 1518 2648 o
1530 2614 1569 2648 ri
1605 2626 1719 2658 neque

391 2671 473 2705 Ale
481 2683 506 2705 x
518 2683 538 2705 a
547 2683 570 2704 n
580 2673 602 2704 d
611 2671 651 2705 ri
675 2673 784 2707 verba
802 2674 872 2707 huo
896 2673 1105 2716 pertinentia
1128 2668 1306 2715 adscripsi:
1341 2672 1364 2705 S
1374 2677 1388 2704 t
1396 2682 1446 2704 ur
1454 2670 1548 2704 zius
1571 2670 1609 2704 in
1626 2672 1718 2704 hanc

390 2738 464 2760 rem
488 2728 602 2760 minus
613 2752 622 2769 ‚
650 2740 753 2771 quam
776 2729 830 2762 fas
855 2735 946 2770 erat,
970 2728 1255 2763 animadvertisse
1278 2726 1363 2760 mihi
1386 2726 1538 2762 videtur.

346 2785 397 2832 **)
422 2789 495 2825 Csr.
520 2791 712 2823 Lobeck
738 2793 781 2824 ad
804 2791 1053 2835 Phrynich.
1085 2803 1120 2834 p.
1146 2792 1222 2824 386.
