1774 3198
364 359 646 401 ADDENDA
673 359 748 400 ET
776 358 1156 400 CORRIGENDA.
1383 348 1477 391 661

145 475 225 516 περὶ
248 482 382 517 «punem
403 475 445 507 de
463 481 551 518 part.
574 474 707 510 animal.
733 473 764 516 Ι,
791 474 822 506 1.
855 483 890 516 p.
913 468 992 514 640,
1003 470 1038 503 b.
1085 469 1270 522 Caeterum
1299 466 1479 511 διατρί-

144 533 254 575 pent
279 530 433 574 positum
459 531 570 565 esth.
603 534 724 564 nostro
750 530 798 572 1.‚
839 533 878 561 ut
908 529 950 561 de
973 531 1063 561 caelo
1090 524 1146 569 11,
1170 516 1225 560 13.
1262 537 1296 571 p.
1323 525 1411 566 295,
1433 525 1478 558 b:

145 581 182 620 οἱ
194 586 260 628 μὲν
273 580 338 621 ουν
354 585 516 622 πλεῖστοι
536 590 616 632 περὶ
638 583 703 620 τὰς
725 581 841 621 αἰτίας
857 582 986 620 ταύτας
1001 581 1253 629 διατρίβουσιν.
1290 583 1338 616 Ut
1352 581 1479 616 deinde

144 640 364 686 τραγικός
386 650 591 688 usurpatum
615 648 668 678 est
683 643 726 675 ab
743 641 1002 675 Aristotele
1014 666 1025 684 ‚
1049 639 1187 674 ironica
1204 640 1353 684 quadam
1369 638 1480 686 signi-

143 697 329 742 ficatione,
357 700 405 735 ita
430 699 691 745 τραγῳδεῖν
712 699 863 734 verbum
888 699 986 742 Phys.
1009 696 1074 741 VI,
1099 699 1132 732 9.
1156 709 1191 742 p.
1215 698 1295 740 239,
1307 696 1344 730 b.

52 754 92 787 P.
108 752 188 790 496.
213 756 237 791 l.
263 759 319 791 17.
346 775 389 784 --
408 759 501 792 Dele
525 759 642 791 locum
664 754 861 800 Sophoclis.

52 831 72 837 -
93 810 175 849 497.
204 813 228 850 1.
254 815 313 850 23.
335 833 381 839 -
406 815 478 851 Pro
507 812 620 859 ξηράν
641 814 721 860 lege
747 809 873 857 ξηράν.

41 887 69 899 ,-
95 867 174 903 504.
199 870 223 903 l.
237 871 295 905 25.
311 887 358 894 -
384 871 578 906 Addendus
600 876 675 905 erat
696 871 796 904 locus
820 866 1104 902 Aristotelis
1127 869 1169 902 de
1185 869 1322 901 mirabil.
1338 872 1478 902 ausc-ult.

144 937 176 960 c.
197 927 274 962 136.
298 940 334 972 p.
347 926 428 971 844,
448 929 491 972 b,
516 929 559 962 de
586 938 657 972 quo
679 926 763 962 vide
788 926 1029 960 Humboldt
1051 926 1116 959 1.1.
1142 923 1174 970 p'.
1189 927 1245 960 13.
1269 930 1342 958 not.
1366 926 1401 959 3.

52 997 66 1005 ·
88 982 169 1016 507.
193 984 217 1018 l.
239 985 273 1018 8.
310 1005 356 1011 —
388 984 490 1019 Adde
516 983 729 1019 Platonis
767 985 880 1018 verba
905 984 999 1027 apud
1033 982 1221 1017 Suidam
1255 994 1283 1016 s.
1306 993 1343 1018 v.
1372 979 1481 1026 φαιδν

141 1037 290 1083 χρῶμα.·
325 1038 421 1087 3776.-
445 1041 511 1085 μὲν
533 1038 598 1076 τοῦ
627 1036 757 1085 πικροῦ
789 1036 829 1074 τό
854 1036 1025 1083 ἁλμυρόν.
1078 1041 1192 1074 Pott
1230 1040 1274 1073 ad
1305 1036 1479 1073 Iacobi

141 1099 282 1140 Epistol.
307 1097 374 1140 111,
400 1101 456 1131 11.
490 1110 526 1142 p.
555 1097 634 1132 234.
682 1097 852 1143 Quamvis
878 1096 1060 1131 dissentiat
1084 1098 1284 1131 Galenus
1308 1098 1350 1130 de
1370 1098 1480 1138 simpl.

139 1155 310 1187 medicam.
335 1153 457 1195 facult.
484 1155 547 1197 IV,
568 1158 611 1188 21
636 1154 782 1199 aliisque
804 1155 843 1188 in
859 1154 960 1197 locis,
989 1165 1078 1198 quos
1100 1155 1218 1188 laudat
1243 1151 1481 1197 Septalius

139 1211 184 1243 ad
208 1210 392 1244 Aristot.
418 1213 529 1244 Probl.
546 1212 632 1253 XX,
646 1211 702 1246 25.
725 1212 808 1246 Vol.
826 1210 892 1243 ΙΙΙ.
917 1222 953 1254 p.
968 1212 1046 1245 108.
1090 1209 1194 1244 Adde
1211 1212 1327 1243 Probl.
1336 1209 1480 1242 XXIII.

140 1267 185 1301 35
206 1266 293 1311 ibiq.
321 1267 489 1310 Septal.
524 1267 606 1301 Vol.
630 1268 694 1302 ΙΙΙ.
726 1279 764 1311 p.
786 1268 864 1300 181.
921 1266 1109 1301 Caeterum
1133 1278 1288 1301 amarum
1315 1275 1480 1308 saporem

137 1333 159 1356 a
185 1324 304 1357 calore
337 1322 529 1367 provenire
575 1322 695 1357 docuit
737 1321 1057 1356 Aristoteles
1093 1325 1261 1355 Problem.
1295 1323 1391 1364 XX,
1423 1322 1479 1357 29.

134 1390 169 1422 p.
191 1381 270 1421 926,
293 1390 325 1416 a.

45 1455 64 1461 -
88 1433 166 1470 507.
193 1436 218 1469 l.
244 1437 300 1468 11.
327 1453 373 1459 --
397 1432 471 1467 Cfr.
497 1436 538 1468 de
564 1438 655 1468 caelo
680 1433 711 1477 Ι,
738 1436 769 1469 9.
794 1446 828 1478 p.
854 1434 989 1478 277,b:
1015 1431 1167 1480 εὐλόγως
1191 1430 1238 1468 ἂν
1262 1431 1404 1475 δόξειεν.
1429 1435 1479 1476 ΙΙ,

134 1492 170 1524 8.
205 1502 239 1534 p.
261 1492 351 1533 290,
372 1501 408 1523 a:
448 1486 592 1535 εὔλογον
615 1490 682 1535 γὰρ
706 1486 752 1524 «ἲν
774 1489 922 1531 δόξειεν.
967 1492 1024 1533 ΙΙ,
1052 1493 1106 1525 12.
1141 1503 1175 1535 p.
1198 1492 1279 1534 291,
1302 1491 1342 1524 b:
1378 1485 1479 1525 οὗδὲν

134 1543 265 1590 ἄλογον
290 1541 336 1580 ἂν
359 1543 491 1585 δόξειεν
514 1545 619 1581 εἶναι.
664 1546 731 1591 ΙΙΙ,
755 1546 789 1582 4.
816 1560 850 1592 p.
877 1550 955 1591 303,
980 1560 1010 1582 a.
1048 1550 1089 1582 de
1113 1555 1200 1592 part.
1225 1550 1359 1582 animal.
1389 1548 1419 1590 I,
1443 1549 1478 1582 3.

133 1614 170 1646 p.
200 1602 280 1644 643,
301 1603 337 1636 b.
373 1604 414 1636 de
439 1615 523 1636 sens.
552 1615 584 1638 c.
609 1606 640 1638 6.
672 1616 707 1648 p.
730 1603 819 1648 446,
845 1617 881 1639 a:
925 1602 1039 1648 δόξειε
1062 1602 1097 1639 δ’
1123 1600 1169 1639 ἂν
1195 1601 1359 1648 εὐλόγως.
1406 1604 1478 1638 Sed

135 1660 176 1692 de
200 1662 291 1692 caelo
317 1658 362 1699 ΙΙ,
376 1662 428 1692 12.
445 1671 480 1703 p.
493 1661 621 1701 292,a:
647 1655 737 1695 ob'm
762 1658 834 1706 γὰρ
860 1657 976 1696 οὐθὲν
998 1658 1094 1702 δόξει
1116 1658 1216 1705 παροὶ
1241 1659 1347 1704 λόγον
1368 1658 1477 1703 εἶναι,

134 1715 298 1759 quamvis
321 1714 371 1748 ibi
393 1726 535 1759 quoque
560 1717 701 1752 codices
724 1719 771 1756 H.
796 1719 836 1754 F.
858 1719 909 1753 M.
934 1718 1123 1753 exhibeant
1146 1712 1271 1759 δόξειε.

43 1793 59 1799 -
83 1771 160 1807 509.
183 1772 208 1805 l.
225 1773 259 1806 8.
271 1792 317 1798 —-
341 1773 424 1806 Post
440 1769 611 1818 α’ναὺρουε
626 1775 736 1809 adde:
762 1777 855 1820 quod
874 1777 1096 1820 probandum
1112 1780 1177 1810 est.
1203 1776 1269 1809 cfr.
1287 1774 1476 1810 Schnei-

133 1829 213 1862 der
239 1829 284 1863 ad
306 1829 527 1863 Nicandri
550 1832 707 1875 Alexiph.
730 1832 860 1867 v.235.

42 1904 59 1910 -
82 1884 162 1919 510.
189 1886 215 1918 1.
238 1886 294 1920 26.
319 1902 362 1910 -
389 1887 474 1920 Post
496 1881 651 1922 ω’κεανός
672 1887 716 1923 δέ
740 1888 858 1924 insere
880 1891 953 1923 καί.

41 1962 60 1969 -
82 1941 161 1976 513.
188 1943 212 1977 l.
238 1944 292 1978 18.
317 1963 363 1970 —
388 1945 458 1978 Pro
484 1940 590 1989 πῦροι
616 1945 694 1991 lege
717 1942 835 1990 πόροι.

39 2019 56 2025 -
78 1998 158 2033 518.
181 1999 205 2032 Ι.
232 2001 289 2034 31.
315 2019 360 2025 -
393 1999 497 2034 Adde
521 2000 655 2036 Ovid.
684 2004 784 2038 Trisi.
809 2002 837 2045 Ι,
863 2003 897 2045 8,
923 2005 941 2036 1
968 2014 1022 2047 sq.

38 2075 58 2083 -
81 2056 159 2091 519.
188 2056 214 2088 l.
238 2056 273 2089 7.
300 2075 346 2083 —-
372 2058 458 2091 Post
479 2059 574 2097 vol,
598 2058 625 2091 Ι.
650 2059 762 2092 adde:
791 2059 887 2094 Libr.
907 2059 952 2092 V.
979 2071 1054 2104 cap.
1079 2062 1110 2093 1.
1158 2059 1293 2094 Similia
1318 2060 1473 2094 tradide-

127 2118 211 2147 runt
238 2112 494 2147 Cartesius
527 2116 637 2148 Princ.
659 2116 782 2157 philos.
813 2115 877 2151 IV.
910 2115 944 2160 ξ.
966 2115 1011 2150 64
1034 2128 1087 2160 sq.
1144 2119 1340 2151 Rohault
1373 2120 1471 2162 Phys.

127 2167 205 2211 ΙΙΙ,
231 2171 289 2204 10.
335 2171 459 2214 Neque
493 2169 660 2204 absimilis
696 2177 749 2205 est
784 2171 905 2216 opinio
956 2171 1171 2208 Vareuii
1209 2176 1327 2217 Geogr.
1358 2189 1469 2218 gener.

130 2194 535 2270 Gap’.xv1.1’rop.5.

39 2301 57 2308 -
80 2280 158 2316 522.
184 2281 211 2314 l.
238 2280 293 2318 15.
318 2298 363 2304 -
393 2282 498 2317 Adde
522 2285 564 2316 de
585 2291 673 2326 pari.
698 2285 829 2318 animal.
854 2286 917 2328 III,
943 2287 975 2320 3.
1004 2298 1040 2330 p.
1065 2286 1146 2330 664,
1158 2288 1203 2321 b:
1229 2285 1322 2323 ἄλλα
1345 2286 1414 2334 γιίρ
1439 2287 1470 2322 ἴ-

126 2346 192 2371 σως
216 2333 348 2380 ουήθες
369 2333 408 2372 w*
431 2348 507 2373 τους
530 2334 675 2382 ευήθεισ
699 2337 769 2383 τῷν
793 2337 913 2386 λόγων
935 2341 1016 2377 ,lton
1039 2341 1228 2385 ἐξετάζειν.

36 2414 53 2420 -
76 2391 155 2428 524.
180 2394 206 2426 l.
231 2395 290 2427 20.
313 2413 359 2419 -
387 2393 573 2429 Caeterum
596 2396 640 2430 de
663 2408 703 2431 re
733 2399 796 2432 cfr.
823 2398 992 2442 Septal.
1021 2402 1064 2434 ad
1083 2400 1324 2436 Aristotel.
1349 2403 1465 2436 Probl.

127 2449 183 2538 Illl',
211 2451 245 2483 3.
282 2450 364 2485 Vol.
389 2450 419 2486 1.
450 2462 485 2502 p.
511 2453 578 2486 126
601 2464 655 2497 sq.
691 2454 752 2498 qui
771 2460 931 2489 nostrum
956 2457 1076 2491 locum
1102 2460 1208 2505 longa
1234 2458 1467 2503 disputatione

121 2516 138 2538 1
165 2504 325 2540 ustravit.

35 2562 152 2596 -530.
177 2563 202 2596 l.
226 2563 285 2597 25.
312 2580 354 2589 -
381 2564 452 2597 Pro
474 2561 516 2598 ἐὖ
539 2566 619 2612 lege
642 2564 701 2600 τά.

34 2637 51 2644 -
77 2619 144 2654 532
166 2619 191 2652 1.
214 2621 246 2653 9.
270 2636 315 2644 -
342 2619 447 2665 Quod
463 2622 533 2656 tale
555 2634 621 2658 vas
642 2622 679 2656 in
701 2634 798 2659 mare
820 2625 1014 2661 immissum
1042 2629 1328 2673 clepsydram
1353 2639 1465 2664 voca-

123 2680 197 2708 tum
221 2686 299 2709 esse
328 2676 500 2720 diximus,
533 2690 574 2713 ea
596 2679 635 2713 in
656 2692 696 2714 re
719 2692 785 2716 nos
810 2683 939 2718 fefellit
963 2686 1199 2719 Theodori
1231 2686 1375 2720 Gazae
1409 2685 1463 2720 in-

123 2731 327 2775 terpretatio
363 2733 436 2767 loci
470 2731 726 2772 problematum
761 2750 781 2772 a
811 2740 915 2773 nobis
948 2742 1091 2776 laudati.
1156 2741 1212 2776 Ibi
1245 2753 1386 2787 quoque
1418 2745 1463 2776 de

122 2789 328 2833 clepsydra,
361 2801 463 2834 quam
489 2793 596 2838 vulgo
619 2793 738 2828 dicere
761 2797 941 2840 solebant,
979 2809 1178 2833 sermonem
1201 2799 1329 2833 fecisse
1351 2798 1462 2833 Ari-

124 2847 357 2890 stotelem,
397 2848 501 2882 docet
525 2851 741 2894 comparatio
770 2863 911 2894 eornm,
951 2866 1039 2899 quae
1065 2855 1140 2900 ipse
1163 2855 1328 2890 disseruit
1350 2857 1460 2889 Probl.
