1774 3198
289 358 383 402 430
503 367 947 406 COMMENTARIUS
973 368 1032 406 IN
1059 369 1459 409 METEOROLOG.

396 481 448 516 3.·
465 474 607 528 γίνεται
636 473 710 527 γὰρ
738 477 892 525 μᾶλλον
921 472 947 527 ἡ
978 474 1124 528 δρόσος
1161 491 1295 516 omnes
1324 485 1481 529 praeter
1508 480 1681 518 codicem

285 546 332 583 E.
350 557 464 595 quem
481 543 602 580 secuti
619 555 763 580 sumus-
790 543 944 591 μᾶλλον
961 544 1065 581 enim
1087 557 1168 582 non
1186 545 1404 595 profectum
1427 557 1508 582 esse
1523 545 1571 582 ab
1592 546 1685 584 Ari-

286 610 433 647 stotelis
465 621 583 645 manu
611 607 725 646 docet
756 609 941 647 articulus
975 615 1065 647 ante
1101 606 1415 661 εὐδιεινοτέροις,
1455 612 1685 661 comparatis

285 675 416 713 verbis
437 675 464 724 ᾗ
485 677 533 712 2:
561 672 705 724 γίνεται
733 672 776 712 δὲ
800 676 992 725 χειμῶνος
1019 674 1083 714 καὶ
1108 676 1261 725 μᾶλλον
1290 674 1330 714 ἓν
1354 680 1586 728 χειμερινοῖς
1616 673 1685 715 τό-

284 754 385 785 ποις.
427 740 622 790 Deinceps
648 736 801 791 fitcpro
823 736 877 786 ὥς
907 743 952 780 Ε.
972 743 1025 779 Η.
1049 742 1101 779 Ν.
1132 743 1175 779 Ρ.
1195 743 1234 780 S.
1254 743 1339 781 Cas.
1369 762 1419 770 —-
1458 739 1686 794 θερμοτέρα

283 808 334 845 Α.
353 809 394 846 Ρ.
415 809 484 845 Er.
505 808 543 844 S.
563 807 646 844 Cas.
673 803 878 858 θερμότης
895 808 948 845 N.
1006 807 1085 846 Sed
1102 814 1209 845 recte
1231 823 1271 846 se
1289 808 1407 847 habet
1425 805 1684 860 θερμότερον.

283 873 377 912 vide
409 875 663 911 Hermann
692 873 739 910 de
763 874 915 922 Ettipst
942 881 980 910 et
1009 874 1247 912 Paeonas-mo
1285 873 1349 926 (in
1376 878 1423 914 F.
1459 877 1510 914 A.
1543 876 1692 914 Wolf

283 942 393 977 Mas.
417 939 488 976 der
505 937 1096 988 Alterthums‘usc‘ssenselmften
1125 944 1243 979 1808.
1272 955 1310 992 p.
1333 942 1440 990 106).
1493 939 1686 991 Opuscul.

281 1009 311 1046 I.
334 1005 471 1056 p.154.
498 1028 547 1034 -—
578 1002 653 1054 ἔχει
680 1004 753 1057 γὰρ
783 1002 829 1044 τὸ
854 1002 999 1057 ἀνάγον
1028 1003 1082 1044 ἔτι
1102 1008 1192 1058 πῦρ.
1222 1008 1292 1046 cfr.
1311 1007 1360 1046 ad
1376 1011 1407 1055 I,
1426 1011 1464 1056 9,
1486 1010 1520 1045 3.
1542 1029 1591 1037 ——
1622 1010 1686 1046 De

283 1073 457 1122 genitivo
487 1070 666 1116 πλείονος
696 1068 955 1124 ψυχρότητος
997 1074 1068 1112 cfr.
1105 1075 1358 1112 Hermann
1389 1075 1417 1112 1.
1448 1075 1474 1112 1.
1507 1072 1569 1126 (p.
1592 1071 1685 1124 148)

281 1152 318 1190 p.
350 1142 442 1176 183.

393 1203 432 1242 4.
470 1205 532 1242 De
563 1203 746 1254 genitivis
775 1202 939 1253 αἰθρίας
967 1203 1031 1242 καὶ
1059 1204 1244 1255 νηνεμίας
1273 1207 1346 1244 cfr.
1375 1207 1424 1244 ad
1448 1211 1490 1253 Ι,
1515 1210 1559 1256 5,
1586 1211 1605 1245 1
1646 1213 1687 1246 et

282 1273 534 1310 Hermann
563 1272 589 1308 l.
613 1272 641 1308 l.
674 1269 739 1321 (p.
765 1269 868 1321 127)
899 1284 937 1321 p.
962 1273 1052 1308 168.
1090 1292 1144 1323 ε-
1199 1272 1365 1309 Nullum
1393 1286 1529 1310 rorem
1557 1274 1686 1311 ventis

282 1337 520 1388 spirantibus
541 1338 763 1385 consistere,
783 1337 932 1387 optime
955 1337 1182 1375 observavit
1191 1334 1518 1386 Aristoteles,
1550 1352 1684 1388 quam-

282 1405 344 1442 vis
379 1416 517 1441 veram
548 1416 629 1440 non
660 1403 869 1440 adsecutus
896 1401 1158 1453 phaenomeni
1189 1404 1393 1443 rationem.
1430 1425 1484 1432 —
1523 1409 1684 1454 σημεῖον

283 1466 322 1507 δ’
358 1465 438 1508 ὅτι
469 1496 607 1507 .....
632 1467 694 1506 ἐπὶ
716 1465 808 1520 γὰρ
838 1472 922 1513 τοῖς
947 1464 1089 1520 ὄρεσιν.
1147 1469 1254 1509 Vide
1281 1470 1328 1507 ad
1346 1473 1376 1518 I,
1399 1473 1436 1518 8,
1460 1473 1523 1508 17.
1554 1491 1606 1498 -
1636 1467 1685 1508 ἐν

282 1533 366 1588 γὰρ’
389 1539 472 1581 τοῖς
499 1531 630 1587 ὄρεσιν
658 1537 706 1573 F.
736 1537 787 1573 H.
821 1535 873 1572 N.
903 1556 957 1562 —
1012 1535 1201 1572 Potuerat
1229 1535 1374 1574 addere
1409 1532 1498 1574 οὔτε
1527 1532 1685 1584 δρόσος,

282 1616 382 1653 quae
411 1602 542 1640 verba
569 1601 759 1639 excidisse
786 1607 920 1652 putes,
951 1613 1041 1638 cum
1061 1600 1148 1639 cod.
1172 1602 1220 1639 E.
1242 1614 1314 1652 pro
1335 1598 1381 1640 οὐ
1406 1600 1549 1652 γίνεται
1575 1616 1687 1651 prae-

282 1669 373 1707 beat
392 1665 481 1707 οἷέτε
503 1666 647 1719 γίνεται
667 1674 706 1705 et
729 1667 1022 1706 Alexander
1052 1667 1155 1705 dicat
1175 1668 1243 1706 fol.
1265 1667 1329 1713 84,
1345 1667 1380 1704 b.
1400 1665 1462 1704 ἐπὶ
1480 1671 1564 1713 τοῖς
1581 1664 1687 1718 ὄρεσι

268 1733 572 1786 μηδέτερον
611 1731 774 1772 αὐτῶν
811 1734 944 1781 (roris
973 1740 1011 1771 et
1044 1731 1238 1785 pruinae)
1276 1732 1432 1784 γίνεται.
1480 1734 1687 1784 Olymp-

281 1803 352 1840 sol.
383 1806 455 1849 20,
483 1815 531 1838 a:
569 1796 774 1852 πρόδηλόν
802 1813 948 1852 φησιν,
992 1796 1052 1838 ὅτι
1080 1795 1208 1850 πάχνη
1240 1798 1304 1838 καὶ
1331 1796 1477 1850 δρόσος
1503 1797 1590 1850 περὶ
1618 1797 1687 1838 τὸν

282 1863 391 1905 κάτω
418 1866 563 1917 γίνεται
593 1863 739 1914 τόπον,
789 1863 831 1904 ἐκ
859 1867 932 1904 τοῦ
960 1864 1001 1903 ἐν
1029 1869 1113 1911 τοῖς
1152 1861 1325 1916 ὑψηλοῖς
1362 1861 1491 1916 ὄρεσιν
1525 1862 1687 1917 μηδὲν

281 1929 478 1971 τούτων
505 1931 697 1983 γίνεσθαι.
719 1954 768 1959 -
797 1934 904 1970 Bene
927 1932 1047 1980 igitur
1077 1930 1462 1982 Theophrastus
1491 1930 1539 1968 de
1560 1943 1686 1968 cause.

280 1996 464 2051 plantor.
488 2000 559 2046 IV,
580 1998 643 2045 14,
665 2001 702 2036 3.
730 2011 770 2047 p.
789 1999 890 2038 5⁸0:
922 1993 982 2035 διὸ
1003 1995 1067 2035 καὶ
1091 1994 1132 2035 ἐν
1162 2000 1245 2042 τοῖς
1275 1993 1431 2041 ε’ὕπνοις
1458 1994 1523 2034 καὶ
1540 1993 1687 2046 μετεώ-

284 2078 369 2116 ροις
395 2055 530 2115 ἧττον,
561 2061 602 2102 ἓν
624 2061 793 2108 δὲτοῖς
820 2061 1019 2108 κοίλοις
1046 2061 1129 2101 καὶ
1159 2060 1509 2115 δροσοβόλοις
1534 2062 1687 2112 μᾶλλον

286 2127 495 2181 [σήπεται].
1353 2157 1356 2164 .
1424 2127 1433 2135 ’

396 2199 434 2236 5.
465 2196 598 2235 πλεῖον
619 2198 665 2235 F.
684 2196 732 2234 H.
755 2196 807 2233 N.
828 2208 903 2246 pro
920 2193 1050 2234 πλέον.
1081 2196 1152 2234 cfr.
1171 2195 1221 2234 ad
1239 2199 1271 2241 I,
1291 2194 1328 2243 4,
1346 2198 1384 2233 6.
1406 2216 1460 2222 --
1491 2190 1587 2232 αὐτὸ
1610 2189 1686 2231 ἀπὸ
1762 2228 1774 2241 ,

283 2266 355 2303 τοῦ
373 2261 506 2314 ὕψους
523 2265 591 2302 Er.
611 2283 664 2290 —
693 2257 755 2300 ὅτι
776 2260 934 2314 διαρρεῖ
947 2275 1021 2313 pro
1039 2258 1100 2301 ὅτι
1121 2260 1185 2301 καὶ
1206 2258 1270 2314 ῥεῖ
1294 2262 1339 2299 Α.
1359 2260 1429 2299 Er.
1455 2280 1509 2287 —
1563 2259 1687 2314 Iidem

283 2344 357 2381 pro
382 2330 636 2382 exquisitiore
654 2324 753 2379 ῥέων
770 2328 958 2379 praebent
980 2324 1046 2367 ὤν.
1075 2329 1147 2367 cfr.
1169 2328 1218 2366 ad
1235 2331 1265 2375 I,
1288 2330 1322 2375 5,
1345 2332 1378 2365 1.
1396 2347 1451 2356 —-
1479 2321 1528 2364 τὰ
1547 2320 1687 2375 ὑψηλά

283 2397 323 2435 h.
342 2398 371 2436 l.
400 2410 481 2434 non
508 2401 600 2434 sunt
625 2395 796 2433 altorum
820 2395 1015 2434 montium
1037 2395 1257 2443 cacumina,
1287 2394 1336 2431 de
1359 2392 1499 2444 quibus
1521 2390 1613 2430 vide
1637 2389 1688 2427 ad

283 2464 324 2508 Ι,
348 2464 395 2510 3,·
419 2466 490 2501 17:
518 2462 589 2500 sed
609 2462 841 2500 collinarum
864 2461 966 2512 iuga.
995 2482 1048 2489 -—
1083 2458 1156 2512 τὴν
1185 2457 1375 2500 σύστασιν
1401 2455 1473 2508 τὴν
1500 2450 1687 2504 τοιαύτην

283 2529 327 2565 F.
346 2529 399 2566 Η.
430 2525 619 2567 σύστασιν
641 2528 788 2566 omittit
808 2528 916 2566 Cam.

397 2598 436 2632 6.
465 2596 598 2644 Quam
617 2595 660 2632 in
677 2593 749 2631 hac
766 2592 1012 2644 paragrapho
1033 2592 1142 2631 addit
1163 2590 1496 2634 observationem,
1525 2586 1688 2624 verissi-

287 2673 390 2698 mam
411 2674 495 2698 esse
514 2661 631 2698 docui
657 2658 866 2699 Meteorol.
886 2668 962 2699 vet.
986 2659 1056 2698 Gr.
1077 2666 1115 2696 et
1135 2660 1255 2696 Rom.
1276 2657 1354 2702 VI,
1378 2656 1444 2692 28.
1475 2654 1614 2703 p.·13-7
1631 2666 1687 2702 sq.

287 2725 503 2776 eademque
522 2727 571 2764 ‹le
590 2740 702 2764 causa
721 2733 829 2764 recte
846 2739 892 2763 se
912 2725 1078 2772 habent,
1106 2736 1204 2773 quae
1223 2721 1273 2759 de
1292 2719 1428 2759 eadem
1453 2719 1555 2757 circa
1582 2719 1687 2756 Pon-

286 2796 372 2829 tum
401 2792 562 2841 regione
599 2793 653 2830 ait
685 2791 1076 2841 Theophrastus
1113 2788 1161 2829 de
1185 2786 1318 2825 ventis
1358 2784 1391 2832 §.
1422 2785 1486 2823 54.
1522 2798 1560 2835 p.
1592 2787 1685 2829 779,
