1820 3158
139 389 352 432 —p..35·2,a
378 383 540 418 Bam<.—
598 383 705 422 Lm,
717 382 749 421 1.
779 378 1032 421 CARXIV.
1083 371 1311 418 ——p.337‚E.
1338 369 1466 405 cas.-
1515 361 1574 405 57

139 499 239 543 εἶναι
278 498 439 554 ὀλί7ους
480 494 651 538 ἐδύνατο
684 491 868 549 τρέφειν,
914 487 939 544 ἶ]
972 486 1016 530 δὲ
1046 486 1272 541 ΙΙΙυκηναίιι
1309 486 1442 531 καλῶς
1479 477 1581 534 εἶχεν

142 568 224 624 (διὸ
249 564 486 620 ἐντιμοτέρα
505 558 572 618 ἦν)
589 596 600 615 ,
634 564 705 603 νῦν
734 560 779 601 δὲ
807 557 1046 605 τούναντίον
1075 555 1144 598 διὰ
1171 554 1258 609 τὴν.
1277 551 1491 610 ειρημέιην
1520 550 1582 590 αι’-

140 638 245 679 τι’.αν
295 633 321 689 ἡ
353 634 469 688 μέν7
472 631 534 686 ἀρ
564 628 666 685 ἀργὴ
696 628 829 683 γέ7ονε
867 627 935 668 καὶ
974 624 1077 680 ξηρὰ
1115 620 1309 678 πάμπαν,
1351 624 1443 675 τῆς
1455 618 1500 661 δὲ
1526 616 1583 661 τὰ

142 703 235 746 τότε
267 702 336 745 διὰ
355 702 402 744 τὸ
427 697 627 752 λιμνάζειν
657 695 760 752 ἀργὰ
791 698 861 737 νῦν
886 710 1071 749 χρησιμα
1100 692 1269 748 γέγονεν.
1330 687 1428 731 16.“
1428 687 1572 738 Ωσπερ
1588 690 1640 729 16

145 767 217 814 οὖν
253 771 319 813 ε’πὶ
356 767 506 812 τούτου
543 770 618 808 τοῦ
656 765 786 807 τόπου
818 762 1071 815 συμβέβηκεν
1101 759 1221 808 ὄντος
1245 759 1419 813 μικροῦ,
1457 752 1583 798 ταῦτὸ

146 841 210 881 δεῖ
232 839 404 892 νομιζειν
441 839 565 878 τοῦτο
611 833 849 886 συμβαίνειν
885 831 952 873 καὶ
981 830 1071 885 περὶ
1100 827 1302 884 μεγάλους
1328 824 1482 872 τόπους
1520 823 1588 866 καὶ

141 906 282 963 χώρας
320 904 432 954 wag.
513 901 674 944 17.οι
705 900 780 955 μὲν
808 916 880 940 ουν
907 898 1126 951 β7έποντες
1163 896 1227 937 ἐπὶ
1263 894 1410 950 μικρὸν
1447 893 1643 935 αἰτιάν17

147 973 300 1016 οἴονται
329 976 412 1015 τῶν
441 969 639 1013 τοιούτων
667 966 767 1011 εἶναι
796 965 1060 1020 παθημάτων
1086 964 1162 1018 τὴν
1179 967 1266 1006 τοῦ
1290 961 1390 1004 ὅλου
1410 965 1587 1015 μεταβο-

148 1041 222 1096 7ὴν
252 1039 308 1090 ὡς
334 1041 544 1095 7ιιομένου
573 1041 646 1079 τοῦ
675 1035 866 1091 οὐρανοῦ.
908 1032 971 1074 διὸ
1000 1033 1066 1074 καὶ
1091 1031 1165 1085 τὴν
1184 1027 1402 1073 θάλατταν
1432 1027 1589 1071 ἐλάττω

148 1110 336 1164 γίνεσθαί
354 1122 487 1177 φασιν
516 1104 572 1155 ὠς
602 1102 917 1161 ξηοαινομένην,
950 1099 1013 1144 ὅτι
1035 1101 1198 1147 πλείους
1227 1099 1442 1156 φαίνονται
1471 1094 1590 1139 τόποι

149 1181 270 1219 τοῦτο
307 1164 559 1222 πεποιθότες
594 1176 667 1214 νῦν
694 1170 720 1225 ἢ
751 1169 965 1225 πρότερον.
1027 1174 1094 1211 18.
1123 1167 1239 1210 ’Ἐστι
1269 1166 1315 1208 δὲ
1342 1164 1502 1208 τούτων
1531 1165 1578 1208 τὸ
1596 1171 1646 1207 18

148 1245 224 1298 μὲν
254 1243 411 1297 ἄληθες
435 1241 481 1284 τὸ
516 1241 556 1283 δ’
580 1239 655 1283 οὐκ
685 1238 865 1293 ἀληθές·
895 1237 1057 1284 πλείους
1080 1236 1156 1290 μὲν
1184 1234 1262 1291 γάρ
1293 1237 1393 1277 εισιν
1423 1234 1460 1277 οἳ
1490 1232 1594 1289 πρό-

149 1312 266 1368 τερον
297 1310 472 1366 ἔνυδροι,
506 1313 577 1352 νῦν
608 1308 652 1350 δὲ
676 1305 960 1363 χερσεύοντες,
998 1304 1046 1347 οὗ
1074 1303 1159 1359 μὴν
1190 1302 1297 1346 ὄλλὰ
1326 1304 1392 1345 καὶ
1420 1301 1594 1345 τούναν-

150 1380 258 1421 τίον·
308 1381 492 1434 πολλαχῇ
529 1377 605 1433 γὰρ
637 1380 882 1424 σκοποῦντες
911 1371 1154 1430 εὑρήσουσιν
1188 1372 1490 1426 ἔπεληλυθυΐαν
1517 1370 1594 1425 τὴν

150 1446 378 1489 θάλατταν.
439 1452 506 1488 19.
539 1444 663 1488 Ἀλλὰ
691 1442 842 1486 τούτου
870 1442 946 1497 τὴν
977 1443 1111 1483 αἶτίαν
1140 1439 1189 1482 οὗ
1222 1439 1297 1494 τὴν
1324 1443 1398 1482 τοῦ
1426 1439 1586 1493 κόσμου
1599 1445 1650 1481 19

151 1515 300 1571 γε’νεσίν
339 1514 500 1556 οἴεσθαι
537 1510 643 1567 χρή·
700 1515 856 1567 γελοῖον
893 1509 972 1566 γὰρ
1005 1508 1072 1551 διὰ
1101 1506 1252 1563 μικρὰς
1282 1509 1350 1549 καὶ
1379 1507 1595 1564 ἀκαριαίας

151 1582 384 1637 μεταβολὰς
412 1589 531 1624 κινεῖν
559 1580 606 1623 τὸ
633 1585 728 1634 πᾶν,
773 1577 794 1622 ὅ
826 1579 870 1621 δὲ
899 1582 973 1633 τῆς
1001 1581 1074 1632 γῆς
1102 1574 1222 1631 ὄγκος
1249 1576 1314 1617 καὶ
1342 1574 1391 1617 τὸ
1420 1574 1597 1630 μέγεθος

157 1727 281 1766 esset,
310 1733 456 1772 paucos
480 1719 587 1757 alere
611 1723 790 1770 poterat,
816 1717 1037 1768 Mycenaea
1058 1727 1159 1753 vero
1191 1713 1297 1752 bene
1328 1713 1467 1752 affecta
1498 1719 1595 1762 erat,

158 1789 210 1826 ob
241 1801 408 1839 eamque
438 1800 594 1825 causam
625 1787 668 1824 in
695 1786 837 1824 maiori
866 1785 999 1836 pretio
1027 1782 1262 1821 habebatur.
1316 1781 1438 1820 Nunc
1463 1789 1598 1820 autem

158 1856 405 1894 contrarium
434 1855 573 1892 evenit
602 1854 653 1891 ob
688 1867 775 1891 eam
807 1866 925 1905 quam
965 1852 1141 1891 diximus
1182 1863 1353 1888 causam.
1429 1854 1494 1889 16.
1525 1851 1600 1889 Illa

159 1925 266 1962 enim
304 1923 455 1962 sterilis
490 1923 591 1961 sacta
626 1928 705 1971 est,
744 1927 786 1960 et
811 1916 978 1972 prorsus
1007 1920 1122 1958 sicca.
1188 1918 1320 1957 Huius
1342 1931 1468 1966 vero,
1497 1932 1600 1971 quae

159 1999 255 2030 tunc
281 1991 372 2043 quia
397 1990 648 2041 stagnabant,
685 1989 838 2028 sterilia
866 1994 1001 2036 erant,
1031 1987 1145 2026 utilia
1172 1999 1279 2025 nunc
1306 1986 1468 2025 reddita
1496 1993 1602 2026 sunt.

162 2063 228 2100 16.
260 2058 383 2109 Quod
406 2058 529 2109 igitur
556 2071 686 2110 parvo
713 2058 785 2096 illo
813 2059 856 2095 iu
877 2058 967 2096 loco
990 2055 1156 2102 accidit,
1184 2054 1294 2093 idem
1319 2061 1359 2093 et
1384 2055 1426 2093 in
1450 2056 1602 2106 magnis

159 2127 279 2175 locis,
309 2132 349 2165 et
370 2126 535 2178 integris
563 2126 794 2177 regionibus
830 2125 996 2164 evenire
1026 2122 1250 2175 putandum
1283 2128 1357 2161 est.
1421 2126 1485 2162 17.
1520 2124 1603 2173 Qui

161 2195 282 2247 igitur
309 2207 452 2246 parum
478 2192 753 2242 considerant‘,
793 2193 976 2232 universi
1001 2192 1287 2241 mutationem,
1316 2191 1427 2243 quasi
1446 2192 1602 2229 coelum

164 2269 299 2302 ortum
319 2262 381 2310 sit,
407 2261 550 2300 harum
569 2262 827 2300 affectionum
846 2274 1002 2299 causam
1024 2273 1110 2299 esse
1129 2252 1390 2298 arbitrantur.
1450 2260 1610 2309 Quam-

166 2331 306 2368 obrem
333 2342 443 2367 mare
471 2330 592 2366 etiam
621 2330 732 2380 quasi
771 2329 995 2367 exsiccetur
1032 2328 1219 2366 imminui
1246 2327 1454 2378 inquiunt,
1495 2326 1606 2377 quod
1643 2329 1646 2334 '

167 2398 283 2450 plura
303 2409 429 2444 nunc,
469 2409 587 2447 quam
613 2403 746 2444 antea,
789 2397 844 2435 ita
869 2397 1007 2434 affecta
1035 2396 1123 2434 loca
1150 2401 1380 2433 cernantur.
1442 2397 1503 2432 18.
1533 2396 1606 2434 Est

167 2471 302 2503 autem
328 2462 406 2501 hoc
434 2463 581 2514 partim
605 2460 768 2514 q‘uidem
793 2477 960 2511 verum,
999 2463 1147 2514 partim
1173 2463 1328 2500 falsum.
1387 2453 1607 2513 Complura

169 2533 277 2572 enim
318 2537 434 2576 sunt,
483 2543 584 2581 quae
626 2544 718 2568 cum
758 2537 852 2569 ante
881 2544 1028 2582 aquosa
1058 2534 1212 2578 essent,
1250 2529 1470 2568 continenti
1499 2516 1608 2569 nunc

170 2608 279 2640 terra
305 2598 501 2651 gaudent:
541 2597 609 2636 sed
641 2603 780 2635 contra
806 2599 924 2636 etiam
960 2612 1025 2636 res
1049 2596 1179 2634 habet.
1267 2597 1350 2647 Qui
1382 2598 1491 2636 enim
1519 2598 1608 2636 ani—

172 2668 457 2714 mndvertunt,
517 2666 649 2705 multis
691 2666 733 2703 in
773 2665 872 2703 locis
917 2666 1086 2704 effusum
1131 2677 1242 2702 mare
1291 2664 1609 2717 deprehendent.

177 2742 239 2777 19.
279 2736 402 2776 Cuius
436 2735 497 2773 rei
523 2747 679 2773 causam
716 2732 857 2771 mundi
893 2739 1030 2771 ortum
1069 2731 1256 2771 arbitrari
1290 2746 1373 2771 uon
1405 2732 1607 2773 debemus.

173 2803 405 2842 Ridiculum
428 2802 534 2841 enim
556 2810 623 2850 est,
654 2801 705 2839 ob
727 2815 871 2853 parvas
900 2802 1090 2852 levesque
1113 2801 1349 2839 mutationes
1371 2802 1609 2840 universum

175 2876 343 2911 mutare.
402 2871 533 2910 Moles
561 2875 692 2908 autem
722 2881 765 2907 ac
792 2868 1024 2921 magnitudo
1046 2875 1199 2917 terrae,
1230 2868 1331 2908 nihil
1350 2875 1457 2909 certe
1478 2869 1609 2907 estad
