1820 3158
156 303 332 355 ⁴-p..‘’.50‚
352 322 384 345 a.
411 311 573 345 Bekk.-
630 313 777 353 LIB.1.
813 312 1066 353 CARXffl,
1115 311 1488 354 -p.325,H.Cas.-
1536 307 1600 350 49

156 422 256 466 εἶναι
285 425 351 466 καὶ
381 423 557 481 κυρτῆν;
589 422 833 480 ἀμφοτέρως
858 423 936 478 γὰρ
967 423 1039 466 τὸν
1068 422 1157 465 ἴσον
1186 422 1305 479 ὄγκον
1333 424 1599 482 περιλήψεται

154 489 372 547 σώματος)
415 493 482 534 καὶ
509 491 585 547 τὴν
615 491 810 534 ἀνιοῦσαν
846 491 999 544 ἀτμίδα
1027 490 1207 545 ψύχουσι
1245 493 1312 534 καὶ
1341 498 1598 550 συγκρίνουσι

153 558 275 601 πάλιν
305 560 362 609 εἷς
389 559 518 616 ὕδωρ.
580 561 646 602 14.
685 557 843 615 Διόπερ
882 558 1074 615 καθάπερ
1113 559 1297 613 εἴπομεν,
1343 560 1382 604 οἱ
1406 563 1586 618 μέγιστοι
1600 566 1651 604 14

152 631 235 669 τῶν
261 631 459 682 ποταμῶν
487 629 532 670 ἐκ
552 632 635 671 τῶν
651 628 852 683 μεγίστων
881 628 1095 683 φαίνονται
1125 625 1283 683 ῥέοντες
1311 626 1431 685 ὀρῶν.
1471 632 1596 686 δῆλον

153 694 195 736 δ’
220 696 305 737 ἐστὶ
333 699 456 738 τοῦτο
487 696 712 750 θεωμένοις
749 694 824 744 τὰς
852 700 927 750 τῆς
954 699 1029 751 γῆς
1058 693 1294 750 περιόδους·
1337 697 1490 748 ταύτας
1516 697 1594 754 γὰρ

151 763 195 804 ἐκ
225 767 299 805 τοῦ
338 761 629 807 πυνθάνεσθαι
668 763 769 819 παρ’
805 762 988 807 ἑκάστων
1017 762 1151 814 οὕτως
1181 764 1439 822 ἀνέγραψαν,
1486 764 1594 808 ὅσων

147 827 491 886 μὴ’συμβέβηκεν
528 831 737 880 αὐτόπτας
779 823 968 886 γενέσθαι
1008 831 1106 882 τοὺς
1136 833 1345 888 Ιλέγοντας.
1418 838 1482 875 15.
1514 833 1584 875 Ἔν
1604 838 1648 877 15

146 899 222 951 μὲν
249 894 321 940 οὖν
347 903 397 955 τῇ
428 898 546 958 Ἀσίᾳ
583 902 762 940 πλεῖστοι
797 900 874 952 μὲν
903 900 947 942 ἐκ
979 903 1052 941 τοῦ
1081 903 1309 956 Παρνασοῦ
1342 901 1594 955 καλουμένου

147 967 360 1021 φαίνονται
392 965 551 1022 ῥέοντες
574 966 699 1022 ὅρους
727 968 794 1008 καὶ
822 967 1003 1022 μέγιστοι
1031 969 1231 1020 ποταμοί,
1271 973 1392 1010 τοῦτο
1422 968 1465 1009 δ’
1490 966 1592 1021 ὁμο-

147 1038 320 1090 λογεῖται
361 1033 526 1077 πάντων
566 1032 666 1076 εἶναι
701 1035 891 1090 μέγιστον
930 1033 1027 1090 ὅρος
1064 1039 1148 1076 τῶν
1186 1034 1290 1091 πρὸς
1329 1034 1404 1089 τὴν
1437 1035 1488 1077 ἕω
1517 1036 1592 1090 τὴν

141 1101 392 1156 χειμερινήν*
428 1099 649 1157 ὖπερβάντι
678 1101 756 1158 γὰρ
786 1101 864 1156 ἤδη
894 1106 1017 1144 τοῦτο
1049 1103 1234 1158 φαίνεται
1265 1100 1291 1157 ἡ
1321 1102 1400 1152 ἕξω
1430 1102 1591 1145 θάλατ-

144 1187 218 1219 τα,
262 1163 313 1224 ἧς
339 1169 386 1212 τὸ
416 1169 542 1225 πέρας
572 1168 620 1211 οὗ
652 1170 776 1224 δῆλον
806 1176 893 1219 τοῖς
925 1170 1128 1212 ἐντεῦθεν.
1202 1176 1268 1213 16.
1303 1169 1373 1212 Ἐκ
1400 1171 1477 1225 μὲν
1507 1165 1645 1213 οῧν16

144 1237 293 1294 τούτου
323 1237 484 1294 ῥέουσιν
513 1235 629 1279 ἄλλοι
658 1254 701 1279 τε
730 1238 910 1292 ποταμοὶ
947 1239 1013 1279 καὶ
1045 1235 1066 1280 ὃ
1100 1231 1291 1294 Βάκτρος
1320 1239 1387 1280 καὶ
1417 1236 1438 1281 ὅ
1469 1238 1589 1281 Χοά-

143 1320 249 1359 σπης
277 1306 344 1347 καὶ
375 1302 395 1347 ὅ
421 1303 620 1360 Ἀράξης·
666 1304 818 1347 τούτου
848 1305 887 1347 δ’
918 1303 939 1347 ὁ
974 1305 1130 1355 Τάναϊς
1167 1306 1425 1361 ἆγωσχίζεται
1462 1308 1588 1364 μέρος

142 1372 198 1415 ὢν
224 1374 280 1422 εἰς
307 1372 382 1427 τὴν
415 1374 610 1415 Μαιῶτιν
650 1372 807 1428 λίμνην.
863 1372 929 1427 ῥεῖ
961 1373 1007 1415 δὲ
1044 1375 1110 1415 καὶ
1152 1371 1330 1424 δ’Ῑνδὸς
1369 1375 1412 1425 ἐξ
1444 1375 1586 1428 αὐτοῦ,

139 1438 302 1483 πάντων
330 1445 412 1483 τῶν
440 1447 637 1496 ποταμῶν
667 1442 798 1498 ῥεῦμα
826 1445 1027 1484 πλεῖστον.
1090 1448 1154 1484 17.
1191 1442 1260 1484 Ἐκ
1289 1442 1334 1484 δὲ
1363 1447 1436 1484 τοῦ
1467 1446 1640 1487 Κατ-17

140 1508 269 1554 κάσου
298 1508 414 1551 ἄλλοι
442 1526 485 1552 τε
515 1509 651 1567 ῥέουσι
681 1511 823 1552 πολλοὶ
861 1511 928 1552 καὶ
958 1509 1063 1551 κατὰ
1092 1513 1256 1563 πλῆθος
1283 1511 1349 1551 καὶ
1379 1510 1484 1552 κατὰ
1512 1512 1585 1565 μέ-·

138 1580 263 1632 γεθος
289 1575 634 1634 ὑπερβάλλοντες,
675 1579 742 1621 καὶ
773 1576 794 1619 ὃ
826 1581 979 1626 Φᾶσις·
1021 1574 1042 1619 ὃ
1074 1577 1118 1618 δὲ
1148 1576 1372 1627 Καύκασος
1396 1578 1585 1633 μέγιστον

140 1715 247 1753 enim
272 1713 394 1752 modo
421 1727 558 1765 parem
592 1714 776 1766 corporis
802 1715 950 1753 molem
971 1711 1178 1766 recipiet),
1209 1721 1250 1753 et
1272 1715 1583 1771 adscendentem

138 1796 331 1834 vaporem
353 1783 598 1833 refrigerant
618 1783 740 1833 inque
758 1795 902 1834 aquam
921 1795 1062 1820 rursus
1081 1788 1338 1821 convertunt.
1387 1782 1450 1822 14.
1469 1786 1581 1835 Qua-
1627 1791 1642 1810 ⁴

137 1857 330 1903 propter,
362 1851 422 1889 uti
445 1849 643 1899 diximus,
674 1851 839 1888 maximi
861 1849 978 1888 fluvii
1005 1863 1056 1887 ex
1077 1850 1261 1889 maximis
1286 1851 1488 1890 montibus
1512 1852 1579 1891 de-

137 1920 265 1958 fluere
284 1918 500 1966 videntur,
529 1917 638 1969 quod
658 1918 786 1956 cuivis
810 1923 944 1970 patet,
974 1918 1042 1968 qui
1067 1924 1268 1956 terrarum
1298 1919 1486 1958 circuitus
1514 1921 1580 1959 in-

136 1989 297 2039 spiciat:
336 1999 437 2038 quae
462 1986 569 2023 enim
592 1992 800 2025 narrantes
830 1986 911 2024 suis
939 1985 1062 2024 oculis
1084 1986 1317 2037 conspicere
1343 2000 1426 2025 non
1450 1988 1578 2039 licuit,

137 2069 182 2093 ea
208 2069 230 2093 a
256 2054 419 2106 singulis
449 2054 735 2105 interrogando
768 2054 1080 2105 descripserunt.
1150 2055 1214 2094 15.
1244 2055 1384 2106 Itaque
1411 2054 1455 2093 in
1482 2056 1580 2095 Asia

134 2123 311 2175 plurima
338 2122 592 2173 maximaque
619 2122 786 2160 flumina
809 2121 860 2160 de
879 2122 1053 2159 Parnaso
1083 2121 1151 2172 qui
1181 2120 1328 2160 dicitur
1347 2129 1485 2161 monte
1506 2123 1578 2162 de·-

134 2191 263 2229 ssuere
282 2190 497 2235 videntur,
527 2189 596 2240 qui
615 2190 814 2228 maximus
830 2191 1029 2228 montium
1050 2203 1136 2227 esse
1161 2189 1326 2228 videtur
1347 2203 1488 2229 versus
1507 2205 1577 2230 or-

135 2265 221 2295 tum
249 2257 464 2296 hibernum
495 2257 679 2296 sitorum.
741 2259 874 2308 Quem
897 2258 930 2295 si
954 2256 1041 2309 quis
1061 2263 1327 2308 transgressus
1347 2264 1428 2306 est,
1460 2265 1576 2297 exte-

135 2326 220 2363 rius
249 2337 360 2362 mare
390 2329 580 2376 apparet,
619 2325 730 2362 cuius
751 2325 913 2363 termini
934 2325 1042 2363 illius
1061 2325 1239 2376 regionis
1261 2325 1402 2363 incolis
1423 2338 1502 2364 non
1524 2326 1576 2364 li-

135 2398 272 2445 quent.
334 2392 399 2430 16.
424 2393 490 2431 Ex
506 2390 585 2430 hoc
602 2393 724 2443 igitur
744 2398 880 2430 monte
899 2397 1062 2443 praeter
1080 2392 1156 2430 alia
1171 2391 1338 2430 flumina
1359 2398 1398 2429 et
1409 2394 1576 2431 Bactrus

135 2467 176 2498 et
205 2459 408 2511 Choaspes
435 2465 476 2498 et
502 2460 658 2498 Araxes
693 2459 896 2509 defluunt,
933 2459 1002 2497 abs
1032 2471 1110 2509 quo
1147 2464 1350 2509 tamquam
1380 2460 1573 2510 particula

133 2528 280 2567 Tanais
301 2526 568 2575 abscinditur,
600 2526 668 2578 qui
694 2527 738 2565 in
759 2527 940 2566 Maeotin
960 2526 1148 2577 paludem
1172 2525 1404 2565 effunditur.
1462 2527 1574 2567 Fluit

132 2601 341 2648 praeterea
372 2595 496 2633 Indus
526 2609 578 2634 ex
602 2584 714 2646 ipso,
747 2594 927 2632 omnium
949 2594 1126 2631 amnium
1147 2593 1353 2632 maximus.
1413 2599 1476 2635 17.
1505 2598 1572 2635 Ex

134 2664 307 2701 Caucaso
340 2669 501 2714 practer
525 2663 600 2700 alia
630 2661 825 2712 quaedam
853 2667 940 2700 tum
972 2661 1087 2712 copia
1108 2666 1193 2699 tum
1214 2662 1485 2713 magnitudine
1505 2665 1571 2702 in·

132 2731 267 2782 signia,
284 2731 401 2768 etiam
417 2729 554 2768 Phasis
576 2729 787 2768 delabitur.
829 2729 1026 2768 Caucasus
1045 2741 1147 2767 vero
1169 2731 1366 2769 maximus
1386 2737 1444 2770 est
1463 2731 1570 2770 inter

133 2804 289 2836 montes
317 2812 457 2836 versus
488 2803 624 2837 ortum
652 2795 883 2836 aestivalem
915 2796 1034 2846 sitos,
1064 2802 1144 2835 tam
1165 2797 1429 2851 amplitudine
1449 2811 1567 2849 quam

1152 2864 1180 2902 4
