1820 3158
257 325 347 369 102
396 332 777 375 —1›-³63‚b·sse1‹k.-
809 333 973 370 1213.st
1007 332 1204 372 cAP.v1.
1273 331 1627 374 —p.347,B.Cas.-—

251 440 353 482 κατὰ
380 440 503 482 τόπον
532 440 690 482 ἐναντία
719 438 819 479 κατὰ
848 437 995 487 τόπον,
1028 440 1209 479 πλεῖστον
1240 437 1281 478 δ’
1316 438 1447 492 ἀπέχει
1473 441 1524 482 τὰ
1553 441 1652 483 κατὰ

249 505 475 561 διάμετρον,
503 506 716 559 ἀναγκαῖον
735 505 799 545 καὶ
817 507 897 545 τῶν
916 503 1151 556 πνευμάτων
1169 506 1297 545 ταῦτα
1326 504 1514 559 ἀλλήλοις
1541 507 1654 549 ἐναν-

196 580 218 611 6
249 573 314 613 τία
342 570 458 623 εἶναι,
509 569 587 613 ὅσα
624 571 726 612 κατὰ
763 568 977 626 διάμετρόν
1014 570 1133 612 ἐστιν.
1193 575 1231 610 6.
1261 572 1453 613 Καλεῖται
1483 573 1526 614 δὲ
1555 573 1656 614 κατὰ

245 638 320 691 τὴν
347 637 464 679 θέσιν
490 640 571 679 τῶν
598 636 733 678 τόπων
759 636 812 679 τὰ
838 636 1044 690 πνεύματα
1067 629 1164 679 ὧδε·
1205 634 1373 693 ζέφυρος
1397 639 1472 691 μὲν
1499 639 1545 681 τὸ
1576 638 1655 680 ἀπὸ

245 706 374 745 τοῦΛ
385 717 394 726 ·
414 707 533 746 τοῦτο
546 703 622 760 γὰρ
637 703 767 758 δυσμὴ
780 703 1000 759 ἲσημερινὴ.
1030 703 1205 752 ἐναντίος
1223 703 1266 745 δὲ
1283 702 1415 761 τούτῳ
1429 705 1658 759 ἀπηλιώτης

246 767 324 810 ἀπὸ
336 772 458 826 τοῧ,Β
468 783 478 794 ·
491 773 613 813 τοῦτο
622 769 698 825 γὰρ
715 769 889 824 ἀνατολὴ
905 769 1125 826 ἷσημερινή.
1145 770 1292 825 βορέας
1304 771 1347 812 δὲ
1359 773 1425 813 καὶ
1438 772 1659 827 ἀπαρκτίας

246 834 324 877 ἀπὸ
354 840 426 877 τοῦ
454 838 520 878 Η·
561 837 742 879 ἐνταῦθα
763 837 838 893 γὰρ
860 835 884 890 ἡ
905 836 1075 893 ἄρκτος·
1107 836 1283 885 ἐναντίος
1311 838 1355 880 δὲ
1383 837 1514 895 τούτῳ
1542 838 1658 886 νότος

246 900 324 943 ἀπὸ
355 906 427 944 τοῦ
459 903 518 944 Θ·
558 905 789 959 μεσημβρία
818 920 860 945 τε
889 904 965 959 γὰρ
995 902 1095 957 αὕτη
1124 902 1201 958 ἀφ’
1232 897 1282 957 ἧς
1306 910 1416 954 -πνεῖ,
1454 907 1518 946 καὶ
1547 905 1594 946 τὸ
1620 905 1658 946 Θ

193 975 215 1008 7
245 972 302 1024 τῷ
321 971 372 1010 Η
384 968 583 1012 ἐναντίον·
613 970 715 1012 κατὰ
740 969 953 1023 διάμετρον
980 969 1071 1026 γάρ.
1130 976 1171 1012 7.
1203 969 1301 1012 Ἀπὸ
1332 971 1376 1012 δὲ
1404 976 1477 1013 τοῦ
1506 975 1546 1012 Ζ
1571 988 1659 1013 και-

246 1035 353 1084 κίας·
390 1034 492 1089 αὕτη
522 1036 598 1092 γὰρ
628 1035 803 1090 ἀνατολὴ
833 1035 990 1091 θερινῆ.
1038 1036 1216 1085 ἐναντίος
1249 1037 1289 1078 δ’
1323 1037 1398 1090 οὐχ
1427 1036 1447 1080 ὃ
1478 1037 1557 1079 ἀπὸ
1586 1041 1660 1079 τοῦ

245 1103 284 1141 Ε
295 1101 438 1154 πνέων,
467 1102 560 1143 ἀλλ’
581 1101 602 1145 ὃ
624 1102 702 1144 ἀπὸ
733 1107 805 1144 τοῦ
835 1106 874 1143 Γ
898 1104 995 1155 λίψ.
1033 1096 1152 1151 οὗτος
1179 1103 1254 1158 γὰρ
1286 1104 1364 1146 ἀπὸ
1396 1107 1552 1158 ὃυσμῆς
1577 1120 1659 1157 χει-

243 1172 404 1223 μερινῆς
431 1175 531 1220 mser,
561 1169 738 1218 ἐναντίος
765 1169 809 1210 δὲ
837 1168 989 1225 τούτῳ·
1034 1169 1137 1211 κατὰ
1166 1171 1380 1226 διάμετρον
1407 1170 1484 1224 γὰρ
1511 1176 1658 1211 κεῖται·

245 1231 266 1275 ὃ
299 1235 344 1276 δὲ
372 1234 451 1276 ἀπὸ
480 1240 552 1277 τοῦ
581 1237 623 1278 Δ
651 1231 767 1290 εὖρος
785 1250 795 1261 ·
845 1229 964 1284 οὗτος
1000 1235 1076 1291 γὰρ
1106 1235 1182 1277 ἀπ’
1216 1236 1415 1290 ἀνατολῆς
1438 1240 1660 1291 χειμερινῆς

245 1306 350 1351 πνεῖ,
392 1307 566 1356 γειτνιῶν
595 1307 653 1359 τῷ
682 1303 807 1359 νότῳ,
848 1301 909 1344 διὸ
941 1303 1005 1348 καὶ
1032 1302 1222 1352 πολλάκις
1249 1302 1452 1359 εὗρόνοτοι
1482 1303 1658 1358 λέγονται

244 1373 365 1409 πνεΐν.
397 1368 575 1418 ἐναντίος
604 1370 647 1411 δὲ
675 1369 806 1426 τούτῳ
837 1368 911 1422 οὐχ
940 1366 961 1410 ὃ
992 1369 1070 1411 ἀπὸ
1101 1374 1174 1412 τοῦ
1204 1373 1242 1412 Γ
1263 1372 1360 1423 λίψ,
1400 1370 1491 1411 ἀλλ’
1526 1367 1546 1411 ὃ
1579 1368 1657 1410 ἀπὸ

244 1437 317 1474 τοῦ
346 1436 402 1485 Ε,
446 1433 493 1476 ὃν
523 1439 710 1477 καλοῦσιν
739 1436 776 1477 οἳ
803 1437 878 1489 μὲν
910 1435 1118 1491 ἀργέστην,
1150 1437 1188 1478 οἶ
1217 1436 1256 1478 δ’
1291 1435 1513 1490 ὀλυμπίαν,
1551 1435 1587 1477 οἱ
1617 1436 1660 1476 δὲ

229 1501 446 1553 οκίρωνα·
482 1495 600 1550 οὗτος
627 1501 703 1557 γὰρ
729 1501 808 1543 ἀπὸ
841 1503 997 1556 δυσμῆς
1027 1506 1192 1558 θερινῆς
1219 1508 1318 1556 πνεῖ,
1348 1504 1414 1544 καὶ
1442 1502 1544 1544 κατὰ
1573 1501 1661 1543 διά-

192 1571 216 1606 S
245 1583 391 1622 μετρον
423 1567 531 1625 αὐτῷ
562 1575 684 1609 κεῖται
710 1567 847 1621 μόνος.
907 1574 942 1609 8.
977 1561 1100 1610 Οὗτοι
1129 1568 1202 1621 μέν
1232 1564 1302 1610 οὗν
1331 1569 1493 1611 οἱκατὰ
1524 1568 1661 1621 διάμε-

247 1700 389 1739 traria:
422 1716 520 1752 quae
534 1709 665 1741 autem
685 1716 736 1741 ex
757 1691 950 1741 diametro
972 1709 1240 1754 opponuntur,
1268 1703 1485 1754 plurimum
1506 1702 1660 1747 distant,

246 1779 404 1804 necesse
425 1775 483 1805 est
503 1775 541 1806 et
559 1776 719 1817 ventos,
750 1770 816 1819 qui
838 1783 910 1820 per
928 1769 1166 1808 diametrum
1187 1771 1305 1820 positi
1325 1775 1428 1816 sunt,
1454 1770 1558 1806 inter
1578 1781 1661 1804 sese

248 1845 330 1869 esse
348 1835 575 1872 contrarios.
635 1839 670 1873 6.
699 1836 758 1873 Ita
776 1849 874 1873 vero
899 1849 949 1872 ex
968 1836 1148 1874 locorum
1167 1837 1244 1874 situ
1263 1836 1380 1873 flatus
1399 1835 1659 1885 appellantur.

247 1898 456 1949 Zephyrus
477 1901 649 1950 quidem,
679 1901 720 1938 id
747 1908 805 1939 est
822 1902 1024 1939 Favonius
1046 1902 1094 1939 ab
1114 1902 1182 1952 Α,·
1218 1915 1378 1939 occasus
1402 1901 1506 1938 cuim
1526 1898 1660 1948 aequi—

246 1965 423 2003 noctialis
446 1966 510 2004 hic
538 1974 607 2005 est.
666 1967 771 2005 Huic
798 1968 1018 2005 contrarius
1040 1968 1245 2018 Apeliotes
1274 1967 1316 2005 id
1347 1973 1404 2004 est
1423 1965 1661 2003 Subsolanus

246 2043 267 2068 a
300 2030 360 2068 B:
398 2031 465 2070 hic
498 2047 665 2085 namque
698 2040 808 2071 ortus
845 2040 905 2071 est
939 2034 1246 2084 aequinoctialis.
1313 2036 1460 2071 Boreas
1496 2045 1594 2068 vcro
1622 2036 1661 2068 ct

248 2098 472 2148 Apa-ctias,
513 2099 589 2136 hoc
616 2107 675 2138 est
710 2100 842 2150 aquilo
873 2107 912 2138 et
941 2100 1159 2151 septentrio
1169 2129 1180 2149 ‚
1211 2100 1259 2138 ab
1280 2099 1349 2148 H,
1386 2098 1579 2149 siquidem
1606 2096 1661 2133 ibi

246 2176 337 2200 ursa
358 2171 426 2202 est.
483 2166 715 2204 Contrarias
738 2166 831 2204 huic
849 2172 981 2204 auster
1001 2180 1024 2204 a
1048 2164 1110 2205 Θ.·
1141 2166 1327 2204 meridies
1347 2166 1451 2203 enim
1472 2170 1529 2201 est
1558 2162 1662 2200 unde

246 2229 369 2279 spirat
392 2237 432 2269 et
452 2229 491 2269 Θ
515 2232 589 2283 ipsi
608 2231 658 2268 H
668 2233 921 2281 adversatur,
949 2246 1039 2271 cum
1058 2247 1129 2284 per
1150 2233 1388 2271 diametrum
1419 2230 1544 2282 posita
1571 2229 1660 2266 sint.

244 2297 283 2333 7.
317 2297 353 2334 A
384 2296 424 2334 Z
452 2304 585 2335 autem
615 2299 796 2338 caecias:
833 2305 944 2337 ortus
974 2299 1080 2336 enim
1111 2300 1285 2338 aestivus
1319 2299 1386 2336 ille
1415 2303 1485 2335 est.
1555 2296 1663 2334 Con-

247 2363 391 2400 trarius
416 2371 547 2402 autem
576 2365 636 2402 illi
664 2372 743 2414 est,
772 2379 852 2403 non
875 2367 942 2416 qui
963 2365 1010 2403 ab
1030 2365 1070 2404 E
1083 2366 1227 2417 spirat,
1256 2365 1325 2403 sed
1346 2365 1414 2415 qui
1432 2377 1453 2401 a
1471 2362 1520 2408 Γ,
1548 2359 1661 2399 Afri-

246 2439 328 2473 cus,
357 2429 505 2480 quippe
524 2445 614 2468 cum
634 2432 681 2468 ab
701 2445 843 2469 occasu
867 2432 1036 2470 brumali
1053 2432 1190 2483 spiret,
1221 2437 1338 2482 atque
1357 2430 1420 2467 hic
1437 2428 1496 2466 illi
1515 2425 1662 2464 adver-

246 2499 378 2538 setur,
416 2509 505 2534 cum
534 2511 605 2547 per
631 2497 868 2536 diametrum
906 2497 1036 2536 distet.
1103 2499 1257 2544 Eurus,
1286 2496 1329 2533 id
1348 2500 1407 2532 est
1427 2493 1659 2534 Vulturnus,

248 2569 270 2592 a
291 2557 354 2603 A,
392 2574 413 2595 a
433 2562 603 2600 brumali
629 2563 732 2600 enim
767 2570 859 2602 ortu
889 2564 1034 2614 spirat,
1075 2564 1223 2602 Austro
1248 2561 1426 2600 vicinus=
1466 2557 1516 2591 Ob
1538 2553 1660 2603 idque

246 2623 442 2661 Euronoti
470 2625 654 2664 dicuntur
683 2629 836 2677 saepius
859 2630 1024 2679 spirare.
1081 2630 1184 2665 Huic
1200 2630 1328 2662 autem
1350 2620 1569 2659 contrarius
1589 2625 1658 2666 est,

249 2702 327 2726 non
348 2690 415 2739 qui
435 2703 457 2727 a
480 2691 518 2728 Γ
536 2692 719 2738 Africus,
749 2693 816 2730 sed
844 2694 909 2743 qui
939 2694 987 2731 ab
1015 2692 1072 2738 E,
1107 2703 1223 2742 quem
1250 2688 1314 2726 alii
1340 2687 1555 2737 Argesten‚
1594 2686 1658 2722 alii

250 2755 505 2806 Olympiam,
545 2757 612 2795 alii
647 2758 811 2795 Scirona
849 2765 1008 2797 vocant.
1081 2756 1156 2794 Hic
1191 2755 1296 2794 enim
1333 2754 1381 2792 ab
1414 2765 1553 2790 occasu
1591 2751 1658 2788 ssat
