1774 3198
404 373 627 415 LIBRUM
653 371 897 413 PRIMUM.
955 370 1072 410 CAP.
1091 369 1206 410 VIII.
1399 356 1402 359 ¹
1426 359 1521 405 415

96 496 198 535 Cum
219 505 320 531 vero
346 490 478 529 obiter
495 494 650 528 tantum
668 486 751 525 illic
769 484 872 523 hanc
892 488 1035 522 tractet
1054 483 1340 534 quaestionem,
1363 480 1416 522 τὰ
1435 482 1526 536 περὶ

97 557 365 614 ἀστρολογίαν
403 553 654 610 θεωρήματα
692 566 777 592 non
806 557 899 590 sunt
927 551 1022 590 libri
1052 550 1103 589 de
1131 551 1264 599 caelo,
1307 552 1380 590 etsi
1408 564 1529 602 supra

97 632 138 678 I,
161 633 208 677 3,
236 628 305 666 ubi
334 625 497 665 eosdem
526 623 728 673 respicere
755 620 941 666 videtur,
981 618 1116 658 laudat
1145 615 1196 657 τὰ
1227 617 1317 673 περὶ
1344 616 1416 660 τὸν
1445 617 1531 660 ἅνω

98 692 223 736 τόπον
241 691 506 748 θεωρήματα.
550 694 598 732 In
614 691 711 741 ipsis
733 689 840 728 enim
860 688 910 726 de
929 688 1043 725 caelo
1071 688 1185 748 libris
1203 690 1253 737 II,
1268 692 1332 726 10.
1353 701 1394 739 p.
1405 692 1533 738 291‚a

99 769 298 814 provocat
326 761 377 800 ad
405 758 458 800 τὰ
487 758 576 813 περὶ
604 755 885 810 ἀστρολογίαν,
918 770 1010 794 cum
1030 755 1156 794 dicatz
1183 754 1272 808 περὶ
1294 753 1338 795 δὲ
1359 758 1432 808 τῆς
1458 753 1533 796 τά·

102 831 200 878 ξεως
237 827 398 876 αὐτῶν,
447 824 494 867 ὃν
521 824 596 878 μὲν
623 822 777 879 τρόπον
807 822 975 864 ἕκαστον
1012 827 1136 864 κεῖται
1165 825 1223 878 τῷ
1252 820 1304 862 τὰ
1331 822 1408 876 μὲν
1435 820 1536 865 εἶναι

102 895 307 951 πρότερα,
346 893 399 936 τὰ
428 892 472 934 δ’
497 891 648 947 ὕστερα
677 892 742 932 καὶ
773 894 860 939 πῶς
894 890 970 944 ἔχει
1002 889 1105 944 πρὸς
1133 887 1290 944 ἄλληλα
1317 897 1405 940 τοῖς
1433 890 1538 934 ἄπο-

103 963 305 1017 πήμασιν
314 994 326 1013 ,
366 963 410 1003 ἐκ
438 965 519 1003 τῶν
551 960 641 1014 περὶ
670 958 936 1015 ἀστρολογίαν
963 958 1232 1013 θεωρείσθω·
1281 958 1433 1014 λέγεται
1460 958 1538 1014 γὰρ

104 1031 274 1082 ἱκανῶς,
301 1034 373 1072 ubi
398 1033 522 1084 igitur
551 1029 719 1068 eandem
735 1059 747 1080 ,
785 1029 836 1067 de
863 1042 940 1080 quo
964 1028 1154 1067 hocloco
1184 1030 1335 1068 mentio
1363 1031 1541 1069 iniicitur

102 1116 205 1151 rem,
235 1102 278 1140 in
296 1102 374 1140 isto
395 1101 501 1140 libro
525 1105 731 1138 tractatam
754 1111 839 1136 esse
857 1097 994 1135 refert.
1051 1098 1238 1135 Fortasse
1264 1096 1330 1136 hic
1348 1098 1451 1136 liber
1469 1098 1542 1137 de-

106 1169 290 1222 perditus
322 1175 380 1208 est
400 1169 489 1216 ille,
515 1167 626 1206 cuius
643 1166 804 1204 titulum
833 1164 1097 1215 Diogenes
1119 1165 1370 1203 Labi-tius
1398 1168 1451 1216 V,
1472 1170 1542 1206 26.

107 1251 148 1289 p.
170 1240 266 1277 282.
327 1237 582 1287 Anonym.
611 1233 841 1284 Menagii
869 1246 908 1285 p.
929 1235 1008 1271 201
1040 1231 1205 1271 laudant
1230 1231 1360 1272 hunc:
1391 1229 1544 1288 ἀστρο-

108 1301 276 1355 νομικόν
294 1301 347 1350 α’,
378 1309 460 1350 aut,
491 1316 592 1355 quae
617 1300 717 1340 mihi
735 1314 836 1339 vero
860 1300 1029 1339 similior
1049 1300 1290 1348 coniectura,
1318 1309 1456 1341 nostra
1476 1317 1546 1341 ae-

109 1378 192 1411 tate
209 1372 410 1411 librorum
431 1371 479 1409 de
506 1370 616 1409 coelo
633 1369 799 1408 alteram
820 1368 1096 1407 recensionem
1113 1368 1319 1409 habemus.
1347 1370 1471 1409 Cuius
1485 1371 1547 1409 rei
1615 1422 1619 1427 .

109 1432 388 1491 argumentum
417 1438 517 1478 mihi
540 1437 640 1477 illud
659 1443 741 1486 est,
773 1436 883 1489 quod
910 1438 1168 1476 stobaeus
1196 1438 1344 1489 Eclog.
1359 1437 1484 1489 phys.
1514 1440 1547 1484 I,

111 1510 177 1547 23.
210 1522 251 1560 p.
275 1507 356 1546 486
386 1513 597 1559 postquam
620 1506 813 1543 nonnulla
838 1505 1045 1557 exposuit,
1085 1519 1186 1557 quae
1218 1505 1339 1543 hodie
1364 1506 1408 1544 in
1437 1506 1550 1544 libris

113 1575 164 1614 de
182 1576 291 1614 caelo
312 1577 522 1626 leguntur,
551 1574 627 1612 alia
650 1572 824 1620 addidit,
853 1586 955 1624 quae
975 1586 1106 1624 neque
1123 1573 1179 1611 ibi
1186 1602 1198 1620 ,
1226 1586 1361 1624 neque
1379 1574 1422 1611 in
1442 1573 1551 1626 phy-

115 1642 198 1682 sica
214 1642 502 1681 auscultatione
531 1639 600 1693 (ex
620 1654 696 1691 qua
715 1654 758 1678 se
783 1640 855 1678 ista
883 1640 1044 1692 petiisse
1079 1641 1209 1680 refert
1237 1641 1491 1680 stobaeus
1519 1644 1550 1690 I,

118 1709 186 1750 24.
212 1723 250 1762 p.
270 1713 365 1760 502,
394 1708 466 1747 ubi
482 1708 625 1758 eadem
645 1705 825 1759 repetit),
854 1720 983 1760 neque
1002 1709 1097 1747 alibi
1114 1709 1387 1762 reperiuntur.
1418 1709 1551 1749 Plut.

117 1778 238 1815 Plac.
263 1777 412 1830 philos.
442 1777 496 1826 V,
513 1780 566 1815 20
595 1774 698 1814 nihil
724 1775 835 1814 aliud
861 1775 977 1824 dicit,
1006 1777 1083 1815 nisi
1112 1773 1195 1817 {inc
1217 1791 1280 1824 τις
1300 1775 1554 1830 πραγματεία

114 1840 430 1897 Ἀριστοτέλους,
462 1845 505 1882 in
524 1857 602 1896 quo
621 1844 696 1882 ista
711 1844 982 1895 reperiantur.
1018 1845 1152 1884 Etiam
1183 1846 1366 1884 Cicero
1395 1845 1444 1883 de
1462 1853 1554 1883 nat.

118 1913 245 1950 Deor.
266 1914 317 1960 H,
345 1916 395 1952 15
426 1911 565 1950 eadem
591 1911 886 1950 Aristoteli
913 1912 1067 1961 tribuit,
1098 1912 1170 1952 sed
1186 1913 1292 1952 libro
1314 1926 1397 1951 non
1420 1913 1553 1952 allato.

117 1981 192 2018 Est
214 1979 332 2017 etiam
361 1980 462 2018 alius
488 1980 600 2018 locus
630 1979 848 2018 Stobaei
886 1980 930 2029 Ι,
957 1983 1025 2018 26.
1054 1994 1095 2033 p.
1122 1983 1226 2028 536,
1263 1981 1335 2020 ubi
1363 1982 1558 2020 nonnulla

118 2048 279 2099 profert
307 2048 333 2086 S
346 2047 577 2093 tobaeus,
605 2060 706 2099 quae
728 2047 770 2086 in
790 2047 904 2086 libris
927 2047 978 2086 de
997 2050 1119 2099 caelo,
1137 2049 1246 2088 unde
1262 2050 1429 2101 reliqua,
1458 2063 1558 2102 quae

121 2115 364 2154 coniunctim
381 2115 528 2165 laudat,
557 2116 678 2166 petita
695 2122 801 2164 sunt,
831 2129 915 2154 non
933 2117 1210 2168 reperiuntur.
1248 2117 1363 2158 Idem
1382 2117 1433 2155 de
1451 2117 1561 2168 phy-

123 2182 203 2219 sica
233 2184 520 2222 auscultatione
553 2184 690 2222 valere
727 2183 901 2222 videtur.
969 2184 996 2221 S
1008 2189 1057 2221 to
1069 2184 1124 2222 ba
1135 2198 1157 2222 e
1168 2198 1223 2222 us
1268 2185 1375 2223 enim
1411 2185 1560 2237 Eclog.

116 2248 242 2299 phys.
259 2251 291 2299 I,
312 2252 377 2289 12.
395 2264 436 2302 p.
457 2255 540 2289 320
559 2264 619 2301 sq.
650 2252 784 2289 locum
805 2251 947 2300 attulit,
977 2250 1045 2301 qui
1064 2251 1097 2288 si
1120 2251 1345 2290 Aristotelis
1366 2259 1446 2296 est,
1479 2267 1563 2292 non

126 2316 204 2354 nisi
230 2330 281 2354 ex
303 2316 479 2368 physicis
498 2317 662 2356 haustus
691 2331 775 2356 esse
792 2323 943 2369 potest:
974 2318 1045 2356 sed
1066 2317 1116 2356 de
1136 2318 1207 2356 illo
1228 2332 1329 2358 vero
1348 2320 1487 2359 similis
1505 2328 1566 2359 est

127 2384 358 2422 coniectura
376 2385 418 2423 H
426 2385 616 2432 eereni,
645 2385 818 2436 petitum
838 2398 923 2423 esse
946 2398 997 2422 ex
1018 2387 1304 2425 commentario
1324 2388 1495 2439 quodam
1515 2389 1566 2427 ad

127 2451 252 2502 Phys.
268 2454 320 2501 Π,
351 2453 370 2489 1
386 2455 491 2490 —2.
551 2451 631 2490 Sed
650 2452 766 2491 aliter
786 2466 851 2491 res
869 2466 911 2490 se
927 2451 1049 2491 habet
1066 2453 1117 2491 de
1136 2454 1272 2493 verbis
1290 2456 1436 2507 Eclog.
1445 2454 1566 2507 phys.

127 2521 159 2568 I,
181 2522 247 2561 19.
278 2533 320 2571 p.
343 2522 446 2569 382,
474 2533 607 2577 quae„
623 2525 832 2571 postquam
853 2520 1063 2572 complura
1085 2534 1138 2559 ex
1159 2521 1331 2573 Physica
1352 2525 1567 2563 Ausculta-

130 2587 240 2624 tione
262 2587 416 2637 attulit,
446 2587 568 2635 addit,
599 2600 700 2638 quae
721 2593 856 2627 tamen
874 2586 997 2635 hodie
1013 2601 1096 2626 non
1117 2588 1492 2640 deprehenduntur.
1513 2613 1568 2620 --

132 2647 194 2691 ὅτι
213 2649 415 2707 ἀνώτερος
443 2649 464 2693 ὃ
492 2650 606 2706 ἣλιος
633 2655 706 2705 τῆς
735 2651 903 2707 σελήνης
930 2655 985 2693 ait
1008 2657 1128 2694 etiam
1155 2656 1360 2696 Problem.
1382 2660 1480 2705 XV,
1500 2662 1565 2697 10.

133 2732 172 2771 p.
189 2721 330 2770 912‚b.
351 2744 408 2751 —-
433 2721 513 2761 Pro
531 2722 668 2762 verbis
689 2718 821 2769 οὕτως
848 2719 925 2773 ἔχει
956 2721 1023 2762 καὶ
1053 2720 1099 2763 τό
1131 2738 1173 2764 τε
1202 2739 1359 2764 merum
1386 2722 1433 2765 τὸ
1453 2725 1571 2764 exhi-

135 2787 232 2826 bent
256 2790 304 2828 F.
326 2789 380 2828 H.
400 2790 456 2830 N.
484 2810 541 2817 —
569 2790 771 2842 Deinceps
796 2804 873 2843 pro
893 2791 1019 2830 altero
1050 2788 1155 2845 πρὸς
1182 2789 1256 2844 τὴν
1274 2794 1347 2845 γῆν
1375 2795 1421 2833 Ε.
1451 2807 1572 2846 prae-

136 2854 204 2893 bet
230 2856 280 2908 τῇ
307 2858 369 2911 γῇ.
405 2880 462 2888 -
499 2853 574 2897 οὐκ
603 2853 654 2898 ἂν
681 2854 825 2912 πόρρω
852 2859 930 2897 ποῦ
957 2859 1032 2910 τῆς
1057 2861 1129 2911 γῆς
1158 2860 1302 2899 omisso
1331 2855 1412 2900 ἀπό
1441 2863 1488 2901 F.
1518 2861 1571 2901 H.
