1774 3198
256 264 282 306 h

289 343 381 387 514
502 348 950 391 COMMENTARIUS
979 348 1042 389 IN
1061 321 1466 389 METEOROLOG.

401 465 468 500 17.
496 462 544 498 In
563 458 761 509 antiquam
776 459 892 496 istam
911 458 1191 509 quaestionem,
1220 471 1299 509 quo
1317 465 1423 497 tanta
1439 473 1560 510 aquae
1579 461 1692 512 copia

291 533 380 567 ruat
389 556 401 576 ,
435 527 541 563 inter
562 530 719 564 veteres
746 525 1038 574 inquisiverunt
1066 524 1298 575 praesertim
1333 526 1368 563 L
1379 538 1406 562 u
1419 538 1501 563 cre
1511 526 1583 564 tiu
1595 541 1612 564 s
1641 528 1690 574 V,

292 596 373 633 262
395 605 479 642 sqq.
509 596 550 628 et
576 591 765 629 Seneca
796 591 964 641 Quaest.
981 597 1116 628 natur.
1144 591 1219 639 ΙΙΙ,
1237 590 1260 627 4
1279 604 1360 642 sqq.
1380 611 1433 618 —-
1463 586 1524 628 ἀπ
1538 588 1658 630 λε’τω
1670 606 1690 629 ν

293 665 333 697 et
354 656 490 707 scripti
510 661 550 694 et
567 655 662 694 editi
682 669 758 707 pro
781 651 1014 707 ἀπλήτων
1043 670 1074 696 s.
1094 653 1343 706 ἀπλάτων,
1374 655 1482 709 quod
1508 658 1691 695 Moeris

291 723 473 763 Atticista
499 721 749 760 scribendum
776 728 921 760 censet.
976 724 1030 761 Et
1053 723 1108 761 ita
1133 724 1249 761 etiam
1277 723 1384 774 apud
1409 723 1504 760 alios
1525 723 1694 761 occurrit

291 790 444 828 Atticos
460 787 681 839 scriptores.
711 788 795 826 Csr.
812 789 851 827 H
862 788 941 826 ein
953 788 979 826 d
989 802 1044 827 or
1054 788 1075 827 f
1099 789 1149 827 ad
1166 790 1196 827 P
1209 790 1253 826 la
1264 795 1280 827 t
1291 803 1314 826 o
1325 803 1364 826 n.
1384 787 1506 838 δορὴ,
1523 803 1559 839 p.
1571 789 1649 827 246
1663 789 1694 827 C

291 854 514 894 Pierson.
541 853 593 891 ad
619 854 830 892 Moerid.
859 867 900 905 p.
917 857 990 903 22,
1006 855 1031 892 b
1049 867 1107 905 sq.
1143 854 1206 893 ed.
1238 857 1307 893 Ko
1321 854 1388 892 ch.
1457 855 1505 893 In
1531 856 1692 892 Hister.

292 920 462 959 animal.
489 920 607 968 VIII,
623 923 691 966 27,
714 922 737 957 6
768 921 794 957 S
806 919 1113 960 chneiderus
1141 922 1330 972 praetulit
1357 917 1545 959 ἄπλατον.
1594 920 1695 958 Cae-

291 993 422 1025 terum
443 982 611 1031 ἄπλετος
638 985 688 1023 de
706 986 844 1037 quavis
863 986 976 1037 copia
1000 987 1107 1038 apud.
1133 988 1170 1026 A
1180 1001 1202 1026 r
1212 988 1225 1025 i
1236 993 1311 1025 sto
1323 993 1339 1025 t
1349 988 1475 1025 elem
1503 992 1542 1024 et
1559 991 1693 1037 poste-

289 1053 407 1091 rioris
434 1051 521 1090 aevi
550 1051 760 1103 scriptores
789 1053 971 1103 usurpari
999 1054 1113 1091 solet.
1183 1051 1270 1091 Cfr.
1308 1055 1340 1091 B
1350 1052 1535 1091 ernhar
1546 1051 1569 1089 d
1580 1065 1608 1102 y
1644 1051 1695 1090 ad

290 1120 330 1157 D
341 1119 356 1155 i
366 1131 389 1154 o
399 1130 501 1167 nys.
530 1117 592 1153 Pe
603 1130 624 1154 r
634 1118 646 1154 i
657 1130 678 1154 e
688 1130 712 1167 g
722 1131 742 1154 e
752 1122 781 1154 t.
809 1130 850 1167 p.
867 1120 958 1156 550.
974 1139 1029 1146 —
1054 1116 1128 1168 μὲν
1158 1115 1281 1158 οὐθέν
1309 1120 1469 1158 inverso
1488 1117 1628 1155 ordine
1647 1119 1693 1156 F.

289 1202 344 1212 ——
371 1183 570 1232 Deinceps
588 1178 863 1231 ἀποβλέψαντι
890 1181 958 1232 (ita
981 1184 1086 1221 enim
1110 1186 1282 1223 scribere
1302 1185 1429 1224 voluit
1451 1184 1575 1236 Bekk.
1603 1196 1694 1221 cum

270 1253 470 1287 -moneret
488 1248 529 1285 in
549 1247 637 1285 cod.
658 1249 704 1286 Ε.
733 1261 816 1285 esse
843 1245 1120 1301 ἐπιβλέψαντι)
1153 1262 1229 1300 pro
1253 1251 1413 1300 vulgato
1434 1246 1693 1298 ἐπιβλέψαντι

288 1314 512 1365 recepimus
535 1325 586 1350 ex
606 1314 656 1351 E.
676 1312 728 1350 A.
748 1313 821 1351 Er.
850 1314 997 1353 Alex.
1025 1315 1093 1354 fol.
1115 1318 1166 1354 93
1179 1343 1190 1364 ,
1206 1315 1246 1353 b.
1304 1314 1582 1367 Accmstivum
1608 1312 1692 1352 ἔπι-

288 1375 498 1429 βλέψαντα
515 1379 560 1416 F.
578 1378 630 1416 H.
651 1377 701 1415 N.
721 1377 922 1416 exhibent.

403 1445 467 1482 18.
494 1438 646 1488 πλάτος
662 1457 700 1481 τι
716 1457 792 1495 pro
810 1441 961 1490 πλάτος
979 1457 1020 1483 τε
1041 1444 1247 1482 Alex.-—-
1261 1442 1396 1498 χρόνῳ
1416 1445 1563 1483 omittit
1582 1446 1689 1484 Cam.

289 1533 344 1540 -
372 1507 597 1562 διαφθείρει
625 1521 698 1560 pro
720 1506 897 1562 διαφέρει
923 1511 980 1549 N.
1005 1510 1153 1561 inepte.
1175 1531 1230 1539 —
1269 1510 1463 1560 διαμεῖναι
1495 1511 1612 1550 Alex.
1640 1513 1688 1550 A.

289 1577 397 1616 cam.
416 1576 459 1613 P.
481 1573 517 1612 S.
537 1574 623 1613 Cas.
652 1588 743 1613 cum
759 1575 893 1614 codice
914 1577 960 1615 F.
988 1576 1056 1626 qui
1073 1572 1122 1614 ἄν
1139 1582 1229 1614 ante
1247 1573 1352 1625 διαμ.
1369 1577 1554 1627 ponit.—
1581 1590 1690 1628 περι-

287 1640 423 1681 τείνειν
438 1654 515 1693 pro
536 1639 776 1693 περιτείνειεν
798 1642 943 1693 absque
960 1654 1078 1679 sensu
1095 1642 1237 1680 Alex.
1259 1640 1365 1684 Aldi.
1383 1662 1436 1670 —-
1465 1637 1564 1692 ἅμα
1593 1640 1690 1680 δια-

289 1722 312 1747 ν
324 1721 345 1747 ο
357 1721 378 1747 ο
389 1721 414 1746 υ
421 1721 453 1758 μ
463 1704 484 1746 ε’
488 1722 511 1746 ν
523 1720 543 1745 ο
555 1721 567 1744 ι
579 1719 599 1752 ς
626 1721 705 1744 uno
727 1710 920 1757 temporis
937 1715 1150 1747 momento.

399 1776 466 1812 19.
489 1769 538 1823 δή
567 1778 658 1824 post
676 1768 883 1823 ποταμούς
901 1773 1014 1825 ponit
1032 1774 1077 1811 F.
1098 1791 1151 1800 —
1180 1773 1351 1823 συνεχῶς
1376 1770 1467 1823 μὲν
1504 1768 1580 1824 γάρ
1618 1772 1690 1811 ad-

289 1839 371 1878 djto
388 1835 462 1888 μέν
477 1843 523 1876 ut
542 1838 573 1889 ξ.
587 1841 636 1875 16
667 1839 810 1877 Alex.
839 1839 888 1877 A.
909 1837 1016 1876 Cam.
1034 1840 1081 1877 P.
1102 1836 1142 1877 S.
1167 1837 1255 1876 Cas.
1277 1860 1330 1866 -—
1359 1834 1432 1876 κᾶν
1461 1835 1502 1876 δ’
1530 1835 1690 1889 ἀδήλως

287 1917 363 1955 pro
379 1901 445 1942 καὶ
466 1899 625 1954 ἀδήλως
642 1903 696 1942 N.
714 1923 768 1931 —
794 1904 927 1942 Locus
946 1904 1172 1943 Platonis
1201 1909 1260 1941 est
1278 1903 1489 1941 Phaedon.
1511 1917 1552 1954 p.
1565 1907 1639 1942 111
1656 1904 1689 1942 C

286 1981 371 2020 sqq.
426 1969 514 2007 Nos
537 1967 791 2006 adscribimus
807 1967 905 2007 haec
927 1970 1071 2008 verba:
1100 1960 1240 2015 τοῦτο,
1270 1964 1366 2019 ὅπερ
1386 1964 1567 2020 ’Όμηρος
1594 1964 1687 2016 εἶπε,

287 2031 410 2086 λέγων
438 2029 557 2072 αὐτό·
617 2031 746 2084 Τῆλε
781 2030 924 2084 μάλ’,
965 2025 1048 2087 ᾗχι
1075 2031 1337 2084 βάθιστον
1364 2028 1459 2072 ὕπὸ
1487 2030 1687 2083 χθόνος

288 2097 397 2138 ἐστὶ
430 2097 682 2152 βέρεθρον
719 2098 862 2150 (Iliad.
888 2096 947 2150 θ’,
968 2099 1070 2152 14.),
1109 2096 1130 2138 ὃ
1161 2097 1226 2137 καὶ
1255 2095 1403 2137 ἄλλοθι
1441 2097 1506 2137 καὶ
1542 2096 1686 2144 ἐκεῖνος

287 2163 351 2203 καὶ
379 2161 492 2203 ἄλλοι
519 2163 661 2204 πολλοὶ
688 2165 768 2204 τῶν
795 2167 968 2217 ποιητῶν
999 2162 1213 2219 Τάρταρον
1247 2162 1489 2215 κεκλήκασιν.
1529 2164 1583 2210 εἷς
1608 2162 1684 2217 γὰρ

286 2231 406 2272 τοῦτο
435 2227 480 2269 τὸ
505 2227 644 2281 χάσμα
671 2228 886 2283 συρρέουσί
907 2245 950 2271 τε
974 2229 1116 2277 πάντες
1144 2227 1182 2269 οἶ
1202 2229 1397 2281 ποταμοί,
1425 2229 1490 2270 καὶ
1517 2228 1560 2269 ἐκ
1589 2226 1685 2268 τοί·-

286 2309 360 2335 του
386 2293 504 2334 πάλιν
531 2293 673 2342 πάντες
701 2293 890 2349 ἓκρέουσι.
934 2297 1106 2350 γίνονται
1135 2294 1179 2336 δὲ
1207 2293 1363 2335 ἕκαστοι
1390 2298 1588 2344 τοιοῦτοι,
1623 2293 1679 2333 δι’

1027 2360 1275 2377 ,,,,,

285 2426 527 2466 τεῢθεν·καὶ
554 2425 695 2480 εἰσρεῖν
728 2426 859 2468 πάντα
885 2425 937 2467 τὰ
966 2425 1163 2483 ῥεύματα,
1205 2424 1267 2467 ὅτι
1292 2418 1478 2479 πυθῖιένα
1506 2424 1577 2466 οὐκ
1605 2424 1680 2477 ἔχει

286 2489 379 2531 οὐδὲ
395 2488 515 2543 βάσιν
533 2489 580 2531 τὸ
598 2487 719 2545 ὑγρὸν
737 2494 874 2544 τοῦτο,
903 2493 1104 2547 αἰωρεῖται
1128 2491 1178 2546 δὴ
1205 2493 1271 2534 καὶ
1299 2493 1474 2546 κυμαίνει
1502 2489 1584 2531 ἄνω
1614 2492 1680 2531 καὶ

286 2553 406 2596 κάτω.
444 2556 510 2596 καὶ
538 2553 558 2597 ὃ
589 2555 666 2611 ἀὴρ
706 2557 771 2598 καὶ
800 2556 846 2600 τὸ
873 2562 1026 2611 πνεῦμα
1053 2558 1099 2600 τὸ
1128 2559 1216 2613 περὶ
1243 2557 1362 2600 αὐτὸν
1388 2555 1534 2598 ταύτὸν
1561 2562 1676 2597 ποιεῖ.

284 2619 483 2668 ξυνέπεται
511 2620 586 2676 γὰρ
616 2621 725 2679 αὐτῷ
751 2623 817 2664 καὶ
845 2622 942 2666 ὅταν
969 2625 1026 2678 εἷς
1051 2623 1097 2665 τὸ
1116 2623 1290 2665 ἐπέκεινα
1315 2626 1386 2676 τῆς
1411 2626 1484 2676 γῆς
1508 2619 1676 2677 ὃρμῆσῃ,
1744 2633 1746 2635 ·

282 2686 347 2725 καὶ
374 2684 470 2726 ὅταν
496 2687 551 2735 εἷς
577 2686 622 2728 τὸ
649 2688 712 2728 ἐπὶ
738 2686 847 2730 τάδε.
875 2690 941 2731 καὶ
960 2680 1092 2744 ’περ
1120 2692 1199 2730 τῶν
1225 2685 1497 2730 ἀναπνεόντων
1522 2685 1581 2728 ἀεὶ
1609 2688 1675 2729 ἐκ·

221 2797 226 2799 ,
279 2756 371 2791 πνεῖ·
391 2767 433 2793 τε
460 2753 526 2793 καὶ
553 2751 721 2795 ἀναπνεῖ
742 2752 832 2810 ῥέον
857 2752 906 2798 to*v
934 2759 1111 2808 πνεῦμα,
1151 2752 1257 2795 οὕτω
1291 2753 1357 2794 καὶ
1396 2753 1477 2795 ἐκεῖ
1507 2755 1674 2804 ξυναιω·
