1774 3198
396 353 620 392 LIBRUM
650 353 980 394 SECUNDUM.
1040 356 1156 394 CAP.
1176 358 1256 396 IX.
1468 352 1560 397 615

116 469 300 521 quamvis
330 469 387 516 H,
420 470 469 514 9,
501 469 551 505 18
582 465 709 506 verbo
736 468 959 518 composito
990 465 1240 522 παρεικάζειν
1268 475 1422 522 utatur,
1453 472 1561 524 quod

119 536 158 575 h.
179 538 207 575 l.
229 534 425 588 praebent
442 534 493 572 A.
514 534 624 572 Cam.
645 535 693 574 B.
722 541 764 573 et
781 535 837 573 ita
854 535 933 574 iam
955 537 1159 588 corrigere
1177 537 1310 577 voluit
1339 539 1386 579 P.
1414 539 1559 580 Peti-

115 612 197 643 tus
226 603 406 642 Miscell.
435 603 596 641 XVIII.
625 605 785 654 p-136.
823 624 881 631 -—-
935 604 1002 642 De
1030 618 1077 643 re
1105 605 1179 645 cfr.
1207 605 1557 658 Theophrast.

114 673 165 710 de
186 673 286 723 igne
317 670 352 720 §.
378 673 446 709 69.
479 685 517 722 p.
541 673 660 725 729:¹
695 664 891 717 ὡσαύτως
920 668 965 710 δὲ
994 671 1060 711 καὶ
1090 669 1142 711 τὰ
1173 669 1274 720 ξύλα
1303 671 1481 726 καομὲνα
1507 690 1563 717 τα

110 737 188 790 μὲν
217 734 410 793 ῥήγνυται
441 736 506 777 καὶ
527 736 663 794 πηδᾷ,
691 733 743 776 τὰ
773 735 818 777 δὲ
847 741 994 791 συνεχῆ
1024 744 1133 779 ποιεῖ
1152 754 1243 780 τινα
1264 733 1427 796 ψόφον.
1466 742 1559 783 Κα-

113 808 227 845 ὶοῖσι
258 804 303 846 δε
335 803 372 845 οἱ
398 804 475 857 μὲν
505 807 623 859 γελᾶν
649 800 722 845 τὸν
742 802 1004 860 ἽΙφαιστον,
1036 804 1074 847 οἶ
1102 802 1143 846 δ’
1165 803 1350 848 ἀπειλεῖν.
1394 806 1455 850 ἀεὶ
1483 809 1558 863 μὲν

110 871 188 927 γὰρ
227 889 294 913 και
325 872 508 913 ἐιταῦθα
539 871 825 927 διαιρουμένου
854 876 930 914 τοῦ
956 870 1084 928 ὗγροῢ
1122 874 1189 915 καὶ
1231 871 1396 931 ἀθρόου
1433 893 1557 933 φερο-

109 940 234 993 μένου
270 937 374 993 μετὰ
409 941 506 994 βίας
544 936 611 981 ὃτὲ
644 939 721 992 μὲν
750 930 866 997 ῥῆξις
891 941 1039 995 γίνεται
1070 958 1136 982 και
1161 938 1360 996 πήδησις,
1412 941 1480 987 ὃτὲ
1512 945 1556 987 δὲ

109 1023 278 1062 συνεχης
306 1007 447 1064 ψόφος
475 1008 542 1049 καὶ
569 1005 787 1064 φλόγωσις.
859 1011 1231 1064 Pythagoraeorum
1263 1014 1430 1065 mystica
1466 1017 1555 1068 pla—

107 1079 183 1117 cita
214 1078 427 1130 significari
463 1084 604 1117 auctor
643 1084 704 1117 est
739 1079 776 1117 L
787 1079 883 1137 9be
896 1080 970 1119 ck.
1010 1078 1303 1131 Aglaopham.
1353 1083 1472 1122 Tom.
1502 1087 1552 1124 II.

106 1160 147 1198 p.
170 1148 266 1195 895,
297 1147 366 1184 ubi
386 1146 523 1186 laudat
545 1146 680 1184 locum
691 1174 703 1204 .’
733 1161 852 1199 quem
875 1154 915 1186 et
934 1148 1021 1200 ipse
1039 1154 1256 1186 statueram
1274 1148 1552 1199 adferendum,

105 1215 279 1265 Anah‘t.
296 1215 526 1253 Pas-terior.
553 1216 602 1260 Π,
636 1217 710 1252 10:
743 1213 779 1253 εἷ
802 1216 960 1269 βροντᾷ
992 1212 1346 1267 ἀποσβεννυμένου
1373 1219 1447 1256 τοῦ
1475 1233 1552 1257 πυ·-

106 1278 181 1335 ρὸς
209 1278 361 1334 ἀνάγκη
392 1280 510 1330 algent
538 1279 605 1320 καὶ
634 1285 788 1335 ψοφεῖν
817 1280 884 1321 καὶ
914 1279 990 1333 οὐχ
1040 1282 1257 1332 (voculam
1295 1283 1400 1323 bene
1440 1286 1551 1325 addit

104 1349 325 1388 Lobeck.
352 1362 394 1401 p.
417 1347 515 1399 893)
546 1344 682 1401 ὥσπερ
706 1346 745 1388 οἱ
765 1345 1054 1403 Πυθαγόρειοί
1079 1361 1219 1403 φασιν,
1250 1346 1416 1403 ἀπειλῆς
1438 1349 1550 1392 ἕνεκα

102 1421 188 1464 τοῖς
214 1414 258 1456 ἓν
288 1418 347 1472 τῷ
382 1412 587 1471 Ταρτάρῳ
617 1412 730 1463 ὅπως
759 1420 983 1471 φοβῶνται.
1024 1416 1147 1456 Plura
1164 1418 1438 1469 suppeditabit
1456 1421 1547 1459 Lo-

102 1486 330 1524 beckius.
388 1485 474 1525 Cfr.
503 1485 622 1523 etiam
652 1484 704 1523 ad
731 1486 765 1534 1,
795 1489 836 1533 8,
867 1488 908 1525 2.
938 1507 995 1514 —-
1023 1486 1139 1538 γενᾶν
1170 1498 1246 1537 pro
1274 1486 1394 1537 γελᾶν
1420 1489 1548 1540 prima

101 1567 224 1592 manu
254 1550 309 1592 N.

213 1657 255 1694 7.
285 1650 418 1700 οὕτως
446 1650 525 1707 γάρ
556 1654 599 1692 Ρ.
631 1659 672 1692 et
700 1654 755 1692 ita
788 1653 908 1692 Alex.
943 1655 977 1706 ᾗ.
1009 1657 1075 1693 11.
1119 1650 1252 1701 οὕτως
1278 1654 1350 1695 καί
1386 1659 1458 1697 cfr.
1496 1662 1543 1698 ad

102 1725 134 1768 I,
165 1726 204 1769 3,
238 1725 289 1761 10
320 1727 360 1760 et
390 1722 573 1774 pluribus
604 1722 690 1760 aliis
718 1722 829 1760 locis.
857 1744 915 1753 —-
954 1721 1186 1762 Articulum
1213 1729 1307 1763 ante
1328 1725 1402 1764 τοῦ
1425 1723 1545 1765 πνεύ-

99 1803 231 1840 ματος
260 1790 453 1828 omittunt
479 1792 525 1829 F.
547 1791 600 1829 H.
633 1796 726 1829 ante
755 1786 942 1842 γινομένη
975 1791 1092 1842 ponit
1121 1791 1176 1830 N.
1208 1812 1259 1819 —-
1291 1790 1545 1843 ἐμπίπτουσα

101 1870 176 1908 pro
206 1855 473 1896 εἴσπίπτουσα
501 1859 556 1896 II.
579 1856 632 1896 N.
653 1880 710 1888 —
739 1858 948 1896 Articulus
971 1865 1067 1896 ante
1097 1855 1231 1912 ψόφοι
1261 1860 1374 1898 deest
1399 1861 1443 1899 in
1473 1875 1542 1900 co-
1586 1864 1592 1869 '

100 1925 188 1963 dice
207 1927 257 1964 F.
288 1948 345 1953 —
372 1921 441 1964 διά
469 1932 560 1963 ante
588 1921 663 1971 τοὶς
690 1922 842 1977 μεταξὺ
873 1925 1030 1972 κοιλίας
1054 1926 1166 1965 abest
1192 1928 1233 1965 in
1262 1929 1318 1965 Η.
1346 1927 1420 1967 Ν.’;
1452 1930 1548 1981 qui-1

98 1993 172 2031 bus
195 1992 246 2031 de
267 1993 506 2031 cavitatibus
534 1994 607 2032 cfr.
632 1992 682 2031 ad
710 1995 762 2040 ΙΙ,
788 1994 827 2042 4,
850 1996 913 2031 16.
938 2015 994 2021 —
1021 1984 1219 2047 {Jomit‘tit
1238 1996 1285 2034 E.

210 2100 248 2135 9.
283 2096 456 2134 Fulmen
485 2102 577 2147 post
605 2095 762 2133 tonitru
796 2094 886 2133 fieri
919 2101 1103 2133 constans
1141 2101 1200 2133 est
1232 2103 1417 2138 veterum
1449 2100 1539 2151 opi-

97 2162 179 2201 nio.
236 2159 325 2201 Cfr.
366 2163 417 2200 de
442 2162 592 2200 mundo
631 2175 666 2201 c.
701 2162 738 2200 4.
779 2175 821 2213 p.
850 2165 956 2208 395,
980 2175 1024 2200 a:
1062 2158 1167 2201 κατὰ
1198 2161 1242 2202 δὲ
1272 2161 1348 2216 τὴν
1377 2166 1451 2204 τοῦ
1474 2162 1538 2205 νὲ-

98 2243 203 2283 φους
242 2225 399 2281 ἕκρηξιν
427 2226 623 2282 πυρωθὲν
651 2225 698 2268 τὸ
728 2230 886 2279 πνεῦμα
916 2228 982 2268 καὶ
1013 2225 1186 2280 λάμψαν
1214 2226 1402 2284 ἀστραπὴ
1432 2229 1539 2285 λέγε-

97 2311 177 2336 ται.
210 2293 230 2336 ὃ
257 2293 305 2348 δὴ
338 2292 537 2349 πρότερον
564 2296 639 2347 τῆς
665 2296 842 2348 βροντῆς
871 2293 1088 2348 προέπεσεν
1116 2293 1287 2350 ὕστερον
1314 2295 1538 2351 γενόμενον,

98 2362 181 2403 ἐπεὶ
221 2360 268 2403 τὸ
308 2360 508 2403 ἀκουστὸν
544 2358 622 2401 ὑπὸ
660 2363 735 2402 τοῦ
774 2358 926 2416 ὁρατοῦ
964 2361 1114 2416 πέφυκε
1156 2361 1419 2417 φθάνεσθαι,
1464 2369 1538 2405 τοῦ

97 2430 172 2483 μὲν
211 2430 277 2471 καὶ
316 2427 535 2483 πόρρωθεν
574 2425 807 2483 δρωμένου,
854 2432 929 2470 τοῦ
964 2428 1009 2470 δὲ
1046 2428 1208 2471 ἐπειδὰν
1245 2429 1450 2486 ἐμπελάσῃ
1487 2435 1537 2487 τῇ

98 2498 222 2554 ἀκοῇ,
259 2498 326 2538 καὶ
354 2495 534 2550 μάλιστα
563 2493 664 2537 ὅταν
691 2495 738 2538 τὸ
764 2496 840 2549 μὲν
867 2496 1060 2549 τάχιστον
1087 2492 1114 2553 ᾖ
1143 2501 1224 2539 τῶν
1252 2496 1403 2550 ὄντων,
1436 2498 1536 2553 λέγω

98 2567 143 2608 δὲ
172 2565 219 2607 τὸ
249 2567 458 2621 πυρῶδες,
497 2563 544 2605 τὸ
577 2563 621 2605 δὲ
650 2557 773 2618 ἧττον
801 2563 925 2618 ταχύ,
967 2564 1142 2620 ἀερῶδες
1169 2563 1236 2618 ὅν,
1277 2564 1319 2606 ἓν
1347 2569 1397 2621 τῇ
1434 2563 1538 2619 πλή-

98 2636 154 2684 ξει
190 2631 294 2689 πρὸς
334 2631 460 2686 ἀκοὴν
497 2631 804 2688 ἀφικνούμενον.
849 2631 897 2674 τὸ
931 2632 976 2674 δὲ
1005 2631 1225 2687 ἀστράψαν
1253 2631 1536 2687 ἀναπυρωθέν,

97 2702 240 2754 βιαίως
268 2700 361 2757 ἄχρι
389 2703 463 2754 τῆς
489 2703 561 2754 γῆς
590 2699 795 2751 διεκθέον,
841 2699 1036 2755 κεραυνὸς
1073 2703 1265 2742 καλεῖται.
1323 2704 1493 2743 Lucre
1504 2710 1534 2742 t.

98 2773 174 2819 VI,
193 2773 273 2811 164
291 2785 377 2823 sqq.
437 2771 608 2810 Senec.
634 2771 809 2821 Quaest.
829 2778 922 2809 nat.
953 2773 1004 2819 ΙΙ,
1034 2774 1100 2809 12.
1159 2770 1279 2808 Plin.
1308 2771 1424 2809 Hist.
1443 2778 1535 2810 nat.

100 2840 156 2888 11,
174 2840 238 2878 55.
266 2839 414 2879 Alex.
431 2838 614 2889 ProbLL
628 2841 694 2878 38.
715 2838 891 2885 fol.6,b.
921 2858 977 2867 --
1005 2835 1077 2878 καί
1101 2843 1193 2877 ante
1220 2833 1390 2892 ὕστερον
1417 2837 1538 2877 omit-
