1774 3198
394 396 620 437 LIBRUM
647 396 975 436 SECUNDUM.
1034 396 1151 437 GAP.
1169 397 1279 437 VIII.
1464 388 1559 433 599

119 519 239 561 erat,
280 525 374 550 eum
401 518 521 550 stata
550 513 642 550 vice
674 511 867 549 Oceanus
897 517 1151 549 exaestuans
1178 509 1324 548 invehi
1350 513 1490 562 eoepit
1517 520 1557 550 et

119 588 232 618 retro
253 580 421 630 flumen
450 594 600 631 urgere
609 594 627 626 ;
665 578 848 631 quamvis
879 578 947 618 alii
974 578 1122 618 rectius
1150 576 1455 630 phaenomenon
1483 579 1556 618 de-

119 648 380 700 scripserint,
419 648 548 690 voluti
578 646 778 686 Plinius
807 647 923 685 Hist.
944 653 1034 686 nat.
1062 649 1118 696 H,
1149 649 1226 696 97,
1285 644 1477 686 Seneca
1506 648 1584 709 0³⁶⁷,

112 715 353 765 provident.
385 729 421 755 e.
445 719 482 755 1.
524 717 696 767 Quaest.
717 721 856 752 natur.
877 715 946 763 III,
969 717 1038 753 28.
1094 715 1143 754 In
1163 714 1334 766 EuripO,
1362 714 1412 754 ad
1436 728 1554 766 quem

118 797 217 821 mox
236 783 422 835 procedit
444 783 720 823 Aristotelicus
743 795 898 831 sermo,
926 788 997 820 aut
1015 781 1134 821 valde
1161 782 1402 834 irregulares
1421 782 1556 822 fluxus

118 857 188 889 aut
217 853 349 890 nullos
377 857 485 890 certa
511 865 564 890 ex
590 852 678 902 lege
710 850 919 890 observari
946 850 1238 891 contendebant
1265 857 1437 890 veteres.
1483 852 1554 890 cfr.

119 917 270 957 strab
283 933 355 958 on.
384 920 417 958 1.
447 934 489 972 p.
516 922 568 960 95
592 920 637 959 C.
673 920 753 958 IX.
782 933 821 971 p.
842 922 922 958 618
952 920 1000 958 Β.
1058 918 1186 957 Plin.
1216 919 1386 957 Hister.
1408 926 1554 961 natur.

116 989 174 1036 II,
197 990 265 1026 97.
310 986 548 1040 Pompon.
578 988 696 1027 Mel.
728 987 777 1025 de
796 988 866 1025 sit.
889 986 977 1025 orb.
1003 989 1062 1036 H,
1081 989 1121 1026 7.
1151 986 1261 1025 Liv.
1283 988 1492 1035 XXVIII,
1514 989 1551 1026 6.

120 1054 298 1093 Omnino
328 1056 402 1095 cfr.
437 1057 582 1095 Traite'
610 1053 665 1094 du
679 1055 780 1105 flux·
810 1062 850 1093 et
871 1054 926 1092 du
944 1055 1086 1105 reflux
1106 1053 1156 1091 de
1175 1055 1221 1093 la
1241 1069 1329 1093 mer
1354 1068 1429 1107 par
1451 1055 1553 1093 La-

116 1121 286 1162 lande.
317 1124 429 1163 Paris
447 1126 568 1163 1781.
589 1124 629 1162 4.
651 1137 690 1175 p.
714 1122 947 1162 148—151
972 1122 1022 1161 de
1035 1121 1180 1173 Euripi
1201 1120 1316 1160 fluxu
1333 1128 1374 1161 et
1390 1121 1553 1162 refluxu

116 1191 337 1229 secundum
365 1192 610 1230 recentiores
640 1190 850 1256 opiniones
875 1190 1002 1229 fusius
1028 1190 1289 1228 disserentem
1309 1187 1362 1240 *).
1391 1210 1448 1216 —-
1475 1186 1552 1236 ἔξω

116 1271 195 1310 pro
217 1255 371 1306 ἔξωθεν
389 1259 442 1297 Η.
462 1259 519 1297 Ν.
549 1272 722 1310 quorum
740 1258 939 1310 posterior
960 1256 1106 1295 deinde
1122 1255 1288 1295 exhibet
1317 1253 1366 1296 ἄν
1389 1271 1463 1309 pro
1482 1252 1552 1295 ἐάν

119 1347 170 1352 -
201 1322 368 1379 ἰσχυρόν
396 1340 471 1378 pro
497 1322 756 1379 ἰσχυρότερον
774 1326 822 1365 F.
855 1320 1118 1379 ἴσχυρότερον
1138 1325 1188 1364 Α.
1208 1325 1315 1364 Cam.
1333 1324 1401 1376 qui
1419 1331 1552 1363 tamen

118 1407 212 1432 mox
231 1394 425 1447 praebent
441 1389 715 1448 ἰσχυρότατοι.

229 1466 270 1503 8.
296 1464 434 1513 Quam
461 1461 534 1500 hac
557 1462 592 1512 §.
620 1461 800 1513 regulam
828 1461 1021 1513 proponit
1038 1460 1298 1509 Aristoteles,
1329 1473 1414 1499 eam
1433 1460 1550 1499 etiam

116 1529 168 1568 de
188 1530 382 1579 Calabria,
414 1530 522 1568 freto
546 1530 680 1568 Siculo
699 1528 846 1578 vicina,
867 1530 1018 1568 valent.
1075 1528 1304 1567 Articulum
1325 1534 1415 1566 ante
1439 1526 1553 1579 ἰσχυ-

117 1593 283 1650 ρότατοι
302 1598 493 1636 omittunt
511 1599 557 1636 F.
583 1597 704 1636 Alex.
721 1597 793 1636 fol.
816 1600 908 1646 107,
924 1597 967 1636 b.
999 1592 1251 1650 ἰσχυρότεροι
1279 1594 1474 1635 exhibent
1495 1596 1548 1636 H.

116 1666 172 1703 N.
193 1687 250 1694 —
295 1665 435 1705 Verba
462 1661 486 1716 ἦ
509 1661 704 1703 θάλασσα
734 1660 894 1719 ῥοώδης
927 1660 952 1716 ἤ
983 1665 1133 1704 omittit
1161 1667 1210 1704 F.
1250 1659 1466 1712 θάλαττα,
1507 1669 1552 1702 ut

113 1733 217 1772 solet
246 1733 300 1773 N.
947 1774 949 1776 .

230 1805 269 1840 9.
299 1797 368 1840 τὸν
388 1796 688 1859 Ἑλλήσποντον
717 1801 853 1840 addito
881 1802 1048 1841 articulo
1075 1801 1199 1847 Alex.
1222 1801 1295 1841 fol.
1320 1804 1413 1851 107,
1430 1800 1466 1839 b.
1497 1801 1549 1839 A.

116 1868 226 1908 Cam.
246 1869 292 1907 P.
320 1870 361 1909 S.
416 1870 482 1908 De
510 1869 660 1909 Achaia
689 1870 762 1910 cfr.
791 1871 969 1909 Senec.
1004 1872 1177 1922 Quae-st.
1197 1876 1289 1908 nat.
1321 1870 1393 1918 VI,
1419 1872 1456 1917 1,
1486 1872 1550 1917 11,

161 1977 202 2023 ²⁴¹)
227 1979 319 2013 Nota
335 1985 407 2024 est,
433 1992 537 2024 quam
559 1982 701 2015 tradere
724 1982 858 2024 solent,
892 1982 1012 2016 fabula
1022 2008 1034 2026 ,
1068 1979 1299 2015 Aristotelem
1330 1991 1409 2014 cnm
1432 1980 1550 2015 fluxus

203 2034 240 2069 in
264 2035 397 2081 Euripo
422 2038 520 2084 leges
545 2038 703 2083 reperire
730 2038 895 2083 nequiret
906 2065 918 2083 ‚
951 2039 989 2073 in
1012 2038 1184 2086 gurgitem
1215 2038 1399 2072 desiluisse
1434 2049 1550 2083 eoque

201 2093 310 2127 modo
333 2092 440 2130 vitam
458 2094 630 2130 finivisse.
671 2097 769 2143 Quos
786 2102 905 2130 tamen
922 2097 1087 2142 adlegant
1109 2101 1218 2129 testes
1234 2094 1351 2128 Iusti
1362 2106 1397 2128 n.
1419 2096 1549 2128 Cohors.

206 2151 252 2183 aa
265 2151 386 2184 Graec.
407 2162 443 2194 p.
468 2153 513 2186 33
538 2151 620 2186 edit.
632 2153 817 2187 Benedict.
845 2154 876 2186 G
885 2164 904 2186 r
913 2164 933 2186 e
943 2163 964 2200 g
974 2163 996 2187 ο
1006 2164 1037 2186 r.
1067 2153 1099 2185 N
1109 2163 1128 2185 a
1139 2151 1211 2185 zia
1220 2162 1298 2184 nze
1306 2162 1341 2185 n.
1369 2153 1465 2185 Orat.
1476 2153 1547 2188 ΙΙΙ,

206 2208 287 2240 adv.
314 2210 437 2241 Iulian.
463 2219 498 2251 p·
523 2209 581 2250 79,
600 2209 638 2243 b.
663 2209 748 2243 edit.
771 2210 812 2242 M
823 2219 845 2242 o
856 2210 958 2242 rell.
994 2210 1137 2242 fabulae
1161 2208 1220 2242 isti
1242 2218 1463 2252 nequaquam
1486 2219 1549 2251 pa-

205 2261 374 2296 trocinari
383 2289 394 2306 ,
427 2274 494 2297 nec
517 2264 587 2298 nisi
610 2276 658 2299 ex
681 2266 773 2299 male
795 2264 985 2299 intellectis
1008 2265 1166 2309 ipsorum
1192 2264 1313 2300 verbis
1335 2270 1447 2306 ortam
1470 2275 1548 2299 esse

207 2319 329 2353 docuit
352 2319 422 2354 iam
449 2321 478 2353 B
491 2322 589 2365 ayle
612 2324 706 2355 Dict-
731 2324 802 2357 crit.
824 2329 888 2356 art.
911 2321 990 2357 Ari
1002 2327 1133 2359 stote.
1157 2328 1223 2355 not.
1247 2322 1288 2354 Z.
1335 2322 1417 2355 Huc
1438 2321 1549 2365 perti-

209 2381 271 2409 net
283 2377 398 2420 locus,
422 2389 527 2421 quem
549 2380 706 2412 nondum
729 2378 805 2414 vidi
821 2378 1024 2420 excitatum,
1050 2379 1078 2411 E
1088 2390 1111 2410 ιι
1123 2383 1160 2412 st
1170 2389 1189 2411 a
1198 2383 1212 2412 t
1221 2377 1285 2412 hii
1305 2379 1349 2412 ad
1362 2378 1443 2412 Dio
1454 2389 1476 2411 ιι
1485 2389 1547 2422 ys.

204 2433 232 2466 P
243 2443 291 2466 er
301 2431 341 2467 ie
351 2444 400 2480 ge
411 2438 436 2471 t.
460 2445 498 2469 v.
508 2433 589 2469 473.
612 2447 647 2479 p.
663 2437 739 2471 189.
766 2437 821 2470 ed.
833 2436 862 2470 B
875 2447 920 2470 er
929 2447 953 2468 n
963 2436 988 2468 h
997 2446 1043 2469 ar
1053 2436 1075 2468 d
1084 2447 1109 2480 y
1120 2446 1128 2468 t
1155 2431 1411 2479 [μεταβάλλει]
1427 2431 1548 2467 ἑπτά-

205 2498 260 2523 κις
283 2486 332 2522 τό
366 2483 388 2522 δ’
402 2487 478 2523 λον
512 2488 819 2536 νυχθήμερον
846 2488 868 2525 o‘
892 2494 976 2535 περὶ
999 2489 1164 2537 Εὔβοιαν
1186 2488 1367 2535 Εὔριπος,
1398 2494 1480 2536 περὶ
1505 2486 1548 2524 ὅν

205 2557 296 2588 φασι
323 2541 572 2591 διατρίψαντα
604 2545 670 2582 τᾶν
697 2547 956 2593 Ἀριστοτέλην
987 2546 1190 2583 καταλῦσαι
1217 2545 1281 2582 τὸν
1316 2549 1418 2592 βίον,
1453 2548 1548 2582 unde

204 2601 310 2636 simul
333 2603 559 2646 explicentur
572 2605 683 2639 verba
706 2605 777 2639 Str
786 2617 806 2639 a
818 2606 838 2639 b
847 2616 868 2639 ο
877 2604 946 2639 nis
968 2606 990 2639 l.
1007 2605 1206 2650 posteriore
1233 2616 1254 2638 a
1267 2603 1370 2639 nobis
1386 2605 1546 2639 laudato:

204 2662 289 2703 περὶ
314 2656 350 2693 δὲ
373 2657 432 2701 τῆς
454 2657 670 2704 παλιρροίας
687 2658 751 2696 ‘tois'
762 2657 926 2705 Εὸρίπου
940 2659 1108 2697 τοσοῦτον
1129 2660 1245 2706 μόνον
1268 2658 1385 2696 εἰπεῖν
1406 2657 1548 2706 ἱκανόν,

211 2711 271 2751 ὅτι
294 2714 448 2750 ἑπτάκις
469 2714 713 2762 μεταβάλλειν
736 2720 824 2762 φασὶ
859 2731 880 2751 κ
893 2713 978 2751 αθ’
1007 2715 1067 2762 ἧμ
1079 2717 1127 2763 ἐρ
1139 2732 1162 2752 α
1175 2731 1196 2752 ν
1228 2716 1275 2752 ἑκ
1288 2714 1312 2751 α’
1326 2729 1409 2760 στη
1420 2730 1440 2751 ν
1473 2720 1548 2751 καὶ

207 2784 229 2806 ν
240 2769 261 2804 ὖ
272 2785 292 2805 κ
305 2786 326 2807 τ
336 2786 358 2806 α
376 2799 387 2816 ,
422 2773 482 2806 ubi
506 2779 684 2817 postrema
706 2775 817 2810 verba
840 2774 929 2808 nihil
955 2773 1047 2807 aliud
1076 2775 1270 2822 significant
1280 2800 1290 2817 ‚
1331 2785 1434 2819 qnam
1458 2775 1551 2818 qnod

207 2828 236 2861 E
246 2840 270 2861 u
279 2840 296 2863 s
307 2835 321 2864 t
330 2841 349 2863 a
362 2826 429 2864 th‘i
440 2842 463 2863 u
472 2842 488 2864 s
513 2830 709 2875 expressit:
735 2827 780 2864 τδ
801 2827 884 2866 ὅλον
899 2828 1142 2875 νυχθήμερον.
1156 2849 1199 2857 -
1223 2831 1332 2869 Adde
1344 2830 1550 2871 Perizon-

217 2885 262 2919 ad
286 2885 322 2920 A
332 2887 431 2922 elia
441 2899 478 2922 n.
504 2886 570 2929 111,
594 2889 650 2923 36.
697 2888 721 2922 S
734 2893 747 2922 t
758 2889 835 2922 ahr
856 2890 1023 2923 Aristotel.
1051 2888 1136 2923 Vol.
1151 2889 1179 2922 1.
1204 2900 1236 2933 p.
1250 2889 1326 2924 155.
