1774 3198
238 404 330 447 502
452 408 899 450 COMMENTARIUS
927 409 987 447 IN
1008 407 1414 446 METEOROLOG.

237 536 346 568 τινας
374 517 616 574 ὡρισμένους
643 515 815 571 καιρούς.
845 532 878 557 o.
891 518 929 556 4.
984 519 1116 567 Quam
1136 517 1365 556 sententiam
1388 517 1530 556 deinde
1550 519 1638 557 iure

237 589 408 639 amplexi
438 593 530 625 sunt
559 585 809 637 posteriores.
871 584 955 623 Cfr.
990 585 1023 622 F
1035 584 1050 622 l
1062 583 1184 622 orid.
1214 583 1263 622 ad
1290 585 1328 623 A
1339 584 1438 634 pul.
1474 597 1518 635 P·
1545 587 1638 623 731.

238 654 515 693 Beckmann
546 652 596 690 ad
625 652 796 690 Aristo
807 659 836 690 t.
867 652 915 689 de
935 650 1118 689 mirabil.
1138 650 1308 688 auscult.
1338 662 1371 687 c.
1390 650 1455 688 56.
1484 663 1523 700 p.
1547 654 1638 688 113.

237 719 407 757 Davis.
431 718 480 755 ad
499 719 726 757 Ciceron.
748 717 796 755 de
815 725 902 755 nat.
919 716 1028 755 deor.
1045 718 1146 764 11,7.
1175 716 1307 755 Bake
1327 714 1376 752 ad
1396 715 1514 754 Cleo
1526 715 1642 753 med.

238 767 286 832 1¹1,
309 787 346 821 1.
375 797 415 834 p.
434 784 527 822 416.
551 805 605 810 -
632 780 704 834 τὴν
733 779 773 821 ἒν
795 784 852 838 τῷ
880 783 1024 822 πλατεῖ
1048 780 1203 832 (scribit
1220 777 1377 834 πλατῷ)
1405 777 1559 833 πελάγει
1576 795 1644 832 μι-

240 845 338 901 κρὰν
358 847 606 889 ταλάντωσιν
627 850 757 889 voluit
782 850 819 889 A
829 864 850 888 c
860 863 882 888 c
890 863 913 887 o
922 863 944 888 r
953 863 974 887 a
984 863 1023 887 m
1034 849 1059 886 b
1069 862 1092 886 o
1102 862 1164 886 nu
1174 860 1204 885 s·
1220 860 1259 898 p.
1281 847 1377 887 479.

351 964 415 1000 12.
443 962 514 1013 γῆς
539 961 668 1012 prima
695 974 813 999 manu
832 960 963 998 omisit
983 961 1030 998 E.
1059 981 1104 988 -··
1135 961 1336 1009 Deceptus
1357 956 1503 1008 duplici
1523 952 1586 1010 ῥεῖ’
1598 958 1643 995 F.

238 1027 278 1064 in
299 1033 488 1065 contextu
504 1028 646 1066 verba:
677 1026 742 1066 καὶ
761 1028 841 1066 τῶν
868 1027 1061 1076 ποταμῶν
1081 1053 1090 1062 .
1106 1052 1117 1063 .
1136 1051 1146 1063 .
1167 1053 1177 1063 .
1196 1051 1211 1082 ἵ.
1233 1052 1242 1062 .
1276 1019 1439 1062 Πόντον
1458 1018 1522 1075 ῥεῖ’
1545 1022 1646 1060 omi·
1674 1040 1675 1043 ¹

239 1092 298 1140 sit,
329 1093 400 1130 sed
420 1094 463 1131 in
485 1094 657 1143 margine
678 1093 838 1132 addidit.
865 1114 921 1121 -—
957 1092 1182 1131 Articulum
1203 1096 1292 1128 ante
1313 1089 1504 1139 ποταμῶν
1519 1089 1648 1139 prima

198 1211 201 1213 v
240 1170 359 1196 manu
378 1158 509 1196 omisit
526 1158 582 1199 N.
603 1181 659 1188 —-
692 1156 738 1197 τὸ
756 1157 928 1210 Αἰγαῖον
956 1158 1190 1208 Alex-fol.
1214 1160 1280 1202 92,
1300 1169 1322 1193 a
1350 1156 1392 1193 in
1411 1160 1524 1193 textu
1546 1154 1647 1192 etin

238 1223 586 1275 interpretatione,
615 1225 668 1262 N.
695 1224 746 1263 A.
776 1226 845 1263 Er.
877 1222 917 1262 S.
947 1225 1033 1262 Cas.
1066 1244 1121 1250 —-
1161 1219 1211 1260 τὰ
1240 1218 1278 1260 δ’
1307 1217 1384 1271 ἤδη
1413 1234 1488 1272 pro
1517 1217 1648 1259 πάντα

240 1285 279 1325 δ’
299 1285 375 1340 ἤδη
403 1287 456 1328 τά
482 1291 532 1328 Η.
562 1291 612 1328 Ν.
645 1310 698 1317 —-
742 1291 806 1328 De
837 1288 980 1340 palude
1006 1287 1207 1327 Maeotide
1230 1288 1272 1325 in
1298 1288 1492 1332 Pontum,
1522 1286 1649 1337 deque

239 1355 368 1391 Ponto
390 1355 434 1392 in
455 1356 631 1406 Aegeum
654 1369 762 1393 mare
783 1355 1013 1403 fluentibus,
1042 1354 1106 1392 adi
1124 1354 1242 1392 etiam
1262 1351 1647 1403 Agathemerum

242 1419 390 1471 Geogr.
410 1422 589 1471 Epitom.
618 1423 680 1469 ΙΙ,
712 1424 774 1459 14.
803 1434 843 1472 p.
880 1424 931 1460 57
970 1420 1032 1458 ed.
1061 1419 1293 1464 Hudson,
1329 1418 1396 1469 qui
1423 1418 1648 1456 Aristotelis

239 1486 362 1524 verba
382 1493 472 1525 ante
490 1489 623 1526 oculos
643 1486 796 1536 habuit,
826 1500 914 1524 cum
931 1486 1100 1524 diceret:
1130 1481 1247 1537 Πρὸς
1275 1482 1317 1523 δὲ
1347 1481 1420 1534 τὴν
1448 1480 1647 1535 Εὐρώπην

243 1547 380 1604 [ὅρος]
412 1548 433 1591 ὃ
458 1550 607 1600 Τάναϊς
634 1549 815 1604 ποταμὸς
849 1551 904 1598 εἷς
929 1548 1001 1602 τὴν
1031 1550 1219 1590 Μαιῶτιν
1251 1545 1460 1600 ἐμβάλλων
1490 1548 1645 1600 λίμνην,

239 1612 263 1667 ἡ
284 1615 327 1656 δὲ
344 1617 399 1664 εἷς
415 1616 486 1658 τὸν
502 1617 685 1667 Εὔξεινον
714 1616 919 1672 ἐκφέρεται
948 1614 1120 1667 Πόντον,
1152 1608 1271 1662 οὗτος
1300 1615 1343 1655 δὲ
1368 1614 1422 1661 εἷς
1442 1612 1514 1666 τὴν
1532 1616 1647 1668 Προ-

242 1683 434 1731 ποντίδα,
462 1681 487 1737 ἡ
510 1684 554 1725 δὲ
582 1686 638 1732 εἷς
663 1684 734 1725 τὸν
754 1682 1070 1735 Ἑλλήσποντον,
1106 1680 1205 1734 μεθ’
1240 1679 1284 1722 ὃν
1311 1678 1357 1721 τὸ
1388 1680 1560 1733 Αἴγαῖον
1589 1679 1651 1719 ἐπὶ

241 1750 492 1804 μεσημβρίαν
520 1748 669 1803 ὁμοίως
699 1750 969 1791 ἀναπέπταται
999 1748 1168 1802 πέλαγος
1208 1755 1269 1794 et,
1312 1749 1380 1800 qui
1405 1748 1519 1786 docte
1544 1748 1652 1785 hisce

243 1815 293 1851 de
314 1817 433 1855 rebus
460 1818 928 1857 disseruithitterum
961 1817 1158 1857 Vorlzalle
1186 1829 1225 1866 p.
1251 1818 1341 1854 166.
1373 1837 1429 1844 -
1485 1815 1649 1864 Dignus,

242 1882 308 1931 qui
332 1882 575 1922 adscribatur
598 1886 707 1922 locus
736 1891 794 1923 est
822 1883 1044 1923 Macrob.
1076 1883 1243 1919 Saturn.
1273 1882 1370 1928 VII,
1393 1882 1455 1918 12.
1486 1893 1526 1930 p.
1550 1880 1650 1917 436:

245 1947 366 1996 Quod
382 1946 614 1987 Herodotus
641 1950 915 1987 historiarum
942 1950 1118 2000 scriptor
1141 1953 1287 1983 contra
1307 1947 1488 1983 omnium
1502 1944 1650 1999 ferme,

244 2014 317 2062 qui
334 2013 439 2050 haec
460 2016 762 2065 quaesiverunt,
786 2016 1012 2065 opinionem
1033 2012 1209 2060 scripsit,
1237 2024 1351 2048 mare
1367 2012 1649 2060 Bosporicum,

243 2079 353 2127 quod
372 2086 411 2116 et
420 2080 683 2118 Cimmerium
699 2082 921 2131 appellant,
947 2090 1165 2128 earumque
1180 2078 1369 2126 partium
1389 2090 1501 2114 mare
1527 2089 1650 2123 omne,

246 2142 354 2193 quoti
385 2146 616 2195 Scythicum
649 2146 828 2192 dicitur,
874 2146 922 2183 id
949 2143 1045 2196 gelu
1077 2143 1307 2192 constringi
1337 2156 1383 2179 ac
1414 2144 1651 2186 consistere,

247 2210 371 2247 aliter
400 2219 478 2258 est,
513 2226 636 2263 quam
657 2219 841 2261 putatur.
897 2213 1013 2250 Nam
1039 2223 1120 2247 non
1149 2210 1320 2246 marina
1353 2222 1459 2258 aqua
1487 2214 1652 2244 contra—

245 2274 382 2322 hitur,
420 2278 494 2314 sed
516 2280 616 2328 quia
646 2279 865 2330 plurimum
895 2279 939 2314 in
970 2277 1051 2313 illis
1071 2272 1307 2326 regionibus
1330 2274 1563 2323 fluviorum
1592 2279 1652 2309 est

247 2354 298 2377 ac
320 2343 524 2391 paludum
557 2345 599 2380 in
635 2345 728 2392 ipsa
758 2344 895 2380 maria
926 2343 1201 2396 influentium,
1240 2339 1476 2388 superficies
1511 2339 1652 2387 maris,

247 2409 314 2444 cui
342 2408 476 2445 dulces
504 2422 636 2459 aquae
667 2410 885 2457 innatant,
926 2405 1202 2458 congelascit.-
1244 2412 1283 2442 et
1314 2403 1510 2442 incolumi
1537 2416 1652 2454 aqua

246 2474 413 2510 marina
441 2474 602 2511 videtur
628 2475 671 2511 in
690 2476 799 2511 mari
815 2474 930 2524 gelu,
961 2475 1032 2511 sed
1046 2474 1093 2510 de
1114 2473 1282 2510 advenis
1301 2471 1422 2509 undis
1451 2475 1651 2508 coactum.

253 2541 341 2576 Hoc
362 2547 401 2576 et
423 2542 469 2576 in
497 2537 625 2576 Ponto
646 2539 746 2592 fieri
771 2539 974 2585 videmus,
1013 2541 1058 2576 in
1089 2552 1167 2589 quo
1189 2538 1340 2593 frusta
1369 2535 1566 2587 quaedam
1597 2540 1651 2578 et,

249 2612 292 2641 ut
312 2607 374 2641 ita
393 2604 590 2651 dixerim,
613 2607 824 2653 prosiciae
839 2606 1007 2656 gelidae
1014 2603 1216 2659 feruntur
1239 2608 1477 2640 contractae
1499 2599 1546 2635 de
1558 2599 1651 2648 flu-

249 2670 421 2707 vialium
445 2672 512 2709 vel
527 2673 772 2721 palustrium
794 2673 997 2709 undarum
1016 2670 1286 2707 multitudine.
1313 2688 1368 2696 --
1425 2662 1652 2701 Plurimum

250 2744 384 2772 autem
423 2750 628 2787 aquarum
667 2738 814 2774 talium
853 2738 1027 2787 influere
1066 2738 1197 2774 Ponto
1234 2740 1274 2771 et
1307 2738 1438 2769 totam
1477 2728 1651 2781 superfi-

249 2801 352 2837 ciem
380 2804 464 2839 eius
488 2802 684 2857 infectam
707 2817 789 2841 esse
811 2800 920 2840 dulci
947 2803 1105 2851 liquore
1130 2806 1297 2851 praeter
1319 2797 1429 2847 quod
1446 2797 1510 2833 ait
1542 2794 1652 2832 Sab-
