1812 3158
320 345 410 391 352
532 353 976 396 COMMENTARIUS
1003 355 1062 396 IN
1090 356 1494 399 METEOROLOG.

319 466 449 504 σθαι
483 463 832 504 συνίστασθαι
867 462 926 503 τὰ
967 463 1093 518 νέφη
1141 467 1399 517 negligentius
1436 470 1579 520 scripta
1612 477 1718 510 sunt.

319 532 399 569 Sed
430 531 531 569 nihil
561 531 810 569 mutandum:
851 532 1037 582 repetitio
1069 533 1174 570 enim
1210 532 1383 571 eiusdem
1410 535 1592 573 vocabuli
1618 537 1722 575 intra

316 597 593 636 brevissimum
620 597 788 647 spatium
810 610 891 635 non
911 598 1024 644 mira,
1054 611 1182 649 neque
1199 599 1426 649 infrequens
1444 600 1549 651 apud
1568 601 1724 639 Aristo-

315 665 450 708 telem,
468 664 702 714 scriptorem
720 664 910 702 sermonis
929 665 1138 716 elegantiae
1159 678 1240 702 non
1260 665 1473 704 admodum
1492 665 1723 712 studiosum,

316 735 361 767 ut
380 730 497 767 etiam
518 730 688 768 maiores
711 730 968 782 cacophonias
998 744 1080 769 non
1101 731 1216 770 vitet.
1275 732 1357 770 Cfr.
1385 733 1496 770 Zell
1525 733 1574 770 ad
1605 733 1724 770 Ari-

316 801 431 834 stot.
468 794 604 834 Ethic.
627 797 790 837 Nicom.
819 797 935 835 Tom.
959 799 1010 836 H.
1038 811 1079 848 p.
1100 801 1188 835 100.
1246 797 1359 836 Talia
1379 798 1485 849 apud
1503 799 1619 849 longe
1642 799 1724 836 ele—

316 863 513 912 gantiores
538 861 751 913 scriptores
773 876 855 901 non
883 864 937 901 ita
958 877 1050 902 raro
1071 863 1445 915 deprehenduntur,
1476 878 1605 916 neque
1623 865 1725 902 bene

317 930 415 980 egit,
446 930 513 980 qui
544 931 676 967 omnia
704 930 786 968 eius
808 930 916 968 modi
945 931 987 968 in
1013 931 1222 969 Horatii
1251 931 1489 969 carminibus
1513 931 1724 969 emendare

316 1002 477 1034 conatus
498 1001 568 1044 est,
593 996 752 1046 ingenio
769 1010 840 1034 suo
860 997 1064 1035 luxurians
1082 997 1282 1034 interdum
1310 997 1586 1046 Bentleius,
1613 998 1724 1035 loco—

315 1075 406 1100 rum
426 1075 517 1099 sane
539 1062 792 1100 multitudine
808 1063 1093 1110 admonendus,
1121 1063 1213 1101 talia
1230 1077 1271 1101 se
1289 1064 1372 1101 sine
1389 1063 1568 1101 codicum
1589 1069 1726 1101 aucto-

314 1129 431 1167 ritate
451 1128 652 1166 immerito
669 1135 1003 1179 perpetraturum.
1060 1130 1142 1168 Cfr.
1172 1129 1221 1166 de
1250 1130 1469 1168 Horatio
1508 1128 1637 1168 Jahn
1673 1128 1725 1166 ad

320 1195 444 1233 Odar.
461 1197 501 1243 I,
526 1198 549 1232 3
562 1221 576 1239 ,
596 1197 662 1232 28.
702 1196 811 1244 Epp.
830 1197 870 1240 I,
892 1199 969 1242 20,
989 1198 1014 1234 8
1041 1196 1292 1246 eiusdemque
1316 1196 1364 1233 ad
1391 1196 1576 1246 Gierig
1607 1193 1726 1233 Ouid.

314 1263 482 1299 Metam.
500 1260 600 1306 XV,
624 1260 715 1299 104.
734 1266 815 1299 not.
845 1260 895 1299 de
913 1262 1068 1312 tragicis
1087 1262 1234 1312 graecis
1253 1262 1527 1300 Markland
1556 1261 1606 1299 ad
1632 1263 1726 1300 Eu-

315 1328 412 1378 rip.
439 1322 582 1378 Suppl.
603 1327 696 1365 245.
734 1328 931 1366 Porson
959 1328 1010 1366 ad
1036 1328 1213 1378 Eurip.
1241 1326 1393 1365 Hecub.
1420 1331 1511 1366 606.
1545 1327 1724 1376 Reisig

315 1395 364 1433 ad
388 1391 535 1443 Soph.
567 1392 663 1430 Oed.
682 1390 823 1431 Colon.
844 1406 884 1444 p.
903 1396 981 1431 186
1000 1406 1085 1444 sqq.
1119 1394 1380 1433 Wellauer
1404 1392 1724 1444 Quaest.Aesclz.

314 1473 354 1511 p.
376 1463 466 1497 6—-
480 1461 529 1496 16
550 1463 591 1495 et
607 1457 658 1495 ad
682 1458 907 1508 Cho'e'plzor.
926 1462 1022 1499 236.
1050 1459 1260 1497 Praeterea
1286 1459 1350 1497 adi
1373 1459 1644 1497 Heindorf.
1674 1458 1726 1496 ad

314 1527 507 1565 Platon.
536 1525 679 1574 Lysid.
699 1537 729 1562 c.
746 1524 809 1562 14.
828 1537 867 1575 p.
893 1528 955 1563 18.
988 1525 1139 1564 Jacob
1171 1527 1340 1576 Quae-st.
1359 1525 1540 1564 Lacian.
1560 1526 1673 1576 Spec.
1693 1527 1725 1564 Ι.

314 1606 354 1645 p.
375 1597 441 1631 30.
472 1590 719 1629 Garatoni
746 1590 798 1628 ad
827 1591 925 1630 Cic.
957 1591 1139 1641 Philipp.
1162 1593 1279 1630 Tom.
1297 1594 1327 1631 Ι.
1349 1605 1390 1643 p.
1408 1594 1500 1630 617.
1527 1593 1579 1631 ΙΙ.
1599 1605 1640 1642 p.
1655 1594 1723 1630 27.

314 1659 492 1698 Duker
520 1657 570 1695 ad
597 1657 707 1695 Lim
735 1660 766 1706 I,
790 1659 880 1696 153.
920 1657 1051 1696 Held
1077 1657 1128 1695 ad
1157 1658 1353 1697 Caesar.
1382 1657 1431 1694 de
1452 1656 1490 1697 b.
1509 1658 1588 1695 civ.
1607 1659 1640 1706 I,
1660 1661 1726 1695 33.

315 1725 554 1765 Huschke
581 1723 632 1761 ad
661 1723 850 1762 Tibull.
890 1725 929 1773 I,
960 1727 1007 1774 3,
1037 1727 1103 1765 61.
1161 1722 1511 1764 Wunderlich
1538 1722 1589 1761 ad
1607 1723 1726 1764 eund.

314 1795 353 1840 I,
386 1796 428 1840 1,
462 1791 529 1830 45.
574 1790 764 1830 Weber
794 1790 845 1827 ad
873 1791 1061 1829 Lucan.
1092 1792 1209 1829 Tom.
1235 1792 1288 1829 ΙΙ.
1326 1804 1367 1842 p.
1395 1793 1487 1829 626.
1543 1789 1623 1827 Sed
1647 1790 1727 1827 iam

315 1859 430 1906 satis,
460 1871 550 1895 cum
568 1855 735 1894 totidem
755 1857 854 1893 alios
876 1857 1023 1895 addere
1040 1870 1218 1908 possem,
1246 1857 1312 1907 qui
1332 1869 1377 1894 ea
1404 1855 1454 1893 de
1474 1869 1520 1894 re
1547 1861 1727 1906 egerunt.

314 1925 456 1975 Neque
474 1935 574 1961 vero
592 1923 685 1960 talia
710 1923 817 1973 apud
836 1922 1070 1960 tersissimos
1090 1924 1299 1974 scriptores
1318 1921 1603 1968 desiderantur,
1632 1934 1729 1971 qua-

314 1990 367 2029 lia
396 1990 541 2027 deum
570 2002 682 2027 eum
710 1987 816 2039 apud
847 1988 1075 2026 Ciceron.
1105 1988 1153 2026 de
1175 1994 1258 2025 nat.
1286 1987 1393 2024 deor.
1419 1988 1452 2034 Ι,
1475 1989 1548 2035 153
1577 2000 1726 2037 pares

314 2069 400 2095 res
429 2055 536 2107 apud
565 2055 738 2092 Horat.
767 2051 903 2092 Satir.
922 2056 951 2103 I,
979 2059 1019 2104 3,
1045 2057 1148 2103 1213
1185 2049 1349 2105 γέρων
1378 2047 1442 2091 ὤν
1468 2052 1576 2103 apud
1603 2053 1725 2091 Ari-

315 2121 550 2173 stophan.
579 2122 682 2158 Pac.
709 2123 799 2159 697.
841 2116 1002 2170 ἀτιμίας
1038 2117 1112 2171 μὲν
1149 2115 1227 2167 οὔ,
1277 2116 1532 2171 προμηθείας
1561 2115 1607 2157 δέ
1634 2130 1727 2158 σου

315 2187 423 2239 apud
449 2189 475 2226 S
487 2201 510 2225 o
524 2186 689 2238 phocl.
715 2187 868 2226 Electr.
889 2190 994 2226 1036
1021 2189 1091 2228 ΒΓ.
1120 2183 1308 2239 Κρέουσα
1326 2181 1367 2223 δ’
1383 2179 1408 2235 ἦ
1423 2186 1594 2223 τεκοῦσα
1622 2185 1729 2236 apud

315 2255 440 2293 Euri
449 2268 491 2305 p.
520 2254 610 2291 Ion.
633 2257 707 2302 57,
736 2253 876 2304 quibus
900 2259 1086 2291 sexcenta
1115 2253 1190 2290 alia
1218 2252 1311 2290 addi
1335 2257 1500 2302 possunt
1532 2253 1725 2303 exempla.

316 2320 397 2358 Pro
418 2317 686 2359 συνίστασθαι
709 2319 802 2358 Ald.
826 2319 989 2358 exhibet
1018 2317 1272 2364 συνίσταται,
1300 2318 1409 2359 Cam.
1431 2317 1472 2354 P.
1492 2318 1532 2355 S.
1550 2319 1620 2356 Er.
1639 2318 1726 2356 Cas.

317 2385 559 2425 συνίσταναι.
616 2386 816 2437 Deinceps
846 2400 922 2438 pro
948 2382 1043 2432 ὅσος
1058 2383 1115 2436 μή
1137 2384 1180 2422 Ρ.
1203 2386 1242 2424 S.
1261 2385 1348 2423 Cas.
1375 2383 1563 2421 exhibent
1592 2379 1638 2428 ὃς
1655 2379 1725 2433 μή.

317 2454 527 2492 Caeterum
552 2458 660 2504 patet
677 2466 728 2490 ex
744 2452 821 2490 hoc
838 2453 925 2491 loco
947 2451 1202 2490 Aristotelem
1221 2451 1271 2488 de
1295 2456 1405 2488 motu
1424 2450 1638 2500 superioris
1657 2449 1728 2486 αέ-

316 2520 372 2557 ris
396 2519 609 2557 orbiculari
628 2519 731 2558 circa
756 2525 905 2557 terram
926 2519 1169 2561 immobilem
1195 2523 1234 2555 et
1261 2516 1430 2567 quietam
1460 2513 1526 2566 (de
1545 2517 1652 2552 coelo
1676 2517 1725 2559 II,

319 2589 384 2624 13.
405 2599 443 2637 p.
463 2589 559 2636 293,
580 2586 605 2624 b
625 2583 726 2637 sqq.)
761 2587 973 2636 cogitasse,
1012 2598 1137 2635 eoque
1166 2583 1285 2621 modo
1316 2581 1513 2632 explicare
1543 2586 1726 2618 conatum

318 2665 422 2699 esse,
449 2665 522 2690 cur
549 2652 592 2690 in
611 2652 893 2690 remotioribus
919 2665 942 2689 a
960 2658 1067 2690 terra
1085 2650 1182 2689 locis
1206 2649 1329 2686 nubes
1351 2647 1483 2684 nullae
1504 2646 1728 2697 deprehen-

319 2717 474 2755 dantur.
515 2719 597 2758 Cfr.
626 2718 897 2757 Fromondi
927 2714 1141 2756 Meteorol.
1160 2713 1328 2767 (Lovan.
1349 2711 1466 2750 1645.
1480 2711 1537 2763 4.)
1551 2717 1655 2763 p.20
1668 2726 1725 2764 sq.

317 2784 546 2822 Recentiori
565 2790 768 2835 tempore,
791 2784 947 2822 saeculo
967 2783 1072 2820 enim
1093 2781 1244 2819 decimo
1270 2778 1452 2829 septimo,
1476 2778 1630 2829 physici
1654 2792 1726 2818 ex-
