<?xml version="1.0" encoding="UTF-8"?>
<!DOCTYPE html PUBLIC "-//W3C//DTD XHTML 1.0 Transitional//EN"
    "http://www.w3.org/TR/xhtml1/DTD/xhtml1-transitional.dtd">
<html xmlns="http://www.w3.org/1999/xhtml" xml:lang="en" lang="en">
 <head>
  <title>
</title>
<meta http-equiv="Content-Type" content="text/html;charset=utf-8" />
  <meta name='ocr-system' content='tesseract 3.04.00' />
  <meta name='ocr-capabilities' content='ocr_page ocr_carea ocr_par ocr_line ocrx_word'/>
</head>
<body>
  <div class='ocr_page' id='page_1' title='image "./meteorologicorum01arisuoft_0424.png"; bbox 0 0 1812 3158; ppageno 0'>
   <div class='ocr_carea' id='block_1_1' title="bbox 305 355 1474 413">
    <p class='ocr_par' dir='ltr' id='par_1_1' title="bbox 305 355 1474 413">
     <span class='ocr_line' id='line_1_1' title="bbox 305 355 1474 413; baseline 0.007 -11"><span class='ocrx_word' id='word_1_1' title='bbox 305 355 402 402; x_wconf 81' lang='grc'>384</span> <span class='ocrx_word' id='word_1_2' title='bbox 439 381 475 413; x_wconf 42' lang='lat' dir='ltr'>a.</span> <span class='ocrx_word' id='word_1_3' title='bbox 518 364 963 406; x_wconf 77' lang='lat' dir='ltr'><strong>COMMENTARIUS</strong></span> <span class='ocrx_word' id='word_1_4' title='bbox 994 368 1056 407; x_wconf 82' lang='lat' dir='ltr'>IN</span> <span class='ocrx_word' id='word_1_5' title='bbox 1074 370 1474 411; x_wconf 83' lang='lat' dir='ltr'><strong>METEOROLOG.</strong></span> 
     </span>
    </p>
   </div>
   <div class='ocr_carea' id='block_1_2' title="bbox 297 474 1706 2578">
    <p class='ocr_par' dir='ltr' id='par_1_2' title="bbox 301 474 1706 1386">
     <span class='ocr_line' id='line_1_2' title="bbox 305 474 1697 529; baseline 0.005 -15"><span class='ocrx_word' id='word_1_6' title='bbox 305 477 396 529; x_wconf 84' lang='lat' dir='ltr'>quia</span> <span class='ocrx_word' id='word_1_7' title='bbox 423 487 475 512; x_wconf 82' lang='lat' dir='ltr'>ex</span> <span class='ocrx_word' id='word_1_8' title='bbox 504 474 730 512; x_wconf 81' lang='lat' dir='ltr'>Geometria</span> <span class='ocrx_word' id='word_1_9' title='bbox 758 481 960 526; x_wconf 79' lang='lat' dir='ltr'>quaestum</span> <span class='ocrx_word' id='word_1_10' title='bbox 987 478 1115 516; x_wconf 72' lang='lat' dir='ltr'>facore</span> <span class='ocrx_word' id='word_1_11' title='bbox 1147 485 1306 517; x_wconf 88' lang='lat' dir='ltr'>conatus</span> <span class='ocrx_word' id='word_1_12' title='bbox 1331 486 1432 529; x_wconf 82' lang='lat' dir='ltr'>erat,</span> <span class='ocrx_word' id='word_1_13' title='bbox 1461 488 1656 520; x_wconf 81' lang='lat' dir='ltr'>accusatus</span> <span class='ocrx_word' id='word_1_14' title='bbox 1674 496 1697 521; x_wconf 87' lang='lat' dir='ltr'>e</span> 
     </span>
     <span class='ocr_line' id='line_1_3' title="bbox 304 538 1699 593; baseline 0.003 -12"><span class='ocrx_word' id='word_1_15' title='bbox 304 543 436 581; x_wconf 78' lang='lat' dir='ltr'>schola</span> <span class='ocrx_word' id='word_1_16' title='bbox 462 538 719 589; x_wconf 79' lang='lat' dir='ltr'>Pythagorica</span> <span class='ocrx_word' id='word_1_17' title='bbox 749 542 888 592; x_wconf 83' lang='lat' dir='ltr'>insigni</span> <span class='ocrx_word' id='word_1_18' title='bbox 919 543 1131 593; x_wconf 78' lang='lat' dir='ltr'>ignominia</span> <span class='ocrx_word' id='word_1_19' title='bbox 1159 545 1279 582; x_wconf 80' lang='lat' dir='ltr'>fuerit</span> <span class='ocrx_word' id='word_1_20' title='bbox 1305 545 1461 583; x_wconf 83' lang='lat' dir='ltr'>eiectus.</span> <span class='ocrx_word' id='word_1_21' title='bbox 1490 547 1560 586; x_wconf 79' lang='lat' dir='ltr'><strong>cfr.</strong></span> <span class='ocrx_word' id='word_1_22' title='bbox 1580 549 1627 586; x_wconf 87' lang='lat' dir='ltr'>Ia</span> <span class='ocrx_word' id='word_1_23' title='bbox 1638 541 1699 585; x_wconf 69' lang='lat' dir='ltr'>ni-</span> 
     </span>
     <span class='ocr_line' id='line_1_4' title="bbox 305 603 1698 658; baseline 0.004 -12"><span class='ocrx_word' id='word_1_24' title='bbox 305 607 454 646; x_wconf 89' lang='lat' dir='ltr'>blich.</span> <span class='ocrx_word' id='word_1_25' title='bbox 482 604 528 641; x_wconf 74' lang='lat' dir='ltr'>tle</span> <span class='ocrx_word' id='word_1_26' title='bbox 549 604 698 652; x_wconf 75' lang='lat' dir='ltr'>philos.</span> <span class='ocrx_word' id='word_1_27' title='bbox 725 603 901 658; x_wconf 72' lang='lat' dir='ltr'>Pythag.</span> <span class='ocrx_word' id='word_1_28' title='bbox 931 609 1022 647; x_wconf 86' lang='lat' dir='ltr'>libr.</span> <span class='ocrx_word' id='word_1_29' title='bbox 1043 612 1111 649; x_wconf 93' lang='grc' dir='ltr'>ΙΠ.</span> <span class='ocrx_word' id='word_1_30' title='bbox 1136 623 1186 647; x_wconf 86' lang='lat' dir='ltr'>ex</span> <span class='ocrx_word' id='word_1_31' title='bbox 1204 624 1308 648; x_wconf 74' lang='lat' dir='ltr'><strong>ver-S.</strong></span> <span class='ocrx_word' id='word_1_32' title='bbox 1332 612 1436 650; x_wconf 91' lang='lat' dir='ltr'>Nic.</span> <span class='ocrx_word' id='word_1_33' title='bbox 1459 612 1698 651; x_wconf 83' lang='lat' dir='ltr'>scutellii</span> 
     </span>
     <span class='ocr_line' id='line_1_5' title="bbox 304 670 1700 725; baseline 0.004 -13"><span class='ocrx_word' id='word_1_34' title='bbox 304 675 345 712; x_wconf 85' lang='lat' dir='ltr'>in</span> <span class='ocrx_word' id='word_1_35' title='bbox 368 674 471 710; x_wconf 77' lang='lat' dir='ltr'>calce</span> <span class='ocrx_word' id='word_1_36' title='bbox 491 670 583 708; x_wconf 87' lang='lat' dir='ltr'>libri</span> <span class='ocrx_word' id='word_1_37' title='bbox 604 670 652 707; x_wconf 79' lang='lat' dir='ltr'>de</span> <span class='ocrx_word' id='word_1_38' title='bbox 671 679 832 720; x_wconf 68' lang='lat' dir='ltr'>myster.</span> <span class='ocrx_word' id='word_1_39' title='bbox 849 674 1019 724; x_wconf 81' lang='lat' dir='ltr'><em>Aegypt.</em></span> <span class='ocrx_word' id='word_1_40' title='bbox 1035 689 1076 725; x_wconf 88' lang='lat' dir='ltr'><strong>p.</strong></span> <span class='ocrx_word' id='word_1_41' title='bbox 1097 675 1160 712; x_wconf 80' lang='lat'><strong>64.</strong></span> <span class='ocrx_word' id='word_1_42' title='bbox 1217 677 1315 715; x_wconf 86' lang='lat' dir='ltr'>Cum</span> <span class='ocrx_word' id='word_1_43' title='bbox 1341 679 1445 715; x_wconf 84' lang='lat' dir='ltr'>enim</span> <span class='ocrx_word' id='word_1_44' title='bbox 1472 679 1567 715; x_wconf 84' lang='lat' dir='ltr'>olim</span> <span class='ocrx_word' id='word_1_45' title='bbox 1594 693 1700 717; x_wconf 84' lang='lat' dir='ltr'>mer-</span> 
     </span>
     <span class='ocr_line' id='line_1_6' title="bbox 303 737 1702 791; baseline 0.003 -13"><span class='ocrx_word' id='word_1_46' title='bbox 303 746 411 778; x_wconf 81' lang='lat' dir='ltr'>cator</span> <span class='ocrx_word' id='word_1_47' title='bbox 431 737 579 781; x_wconf 78' lang='lat' dir='ltr'>fuisset,</span> <span class='ocrx_word' id='word_1_48' title='bbox 605 738 841 787; x_wconf 84' lang='lat' dir='ltr'>negotiando</span> <span class='ocrx_word' id='word_1_49' title='bbox 859 739 1033 778; x_wconf 82' lang='lat' dir='ltr'><strong>Athenas</strong></span> <span class='ocrx_word' id='word_1_50' title='bbox 1055 740 1215 791; x_wconf 80' lang='lat' dir='ltr'>delatus,</span> <span class='ocrx_word' id='word_1_51' title='bbox 1245 756 1332 781; x_wconf 88' lang='lat' dir='ltr'>cum</span> <span class='ocrx_word' id='word_1_52' title='bbox 1355 745 1580 782; x_wconf 79' lang='lat' dir='ltr'>Geometris</span> <span class='ocrx_word' id='word_1_53' title='bbox 1601 758 1702 782; x_wconf 85' lang='lat' dir='ltr'>uon-</span> 
     </span>
     <span class='ocr_line' id='line_1_7' title="bbox 301 803 1702 855; baseline 0.003 -11"><span class='ocrx_word' id='word_1_54' title='bbox 301 806 426 844; x_wconf 67' lang='lat' dir='ltr'>nullis*</span> <span class='ocrx_word' id='word_1_55' title='bbox 450 803 725 854; x_wconf 56' lang='lat' dir='ltr'>Pythagorae-is</span> <span class='ocrx_word' id='word_1_56' title='bbox 756 817 1003 855; x_wconf 85' lang='lat' dir='ltr'>congressus,</span> <span class='ocrx_word' id='word_1_57' title='bbox 1042 813 1169 845; x_wconf 90' lang='lat' dir='ltr'>totum</span> <span class='ocrx_word' id='word_1_58' title='bbox 1196 821 1239 845; x_wconf 85' lang='lat' dir='ltr'>se</span> <span class='ocrx_word' id='word_1_59' title='bbox 1264 809 1426 848; x_wconf 77' lang='lat' dir='ltr'>mathesi</span> <span class='ocrx_word' id='word_1_60' title='bbox 1459 810 1624 848; x_wconf 81' lang='lat' dir='ltr'>dicavit:</span> <span class='ocrx_word' id='word_1_61' title='bbox 1663 816 1702 848; x_wconf 79' lang='lat' dir='ltr'>at</span> 
     </span>
     <span class='ocr_line' id='line_1_8' title="bbox 304 869 1702 926; baseline 0.002 -16"><span class='ocrx_word' id='word_1_62' title='bbox 304 886 392 912; x_wconf 87' lang='lat' dir='ltr'>cum</span> <span class='ocrx_word' id='word_1_63' title='bbox 411 871 451 908; x_wconf 91' lang='lat' dir='ltr'>in</span> <span class='ocrx_word' id='word_1_64' title='bbox 470 870 588 908; x_wconf 82' lang='lat' dir='ltr'>rebus</span> <span class='ocrx_word' id='word_1_65' title='bbox 607 869 713 907; x_wconf 79' lang='lat' dir='ltr'>vitae</span> <span class='ocrx_word' id='word_1_66' title='bbox 739 873 954 910; x_wconf 84' lang='lat' dir='ltr'>communis</span> <span class='ocrx_word' id='word_1_67' title='bbox 982 874 1125 911; x_wconf 81' lang='lat' dir='ltr'>eximia</span> <span class='ocrx_word' id='word_1_68' title='bbox 1151 875 1347 925; x_wconf 81' lang='lat' dir='ltr'>imperitia</span> <span class='ocrx_word' id='word_1_69' title='bbox 1371 876 1571 926; x_wconf 84' lang='lat' dir='ltr'>praeditus</span> <span class='ocrx_word' id='word_1_70' title='bbox 1590 882 1702 925; x_wconf 83' lang='lat' dir='ltr'>esset,</span> 
     </span>
     <span class='ocr_line' id='line_1_9' title="bbox 301 935 1702 992; baseline 0.003 -16"><span class='ocrx_word' id='word_1_71' title='bbox 301 938 441 978; x_wconf 81' lang='lat' dir='ltr'>fraude</span> <span class='ocrx_word' id='word_1_72' title='bbox 466 935 763 987; x_wconf 85' lang='lat' dir='ltr'>publicanorum</span> <span class='ocrx_word' id='word_1_73' title='bbox 790 935 1206 992; x_wconf 76' lang='grc' dir='ltr'>(πεντηκοστολόγων)</span> <span class='ocrx_word' id='word_1_74' title='bbox 1236 943 1544 991; x_wconf 86' lang='lat' dir='ltr'>Byzantinorum</span> <span class='ocrx_word' id='word_1_75' title='bbox 1574 943 1702 992; x_wconf 81' lang='lat' dir='ltr'>pluri-</span> 
     </span>
     <span class='ocr_line' id='line_1_10' title="bbox 303 1002 1703 1056; baseline 0.001 -13"><span class='ocrx_word' id='word_1_76' title='bbox 303 1018 412 1043; x_wconf 88' lang='lat' dir='ltr'>mum</span> <span class='ocrx_word' id='word_1_77' title='bbox 430 1002 617 1054; x_wconf 81' lang='lat' dir='ltr'>pecuniae</span> <span class='ocrx_word' id='word_1_78' title='bbox 635 1003 773 1051; x_wconf 81' lang='lat' dir='ltr'>amisit,</span> <span class='ocrx_word' id='word_1_79' title='bbox 806 1017 878 1056; x_wconf 84' lang='lat' dir='ltr'>qua</span> <span class='ocrx_word' id='word_1_80' title='bbox 898 1004 948 1043; x_wconf 88' lang='lat' dir='ltr'>de</span> <span class='ocrx_word' id='word_1_81' title='bbox 965 1019 1010 1043; x_wconf 86' lang='lat' dir='ltr'>re</span> <span class='ocrx_word' id='word_1_82' title='bbox 1027 1006 1265 1044; x_wconf 83' lang='lat' dir='ltr'>conferenda</span> <span class='ocrx_word' id='word_1_83' title='bbox 1283 1013 1373 1045; x_wconf 87' lang='lat' dir='ltr'>sunt</span> <span class='ocrx_word' id='word_1_84' title='bbox 1388 1008 1703 1046; x_wconf 59' lang='lat' dir='ltr'>Etlzicssadem.</span> 
     </span>
     <span class='ocr_line' id='line_1_11' title="bbox 303 1070 1704 1123; baseline 0.001 -13"><span class='ocrx_word' id='word_1_85' title='bbox 303 1073 395 1117; x_wconf 88' lang='lat' dir='ltr'>VII,</span> <span class='ocrx_word' id='word_1_86' title='bbox 423 1070 483 1108; x_wconf 85' lang='lat'>14.</span> <span class='ocrx_word' id='word_1_87' title='bbox 517 1082 556 1118; x_wconf 88' lang='lat' dir='ltr'>p.</span> <span class='ocrx_word' id='word_1_88' title='bbox 574 1071 689 1116; x_wconf 79' lang='lat'><strong>1247,</strong></span> <span class='ocrx_word' id='word_1_89' title='bbox 709 1083 743 1107; x_wconf 84' lang='lat' dir='ltr'><strong>a.</strong></span> <span class='ocrx_word' id='word_1_90' title='bbox 799 1071 861 1107; x_wconf 82' lang='lat' dir='ltr'>De</span> <span class='ocrx_word' id='word_1_91' title='bbox 882 1073 963 1109; x_wconf 89' lang='lat' dir='ltr'>eius</span> <span class='ocrx_word' id='word_1_92' title='bbox 982 1073 1024 1110; x_wconf 89' lang='lat' dir='ltr'>in</span> <span class='ocrx_word' id='word_1_93' title='bbox 1044 1074 1271 1111; x_wconf 86' lang='lat' dir='ltr'>Geometria</span> <span class='ocrx_word' id='word_1_94' title='bbox 1291 1075 1440 1111; x_wconf 81' lang='lat' dir='ltr'>meritis</span> <span class='ocrx_word' id='word_1_95' title='bbox 1460 1071 1592 1123; x_wconf 81' lang='lat' dir='ltr'>(notae</span> <span class='ocrx_word' id='word_1_96' title='bbox 1611 1079 1704 1112; x_wconf 88' lang='lat' dir='ltr'>sunt</span> 
     </span>
     <span class='ocr_line' id='line_1_12' title="bbox 301 1131 1702 1190; baseline -0.001 -14"><span class='ocrx_word' id='word_1_97' title='bbox 301 1137 462 1176; x_wconf 78' lang='lat' dir='ltr'>lunulae</span> <span class='ocrx_word' id='word_1_98' title='bbox 474 1131 792 1190; x_wconf 83' lang='lat' dir='ltr'>Hippocraticae)</span> <span class='ocrx_word' id='word_1_99' title='bbox 813 1136 876 1173; x_wconf 82' lang='lat' dir='ltr'>adi</span> <span class='ocrx_word' id='word_1_100' title='bbox 897 1139 1036 1176; x_wconf 88' lang='lat' dir='ltr'>Reim</span> <span class='ocrx_word' id='word_1_101' title='bbox 1050 1153 1102 1177; x_wconf 88' lang='lat' dir='ltr'>er</span> <span class='ocrx_word' id='word_1_102' title='bbox 1122 1140 1171 1176; x_wconf 86' lang='lat' dir='ltr'>de</span> <span class='ocrx_word' id='word_1_103' title='bbox 1194 1139 1393 1189; x_wconf 75' lang='lat' dir='ltr'>duplicat.</span> <span class='ocrx_word' id='word_1_104' title='bbox 1406 1138 1702 1190; x_wconf 77' lang='lat' dir='ltr'>cubi(G6tting.</span> 
     </span>
     <span class='ocr_line' id='line_1_13' title="bbox 306 1199 1702 1256; baseline 0.001 -14"><span class='ocrx_word' id='word_1_105' title='bbox 306 1206 426 1243; x_wconf 84' lang='lat'><strong>1798.</strong></span> <span class='ocrx_word' id='word_1_106' title='bbox 442 1199 495 1251; x_wconf 83' lang='lat' dir='ltr'>S.)</span> <span class='ocrx_word' id='word_1_107' title='bbox 515 1214 554 1252; x_wconf 89' lang='lat' dir='ltr'>p.</span> <span class='ocrx_word' id='word_1_108' title='bbox 574 1204 626 1238; x_wconf 88' lang='grc'>22</span> <span class='ocrx_word' id='word_1_109' title='bbox 643 1214 726 1251; x_wconf 85' lang='lat' dir='ltr'><strong>sqq.</strong></span> <span class='ocrx_word' id='word_1_110' title='bbox 757 1223 806 1229; x_wconf 82' lang='lat'>—</span> <span class='ocrx_word' id='word_1_111' title='bbox 843 1202 931 1254; x_wconf 79' lang='grc' dir='ltr'><em>περὶ</em></span> <span class='ocrx_word' id='word_1_112' title='bbox 960 1201 1046 1242; x_wconf 86' lang='grc' dir='ltr'>τὸν</span> <span class='ocrx_word' id='word_1_113' title='bbox 1068 1199 1335 1256; x_wconf 78' lang='grc' dir='ltr'><em>Ἱπποκράτην</em></span> <span class='ocrx_word' id='word_1_114' title='bbox 1363 1207 1413 1244; x_wconf 90' lang='grc' dir='ltr'>Α.</span> <span class='ocrx_word' id='word_1_115' title='bbox 1432 1207 1500 1243; x_wconf 89' lang='lat' dir='ltr'><strong>Er.</strong></span> <span class='ocrx_word' id='word_1_116' title='bbox 1518 1206 1562 1243; x_wconf 87' lang='lat' dir='ltr'>P.</span> <span class='ocrx_word' id='word_1_117' title='bbox 1588 1207 1630 1244; x_wconf 90' lang='lat' dir='ltr'><strong>S.</strong></span> <span class='ocrx_word' id='word_1_118' title='bbox 1651 1228 1702 1233; x_wconf 93' lang='lat'>—</span> 
     </span>
     <span class='ocr_line' id='line_1_14' title="bbox 304 1264 1706 1321; baseline -0.001 -12"><span class='ocrx_word' id='word_1_119' title='bbox 304 1264 468 1321; x_wconf 79' lang='grc' dir='ltr'><em>ἀπεφή</em></span> <span class='ocrx_word' id='word_1_120' title='bbox 482 1280 632 1306; x_wconf 81' lang='grc' dir='ltr'><em>ναντο</em></span> <span class='ocrx_word' id='word_1_121' title='bbox 652 1268 745 1305; x_wconf 81' lang='lat' dir='ltr'>alibi</span> <span class='ocrx_word' id='word_1_122' title='bbox 762 1268 893 1305; x_wconf 83' lang='lat' dir='ltr'>addito</span> <span class='ocrx_word' id='word_1_123' title='bbox 906 1267 1078 1321; x_wconf 71' lang='grc' dir='ltr'><em>γνώμην.</em></span> <span class='ocrx_word' id='word_1_124' title='bbox 1107 1270 1257 1308; x_wconf 86' lang='lat' dir='ltr'>Eadem</span> <span class='ocrx_word' id='word_1_125' title='bbox 1277 1271 1558 1321; x_wconf 83' lang='lat' dir='ltr'>significatione</span> <span class='ocrx_word' id='word_1_126' title='bbox 1579 1271 1706 1309; x_wconf 80' lang='lat' dir='ltr'>activa</span> 
     </span>
     <span class='ocr_line' id='line_1_15' title="bbox 303 1334 1704 1386; baseline -0.001 -11"><span class='ocrx_word' id='word_1_127' title='bbox 303 1337 419 1375; x_wconf 76' lang='lat' dir='ltr'>etiam</span> <span class='ocrx_word' id='word_1_128' title='bbox 451 1335 579 1373; x_wconf 88' lang='lat' dir='ltr'>forma</span> <span class='ocrx_word' id='word_1_129' title='bbox 610 1334 790 1372; x_wconf 83' lang='lat' dir='ltr'>occurrit.</span> <span class='ocrx_word' id='word_1_130' title='bbox 829 1335 912 1373; x_wconf 85' lang='lat' dir='ltr'><strong>vid.</strong></span> <span class='ocrx_word' id='word_1_131' title='bbox 952 1336 1217 1375; x_wconf 83' lang='lat' dir='ltr'>Heindorf</span> <span class='ocrx_word' id='word_1_132' title='bbox 1251 1337 1301 1374; x_wconf 81' lang='lat' dir='ltr'>ad</span> <span class='ocrx_word' id='word_1_133' title='bbox 1338 1338 1534 1375; x_wconf 89' lang='lat' dir='ltr'><strong>Platon.</strong></span> <span class='ocrx_word' id='word_1_134' title='bbox 1579 1337 1704 1386; x_wconf 78' lang='lat' dir='ltr'><strong>Gorg.</strong></span> 
     </span>
    </p>

    <p class='ocr_par' dir='ltr' id='par_1_3' title="bbox 297 1389 1706 2578">
     <span class='ocr_line' id='line_1_16' title="bbox 304 1389 1705 1454; baseline 0 -15"><span class='ocrx_word' id='word_1_135' title='bbox 304 1402 424 1453; x_wconf 82' lang='lat'><strong>§.48</strong></span> <span class='ocrx_word' id='word_1_136' title='bbox 442 1414 480 1451; x_wconf 88' lang='lat' dir='ltr'><strong>p.</strong></span> <span class='ocrx_word' id='word_1_137' title='bbox 493 1403 556 1438; x_wconf 84' lang='lat'>67.</span> <span class='ocrx_word' id='word_1_138' title='bbox 586 1419 642 1427; x_wconf 91' lang='lat'>--</span> <span class='ocrx_word' id='word_1_139' title='bbox 669 1397 710 1445; x_wconf 71' lang='grc' dir='ltr'>ἐξ</span> <span class='ocrx_word' id='word_1_140' title='bbox 730 1389 853 1438; x_wconf 75' lang='grc' dir='ltr'><em>αὐτοῦ</em></span> <span class='ocrx_word' id='word_1_141' title='bbox 880 1402 921 1439; x_wconf 93' lang='lat' dir='ltr'>S.</span> <span class='ocrx_word' id='word_1_142' title='bbox 942 1402 1027 1440; x_wconf 84' lang='lat' dir='ltr'><strong>Cas.</strong></span> <span class='ocrx_word' id='word_1_143' title='bbox 1059 1425 1109 1430; x_wconf 93' lang='lat'><em>-</em></span> <span class='ocrx_word' id='word_1_144' title='bbox 1139 1403 1272 1441; x_wconf 86' lang='lat' dir='ltr'>Verba</span> <span class='ocrx_word' id='word_1_145' title='bbox 1295 1399 1394 1454; x_wconf 81' lang='grc' dir='ltr'><em>πρὸς</em></span> <span class='ocrx_word' id='word_1_146' title='bbox 1411 1399 1479 1440; x_wconf 84' lang='grc' dir='ltr'>τὸν</span> <span class='ocrx_word' id='word_1_147' title='bbox 1499 1398 1609 1452; x_wconf 82' lang='grc' dir='ltr'><em>η’·λιον</em></span> <span class='ocrx_word' id='word_1_148' title='bbox 1637 1415 1705 1439; x_wconf 88' lang='lat' dir='ltr'>re-</span> 
     </span>
     <span class='ocr_line' id='line_1_17' title="bbox 300 1462 1704 1519; baseline -0.002 -12"><span class='ocrx_word' id='word_1_149' title='bbox 300 1467 466 1507; x_wconf 82' lang='lat' dir='ltr'>ferenda</span> <span class='ocrx_word' id='word_1_150' title='bbox 484 1471 575 1504; x_wconf 77' lang='lat' dir='ltr'>sunt</span> <span class='ocrx_word' id='word_1_151' title='bbox 593 1465 643 1503; x_wconf 83' lang='lat' dir='ltr'>ad</span> <span class='ocrx_word' id='word_1_152' title='bbox 665 1462 942 1518; x_wconf 71' lang='grc' dir='ltr'><em>ἀνακλωμένης</em></span> <span class='ocrx_word' id='word_1_153' title='bbox 958 1463 1148 1519; x_wconf 74' lang='grc' dir='ltr'><em>ἡμετέρας</em></span> <span class='ocrx_word' id='word_1_154' title='bbox 1162 1465 1314 1519; x_wconf 79' lang='grc' dir='ltr'><em>ὄψεως,</em></span> <span class='ocrx_word' id='word_1_155' title='bbox 1343 1481 1584 1519; x_wconf 78' lang='lat' dir='ltr'>nequaquam</span> <span class='ocrx_word' id='word_1_156' title='bbox 1606 1481 1704 1505; x_wconf 75' lang='lat' dir='ltr'>velo</span> 
     </span>
     <span class='ocr_line' id='line_1_18' title="bbox 301 1528 1705 1584; baseline -0.002 -11"><span class='ocrx_word' id='word_1_157' title='bbox 301 1531 574 1583; x_wconf 82' lang='lat' dir='ltr'>coniungenda</span> <span class='ocrx_word' id='word_1_158' title='bbox 591 1545 680 1570; x_wconf 89' lang='lat' dir='ltr'>cum</span> <span class='ocrx_word' id='word_1_159' title='bbox 699 1528 909 1584; x_wconf 72' lang='grc' dir='ltr'><em>ἑλκομένης</em></span> <span class='ocrx_word' id='word_1_160' title='bbox 928 1528 995 1570; x_wconf 63' lang='grc' dir='ltr'>ὕπ’</span> <span class='ocrx_word' id='word_1_161' title='bbox 1020 1530 1156 1572; x_wconf 79' lang='grc' dir='ltr'><em>αὐτοῦ.</em></span> <span class='ocrx_word' id='word_1_162' title='bbox 1213 1535 1300 1572; x_wconf 91' lang='lat' dir='ltr'>Hoc</span> <span class='ocrx_word' id='word_1_163' title='bbox 1323 1534 1442 1583; x_wconf 82' lang='lat' dir='ltr'>igitur</span> <span class='ocrx_word' id='word_1_164' title='bbox 1467 1535 1555 1571; x_wconf 90' lang='lat' dir='ltr'>loco</span> <span class='ocrx_word' id='word_1_165' title='bbox 1586 1534 1705 1571; x_wconf 88' lang='lat' dir='ltr'>Ari-</span> 
     </span>
     <span class='ocr_line' id='line_1_19' title="bbox 302 1598 1705 1650; baseline -0.004 -10"><span class='ocrx_word' id='word_1_166' title='bbox 302 1601 522 1640; x_wconf 79' lang='lat' dir='ltr'>stoteles</span> <span class='ocrx_word' id='word_1_167' title='bbox 551 1598 712 1637; x_wconf 82' lang='lat' dir='ltr'>videtur</span> <span class='ocrx_word' id='word_1_168' title='bbox 732 1599 864 1636; x_wconf 87' lang='lat' dir='ltr'>lumen</span> <span class='ocrx_word' id='word_1_169' title='bbox 885 1612 936 1636; x_wconf 83' lang='lat' dir='ltr'>ex</span> <span class='ocrx_word' id='word_1_170' title='bbox 953 1600 1038 1650; x_wconf 91' lang='lat' dir='ltr'>ipso</span> <span class='ocrx_word' id='word_1_171' title='bbox 1057 1601 1171 1637; x_wconf 93' lang='lat' dir='ltr'>oculo</span> <span class='ocrx_word' id='word_1_172' title='bbox 1191 1601 1382 1647; x_wconf 80' lang='lat' dir='ltr'>emittere,</span> <span class='ocrx_word' id='word_1_173' title='bbox 1400 1605 1444 1637; x_wconf 87' lang='lat' dir='ltr'>ut</span> <span class='ocrx_word' id='word_1_174' title='bbox 1461 1599 1532 1636; x_wconf 81' lang='lat' dir='ltr'>hac</span> <span class='ocrx_word' id='word_1_175' title='bbox 1552 1600 1705 1637; x_wconf 83' lang='lat' dir='ltr'>ratione</span> 
     </span>
     <span class='ocr_line' id='line_1_20' title="bbox 300 1664 1705 1718; baseline -0.003 -12"><span class='ocrx_word' id='word_1_176' title='bbox 300 1668 476 1718; x_wconf 76' lang='lat' dir='ltr'>singulae</span> <span class='ocrx_word' id='word_1_177' title='bbox 498 1678 563 1703; x_wconf 80' lang='lat' dir='ltr'>res</span> <span class='ocrx_word' id='word_1_178' title='bbox 582 1665 755 1703; x_wconf 85' lang='lat' dir='ltr'>visibiles</span> <span class='ocrx_word' id='word_1_179' title='bbox 775 1664 886 1713; x_wconf 82' lang='lat' dir='ltr'><strong>fiant,</strong></span> <span class='ocrx_word' id='word_1_180' title='bbox 917 1666 1023 1716; x_wconf 87' lang='lat' dir='ltr'>quod</span> <span class='ocrx_word' id='word_1_181' title='bbox 1043 1666 1157 1703; x_wconf 84' lang='lat' dir='ltr'>etiam</span> <span class='ocrx_word' id='word_1_182' title='bbox 1178 1667 1298 1716; x_wconf 85' lang='lat' dir='ltr'>magis</span> <span class='ocrx_word' id='word_1_183' title='bbox 1322 1672 1428 1716; x_wconf 76' lang='lat' dir='ltr'>patet</span> <span class='ocrx_word' id='word_1_184' title='bbox 1448 1666 1576 1713; x_wconf 81' lang='lat' dir='ltr'>exiis,</span> <span class='ocrx_word' id='word_1_185' title='bbox 1606 1679 1705 1715; x_wconf 81' lang='lat' dir='ltr'>quae</span> 
     </span>
     <span class='ocr_line' id='line_1_21' title="bbox 299 1727 1704 1785; baseline -0.003 -13"><span class='ocrx_word' id='word_1_186' title='bbox 299 1739 539 1785; x_wconf 84' lang='lat' dir='ltr'>sequuntur:</span> <span class='ocrx_word' id='word_1_187' title='bbox 582 1727 630 1770; x_wconf 79' lang='grc' dir='ltr'>οὗ</span> <span class='ocrx_word' id='word_1_188' title='bbox 660 1727 860 1769; x_wconf 72' lang='grc' dir='ltr'><em>δύνασθαι</em></span> <span class='ocrx_word' id='word_1_189' title='bbox 888 1729 962 1783; x_wconf 84' lang='grc' dir='ltr'>τὴν</span> <span class='ocrx_word' id='word_1_190' title='bbox 990 1727 1086 1782; x_wconf 68' lang='grc' dir='ltr'><em>ὄψιν</em></span> <span class='ocrx_word' id='word_1_191' title='bbox 1122 1734 1202 1770; x_wconf 83' lang='grc' dir='ltr'>τῶν</span> <span class='ocrx_word' id='word_1_192' title='bbox 1237 1728 1467 1783; x_wconf 73' lang='grc' dir='ltr'><em>ἀνθρώπων</em></span> <span class='ocrx_word' id='word_1_193' title='bbox 1509 1727 1704 1782; x_wconf 69' lang='grc' dir='ltr'><em>φέρεσθαι</em></span> 
     </span>
     <span class='ocr_line' id='line_1_22' title="bbox 300 1793 1706 1850; baseline -0.003 -11"><span class='ocrx_word' id='word_1_194' title='bbox 300 1796 504 1850; x_wconf 75' lang='grc' dir='ltr'><em>κλωμὲνην</em></span> <span class='ocrx_word' id='word_1_195' title='bbox 533 1793 634 1848; x_wconf 78' lang='grc' dir='ltr'>πρός</span> <span class='ocrx_word' id='word_1_196' title='bbox 661 1794 731 1836; x_wconf 82' lang='grc' dir='ltr'>τὸν</span> <span class='ocrx_word' id='word_1_197' title='bbox 757 1794 882 1848; x_wconf 75' lang='grc' dir='ltr'><em>ἥλιον.</em></span> <span class='ocrx_word' id='word_1_198' title='bbox 940 1799 1179 1836; x_wconf 82' lang='lat' dir='ltr'><strong>Sententiam</strong></span> <span class='ocrx_word' id='word_1_199' title='bbox 1201 1797 1302 1836; x_wconf 86' lang='lat' dir='ltr'>hanc</span> <span class='ocrx_word' id='word_1_200' title='bbox 1327 1799 1374 1835; x_wconf 84' lang='lat' dir='ltr'>ab</span> <span class='ocrx_word' id='word_1_201' title='bbox 1395 1797 1706 1848; x_wconf 81' lang='lat' dir='ltr'>Empedoole</span> 
     </span>
     <span class='ocr_line' id='line_1_23' title="bbox 301 1861 1704 1918; baseline -0.004 -13"><span class='ocrx_word' id='word_1_202' title='bbox 301 1864 471 1918; x_wconf 83' lang='lat' dir='ltr'><strong>(Fragm.</strong></span> <span class='ocrx_word' id='word_1_203' title='bbox 489 1864 551 1902; x_wconf 83' lang='lat' dir='ltr'>ed.</span> <span class='ocrx_word' id='word_1_204' title='bbox 572 1865 733 1902; x_wconf 86' lang='lat' dir='ltr'><strong>Sturz.</strong></span> <span class='ocrx_word' id='word_1_205' title='bbox 761 1876 801 1914; x_wconf 89' lang='lat' dir='ltr'>p.</span> <span class='ocrx_word' id='word_1_206' title='bbox 820 1865 911 1902; x_wconf 88' lang='lat'><strong>350.</strong></span> <span class='ocrx_word' id='word_1_207' title='bbox 940 1876 977 1912; x_wconf 92' lang='lat' dir='ltr'>p.</span> <span class='ocrx_word' id='word_1_208' title='bbox 996 1861 1247 1913; x_wconf 76' lang='lat'>416—420&#39;)</span> <span class='ocrx_word' id='word_1_209' title='bbox 1288 1870 1328 1901; x_wconf 87' lang='lat' dir='ltr'>et</span> <span class='ocrx_word' id='word_1_210' title='bbox 1359 1865 1570 1902; x_wconf 83' lang='lat' dir='ltr'>Platone</span> <span class='ocrx_word' id='word_1_211' title='bbox 1601 1866 1704 1902; x_wconf 75' lang='lat' dir='ltr'><strong>Tim.</strong></span> 
     </span>
     <span class='ocr_line' id='line_1_24' title="bbox 298 1929 1705 1983; baseline -0.003 -13"><span class='ocrx_word' id='word_1_212' title='bbox 298 1945 342 1983; x_wconf 90' lang='lat' dir='ltr'><strong>p.</strong></span> <span class='ocrx_word' id='word_1_213' title='bbox 366 1931 418 1970; x_wconf 86' lang='lat'>45</span> <span class='ocrx_word' id='word_1_214' title='bbox 442 1933 475 1970; x_wconf 92' lang='lat' dir='ltr'>B</span> <span class='ocrx_word' id='word_1_215' title='bbox 505 1943 587 1980; x_wconf 85' lang='lat' dir='ltr'><strong>sqq.</strong></span> <span class='ocrx_word' id='word_1_216' title='bbox 631 1929 873 1979; x_wconf 79' lang='lat' dir='ltr'>propositam</span> <span class='ocrx_word' id='word_1_217' title='bbox 903 1929 990 1980; x_wconf 87' lang='lat' dir='ltr'>ipse</span> <span class='ocrx_word' id='word_1_218' title='bbox 1025 1930 1345 1966; x_wconf 82' lang='lat' dir='ltr'>Aristoteles</span> <span class='ocrx_word' id='word_1_219' title='bbox 1382 1930 1625 1980; x_wconf 85' lang='lat' dir='ltr'>improbavit</span> <span class='ocrx_word' id='word_1_220' title='bbox 1655 1931 1705 1966; x_wconf 82' lang='lat' dir='ltr'>de</span> 
     </span>
     <span class='ocr_line' id='line_1_25' title="bbox 298 1992 1701 2045; baseline -0.005 -8"><span class='ocrx_word' id='word_1_221' title='bbox 298 2012 405 2037; x_wconf 69' lang='lat' dir='ltr'>eene.</span> <span class='ocrx_word' id='word_1_222' title='bbox 430 2004 470 2034; x_wconf 78' lang='lat' dir='ltr'>et</span> <span class='ocrx_word' id='word_1_223' title='bbox 491 1995 635 2034; x_wconf 72' lang='lat' dir='ltr'>sensili</span> <span class='ocrx_word' id='word_1_224' title='bbox 661 2007 692 2032; x_wconf 91' lang='lat' dir='ltr'><strong>c.</strong></span> <span class='ocrx_word' id='word_1_225' title='bbox 712 1997 750 2031; x_wconf 81' lang='lat'><strong>2.</strong></span> <span class='ocrx_word' id='word_1_226' title='bbox 778 2007 817 2044; x_wconf 87' lang='lat' dir='ltr'><strong>p.</strong></span> <span class='ocrx_word' id='word_1_227' title='bbox 835 1995 940 2042; x_wconf 83' lang='lat'>437,</span> <span class='ocrx_word' id='word_1_228' title='bbox 964 1995 988 2032; x_wconf 89' lang='lat' dir='ltr'><strong>b</strong></span> <span class='ocrx_word' id='word_1_229' title='bbox 1017 1992 1112 2045; x_wconf 84' lang='lat' dir='ltr'><strong>(cfr.</strong></span> <span class='ocrx_word' id='word_1_230' title='bbox 1140 1994 1480 2044; x_wconf 81' lang='lat' dir='ltr'>Theophrast.</span> <span class='ocrx_word' id='word_1_231' title='bbox 1522 1996 1570 2032; x_wconf 86' lang='lat' dir='ltr'>de</span> <span class='ocrx_word' id='word_1_232' title='bbox 1597 2008 1701 2031; x_wconf 78' lang='lat' dir='ltr'>sens.</span> 
     </span>
     <span class='ocr_line' id='line_1_26' title="bbox 299 2058 1702 2117; baseline -0.001 -17"><span class='ocrx_word' id='word_1_233' title='bbox 299 2068 335 2117; x_wconf 84' lang='lat'><strong>§.</strong></span> <span class='ocrx_word' id='word_1_234' title='bbox 356 2068 382 2103; x_wconf 91' lang='lat'><strong>7</strong></span> <span class='ocrx_word' id='word_1_235' title='bbox 406 2076 487 2114; x_wconf 91' lang='lat' dir='ltr'><strong>sqq.</strong></span> <span class='ocrx_word' id='word_1_236' title='bbox 519 2075 559 2114; x_wconf 87' lang='lat' dir='ltr'><strong>p.</strong></span> <span class='ocrx_word' id='word_1_237' title='bbox 585 2058 702 2111; x_wconf 81' lang='lat'>649),</span> <span class='ocrx_word' id='word_1_238' title='bbox 738 2061 932 2111; x_wconf 83' lang='lat' dir='ltr'>longeque</span> <span class='ocrx_word' id='word_1_239' title='bbox 958 2061 1073 2100; x_wconf 77' lang='lat' dir='ltr'>aiiam</span> <span class='ocrx_word' id='word_1_240' title='bbox 1103 2061 1311 2111; x_wconf 86' lang='lat' dir='ltr'>proposuit</span> <span class='ocrx_word' id='word_1_241' title='bbox 1338 2060 1387 2097; x_wconf 86' lang='lat' dir='ltr'>de</span> <span class='ocrx_word' id='word_1_242' title='bbox 1412 2062 1559 2097; x_wconf 82' lang='lat' dir='ltr'>anima</span> <span class='ocrx_word' id='word_1_243' title='bbox 1590 2062 1647 2108; x_wconf 87' lang='grc' dir='ltr'>ΙΙ,</span> <span class='ocrx_word' id='word_1_244' title='bbox 1677 2063 1702 2098; x_wconf 95' lang='lat'><strong>7</strong></span> 
     </span>
     <span class='ocr_line' id='line_1_27' title="bbox 297 2127 1704 2182; baseline -0.004 -13"><span class='ocrx_word' id='word_1_245' title='bbox 297 2144 338 2182; x_wconf 89' lang='lat' dir='ltr'><strong>p.</strong></span> <span class='ocrx_word' id='word_1_246' title='bbox 357 2130 452 2175; x_wconf 83' lang='lat'><strong>418,</strong></span> <span class='ocrx_word' id='word_1_247' title='bbox 475 2128 521 2178; x_wconf 91' lang='lat' dir='ltr'>b,</span> <span class='ocrx_word' id='word_1_248' title='bbox 552 2140 668 2179; x_wconf 81' lang='lat' dir='ltr'>quam</span> <span class='ocrx_word' id='word_1_249' title='bbox 688 2127 875 2165; x_wconf 85' lang='lat' dir='ltr'>brevibus</span> <span class='ocrx_word' id='word_1_250' title='bbox 892 2127 1025 2166; x_wconf 88' lang='lat' dir='ltr'>verbis</span> <span class='ocrx_word' id='word_1_251' title='bbox 1042 2127 1144 2164; x_wconf 87' lang='lat' dir='ltr'>bene</span> <span class='ocrx_word' id='word_1_252' title='bbox 1162 2127 1217 2164; x_wconf 90' lang='lat' dir='ltr'>sic</span> <span class='ocrx_word' id='word_1_253' title='bbox 1233 2127 1415 2176; x_wconf 86' lang='lat' dir='ltr'>exposuit</span> <span class='ocrx_word' id='word_1_254' title='bbox 1442 2127 1704 2164; x_wconf 83' lang='lat' dir='ltr'>Nemesius</span> 
     </span>
     <span class='ocr_line' id='line_1_28' title="bbox 297 2189 1704 2244; baseline -0.005 -8"><span class='ocrx_word' id='word_1_255' title='bbox 297 2197 348 2236; x_wconf 77' lang='lat' dir='ltr'>de</span> <span class='ocrx_word' id='word_1_256' title='bbox 367 2203 457 2235; x_wconf 80' lang='lat' dir='ltr'><strong>nat.</strong></span> <span class='ocrx_word' id='word_1_257' title='bbox 476 2194 629 2232; x_wconf 76' lang='lat' dir='ltr'>homin.</span> <span class='ocrx_word' id='word_1_258' title='bbox 651 2207 683 2231; x_wconf 89' lang='lat' dir='ltr'><strong>c.</strong></span> <span class='ocrx_word' id='word_1_259' title='bbox 703 2197 741 2232; x_wconf 92' lang='lat'>7.</span> <span class='ocrx_word' id='word_1_260' title='bbox 773 2206 811 2244; x_wconf 77' lang='lat' dir='ltr'><strong>p.</strong></span> <span class='ocrx_word' id='word_1_261' title='bbox 837 2196 938 2233; x_wconf 82' lang='lat'>139:</span> <span class='ocrx_word' id='word_1_262' title='bbox 973 2190 1023 2232; x_wconf 79' lang='grc' dir='ltr'>Οἳ</span> <span class='ocrx_word' id='word_1_263' title='bbox 1047 2189 1307 2244; x_wconf 76' lang='grc' dir='ltr'><em>Ἐπικούρειοι</em></span> <span class='ocrx_word' id='word_1_264' title='bbox 1338 2189 1482 2230; x_wconf 75' lang='grc' dir='ltr'><em>εἴδωλα</em></span> <span class='ocrx_word' id='word_1_265' title='bbox 1509 2193 1587 2231; x_wconf 80' lang='grc' dir='ltr'>τῶν</span> <span class='ocrx_word' id='word_1_266' title='bbox 1610 2194 1704 2244; x_wconf 76' lang='lat' dir='ltr'>spat-</span> 
     </span>
     <span class='ocr_line' id='line_1_29' title="bbox 297 2255 1704 2313; baseline -0.005 -12"><span class='ocrx_word' id='word_1_267' title='bbox 297 2260 473 2313; x_wconf 81' lang='grc' dir='ltr'><em>νομένων</em></span> <span class='ocrx_word' id='word_1_268' title='bbox 500 2259 759 2312; x_wconf 78' lang='grc' dir='ltr'><em>προσπίπτειν</em></span> <span class='ocrx_word' id='word_1_269' title='bbox 788 2264 873 2306; x_wconf 79' lang='grc' dir='ltr'><em>τοῖς</em></span> <span class='ocrx_word' id='word_1_270' title='bbox 900 2257 1133 2313; x_wconf 71' lang='grc' dir='ltr'><em>ὀφθαλμοῖς</em></span> <span class='ocrx_word' id='word_1_271' title='bbox 1155 2256 1327 2312; x_wconf 79' lang='grc' dir='ltr'>(φασίν).</span> <span class='ocrx_word' id='word_1_272' title='bbox 1359 2256 1632 2308; x_wconf 79' lang='grc' dir='ltr'><em>Ἀριστοτέλης</em></span> <span class='ocrx_word' id='word_1_273' title='bbox 1659 2255 1704 2295; x_wconf 79' lang='grc' dir='ltr'>δὲ</span> 
     </span>
     <span class='ocr_line' id='line_1_30' title="bbox 299 2321 1702 2376; baseline -0.005 -9"><span class='ocrx_word' id='word_1_274' title='bbox 299 2326 373 2367; x_wconf 79' lang='grc' dir='ltr'>οὐκ</span> <span class='ocrx_word' id='word_1_275' title='bbox 400 2325 564 2367; x_wconf 77' lang='grc' dir='ltr'><em>εἴδωλον</em></span> <span class='ocrx_word' id='word_1_276' title='bbox 593 2323 841 2376; x_wconf 84' lang='grc' dir='ltr'><em>σωματικόν,</em></span> <span class='ocrx_word' id='word_1_277' title='bbox 888 2323 990 2364; x_wconf 78' lang='grc' dir='ltr'><strong>ἀλλὰ</strong></span> <span class='ocrx_word' id='word_1_278' title='bbox 1024 2322 1219 2376; x_wconf 83' lang='grc' dir='ltr'><em>ποιότητα</em></span> <span class='ocrx_word' id='word_1_279' title='bbox 1258 2322 1314 2364; x_wconf 76' lang='grc' dir='ltr'>δι’</span> <span class='ocrx_word' id='word_1_280' title='bbox 1350 2321 1595 2369; x_wconf 77' lang='grc' dir='ltr'><em>ἀλλοιώσεως</em></span> <span class='ocrx_word' id='word_1_281' title='bbox 1631 2324 1702 2360; x_wconf 83' lang='grc' dir='ltr'>τοῦ</span> 
     </span>
     <span class='ocr_line' id='line_1_31' title="bbox 297 2388 1700 2446; baseline -0.007 -12"><span class='ocrx_word' id='word_1_282' title='bbox 297 2392 410 2446; x_wconf 75' lang='grc' dir='ltr'><em>πέριξ</em></span> <span class='ocrx_word' id='word_1_283' title='bbox 437 2391 554 2445; x_wconf 82' lang='grc' dir='ltr'><em>ἀέρος</em></span> <span class='ocrx_word' id='word_1_284' title='bbox 582 2389 659 2431; x_wconf 84' lang='grc' dir='ltr'>ἀπὸ</span> <span class='ocrx_word' id='word_1_285' title='bbox 688 2394 768 2432; x_wconf 85' lang='grc' dir='ltr'>τῶν</span> <span class='ocrx_word' id='word_1_286' title='bbox 798 2388 953 2445; x_wconf 77' lang='grc' dir='ltr'><em>ὁρατῶν</em></span> <span class='ocrx_word' id='word_1_287' title='bbox 983 2389 1074 2445; x_wconf 76' lang='grc' dir='ltr'><em>ἄχρι</em></span> <span class='ocrx_word' id='word_1_288' title='bbox 1102 2393 1174 2443; x_wconf 78' lang='grc' dir='ltr'>τῆς</span> <span class='ocrx_word' id='word_1_289' title='bbox 1201 2388 1333 2442; x_wconf 75' lang='grc' dir='ltr'><em>ὄψεως</em></span> <span class='ocrx_word' id='word_1_290' title='bbox 1352 2389 1638 2441; x_wconf 67' lang='grc' dir='ltr'><em>παραγίνεσθαι</em></span> <span class='ocrx_word' id='word_1_291' title='bbox 1650 2388 1700 2438; x_wconf 67' lang='lat'><strong>²*).</strong></span> 
     </span>
     <span class='ocr_line' id='line_1_32' title="bbox 300 2455 1701 2510; baseline -0.006 -11"><span class='ocrx_word' id='word_1_292' title='bbox 300 2460 493 2510; x_wconf 75' lang='lat' dir='ltr'>Quamvis</span> <span class='ocrx_word' id='word_1_293' title='bbox 516 2465 646 2497; x_wconf 86' lang='lat' dir='ltr'>autem</span> <span class='ocrx_word' id='word_1_294' title='bbox 671 2459 756 2508; x_wconf 84' lang='lat' dir='ltr'>ipse</span> <span class='ocrx_word' id='word_1_295' title='bbox 784 2459 1104 2498; x_wconf 81' lang='lat' dir='ltr'>Aristoteles</span> <span class='ocrx_word' id='word_1_296' title='bbox 1134 2459 1210 2496; x_wconf 87' lang='lat' dir='ltr'>alio</span> <span class='ocrx_word' id='word_1_297' title='bbox 1230 2459 1316 2496; x_wconf 86' lang='lat' dir='ltr'>loco</span> <span class='ocrx_word' id='word_1_298' title='bbox 1331 2485 1342 2505; x_wconf 88' lang='lat'>‚</span> <span class='ocrx_word' id='word_1_299' title='bbox 1371 2469 1486 2505; x_wconf 90' lang='lat' dir='ltr'>quem</span> <span class='ocrx_word' id='word_1_300' title='bbox 1505 2467 1623 2504; x_wconf 74' lang='lat' dir='ltr'>supra</span> <span class='ocrx_word' id='word_1_301' title='bbox 1650 2455 1701 2492; x_wconf 83' lang='lat' dir='ltr'>ad</span> 
     </span>
     <span class='ocr_line' id='line_1_33' title="bbox 299 2519 1700 2578; baseline -0.004 -14"><span class='ocrx_word' id='word_1_302' title='bbox 299 2525 640 2578; x_wconf 82' lang='lat' dir='ltr'>Olympiodorum</span> <span class='ocrx_word' id='word_1_303' title='bbox 667 2525 855 2577; x_wconf 84' lang='lat' dir='ltr'>adscripsi</span> <span class='ocrx_word' id='word_1_304' title='bbox 883 2524 1214 2578; x_wconf 55' lang='lat' dir='ltr'>(PlcyffiAascult.</span> <span class='ocrx_word' id='word_1_305' title='bbox 1241 2525 1279 2564; x_wconf 90' lang='lat' dir='ltr'><strong>H</strong></span> <span class='ocrx_word' id='word_1_306' title='bbox 1286 2549 1300 2569; x_wconf 86' lang='lat'><em>‚</em></span> <span class='ocrx_word' id='word_1_307' title='bbox 1329 2519 1403 2572; x_wconf 85' lang='lat'>8),</span> <span class='ocrx_word' id='word_1_308' title='bbox 1430 2520 1502 2557; x_wconf 85' lang='lat' dir='ltr'>hac</span> <span class='ocrx_word' id='word_1_309' title='bbox 1531 2519 1581 2558; x_wconf 86' lang='lat' dir='ltr'>de</span> <span class='ocrx_word' id='word_1_310' title='bbox 1611 2521 1700 2559; x_wconf 88' lang='lat' dir='ltr'>visu</span> 
     </span>
    </p>
   </div>
   <div class='ocr_carea' id='block_1_3' title="bbox 296 2623 568 2631">
    <p class='ocr_par' dir='ltr' id='par_1_4' title="bbox 296 2623 568 2631">
     <span class='ocr_line' id='line_1_34' title="bbox 296 2623 568 2631; baseline 0 527"><span class='ocrx_word' id='word_1_311' title='bbox 296 2623 568 2631; x_wconf 95' lang='lat' dir='ltr'> </span> 
     </span>
    </p>
   </div>
   <div class='ocr_carea' id='block_1_4' title="bbox 340 2682 1698 2843">
    <p class='ocr_par' dir='ltr' id='par_1_5' title="bbox 340 2682 1698 2843">
     <span class='ocr_line' id='line_1_35' title="bbox 340 2682 1698 2734; baseline -0.005 -11"><span class='ocrx_word' id='word_1_312' title='bbox 340 2689 380 2734; x_wconf 85' lang='grc'>*)</span> <span class='ocrx_word' id='word_1_313' title='bbox 402 2690 751 2725; x_wconf 59' lang='lat' dir='ltr'>Diversas‘veterum</span> <span class='ocrx_word' id='word_1_314' title='bbox 774 2690 816 2723; x_wconf 90' lang='lat' dir='ltr'>de</span> <span class='ocrx_word' id='word_1_315' title='bbox 846 2700 948 2722; x_wconf 80' lang='lat' dir='ltr'>causa</span> <span class='ocrx_word' id='word_1_316' title='bbox 970 2688 1067 2723; x_wconf 85' lang='lat' dir='ltr'>visus</span> <span class='ocrx_word' id='word_1_317' title='bbox 1093 2685 1274 2729; x_wconf 81' lang='lat' dir='ltr'>opiniones</span> <span class='ocrx_word' id='word_1_318' title='bbox 1308 2682 1469 2726; x_wconf 79' lang='lat' dir='ltr'>exposuit</span> <span class='ocrx_word' id='word_1_319' title='bbox 1497 2682 1698 2716; x_wconf 77' lang='lat' dir='ltr'>Schnei-</span> 
     </span>
     <span class='ocr_line' id='line_1_36' title="bbox 387 2738 1697 2787; baseline -0.008 -5"><span class='ocrx_word' id='word_1_320' title='bbox 387 2746 468 2778; x_wconf 85' lang='lat' dir='ltr'>der</span> <span class='ocrx_word' id='word_1_321' title='bbox 496 2746 539 2778; x_wconf 86' lang='lat' dir='ltr'>ad</span> <span class='ocrx_word' id='word_1_322' title='bbox 561 2747 672 2785; x_wconf 78' lang='lat' dir='ltr'><strong>Eczog.</strong></span> <span class='ocrx_word' id='word_1_323' title='bbox 697 2746 793 2786; x_wconf 81' lang='lat' dir='ltr'><strong>Phys.</strong></span> <span class='ocrx_word' id='word_1_324' title='bbox 823 2745 927 2778; x_wconf 89' lang='lat' dir='ltr'><strong>Tom.</strong></span> <span class='ocrx_word' id='word_1_325' title='bbox 956 2746 1001 2778; x_wconf 89' lang='lat'>11.</span> <span class='ocrx_word' id='word_1_326' title='bbox 1036 2756 1070 2787; x_wconf 87' lang='lat' dir='ltr'><strong>p.</strong></span> <span class='ocrx_word' id='word_1_327' title='bbox 1093 2741 1159 2776; x_wconf 83' lang='lat'>245</span> <span class='ocrx_word' id='word_1_328' title='bbox 1183 2751 1257 2783; x_wconf 75' lang='lat' dir='ltr'><strong>sqq.</strong></span> <span class='ocrx_word' id='word_1_329' title='bbox 1292 2739 1335 2771; x_wconf 82' lang='lat' dir='ltr'>ad</span> <span class='ocrx_word' id='word_1_330' title='bbox 1365 2738 1503 2772; x_wconf 82' lang='lat' dir='ltr'>Vitru</span> <span class='ocrx_word' id='word_1_331' title='bbox 1514 2750 1549 2774; x_wconf 83' lang='lat' dir='ltr'><strong>v.</strong></span> <span class='ocrx_word' id='word_1_332' title='bbox 1584 2738 1697 2780; x_wconf 80' lang='lat' dir='ltr'><strong>Praef.</strong></span> 
     </span>
     <span class='ocr_line' id='line_1_37' title="bbox 383 2800 832 2843; baseline -0.002 -9"><span class='ocrx_word' id='word_1_333' title='bbox 383 2801 488 2834; x_wconf 82' lang='lat' dir='ltr'><strong>Tom.</strong></span> <span class='ocrx_word' id='word_1_334' title='bbox 511 2801 540 2834; x_wconf 92' lang='lat'><strong>1.</strong></span> <span class='ocrx_word' id='word_1_335' title='bbox 575 2811 610 2843; x_wconf 82' lang='lat' dir='ltr'><strong>p.</strong></span> <span class='ocrx_word' id='word_1_336' title='bbox 635 2800 755 2834; x_wconf 88' lang='lat' dir='ltr'><strong>XLIV</strong></span> <span class='ocrx_word' id='word_1_337' title='bbox 778 2811 832 2842; x_wconf 79' lang='lat' dir='ltr'>sq.</span> 
     </span>
    </p>
   </div>
  </div>
 </body>
</html>
