1820 3158
300 351 358 392 72
406 358 786 401 ——12·3⁵⁵‚b-Bekk·—
853 360 1229 399 LIB.11.CAP.11.
1314 358 1678 402 ——p.7340,H.Cas.-.-

293 465 460 520 ἁθρόων
503 466 562 508 ἀεὶ
603 467 649 508 τὸ
690 465 978 521 ἀφικνούμενον
1016 467 1071 513 εἰς
1107 464 1235 518 ἀχανῆ
1285 466 1350 506 καὶ
1387 468 1539 510 πλατὺν
1578 467 1703 510 τόπον

293 531 593 588 ἀναξηραίνεται
621 531 721 584 ταχὺ
751 532 816 573 καὶ
842 531 1013 586 ἀδήλως.
1043 531 1089 573 τὸ
1112 531 1156 571 δ’
1181 531 1223 572 ἓν
1245 535 1302 587 τῷ
1330 533 1508 575 Φαίδωνι
1533 549 1704 589 γεγραμ-

290 598 409 649 μένον
437 600 529 652 περί
553 614 594 639 τε
621 602 701 639 τῶν
726 601 918 649 ποταμῶν
947 599 1011 639 καὶ
1032 601 1104 651 τῆς
1129 595 1340 652 θαλάττης
1369 596 1567 640 ἀδύνατόν
1587 600 1703 641 ἔστιν.

202 665 207 670 ’
241 670 292 704 20
322 671 385 705 20.
407 665 580 717 Λέγεται
598 664 697 717 γάρ,
728 662 783 711 ὣς
802 661 961 705 ἅπαντα
988 664 1061 716 μὲν
1092 664 1146 711 εἷς
1168 662 1322 718 ἄλληλα
1348 664 1605 719 συντέτρηται
1624 662 1702 707 ὕπὸ

282 733 384 783 γῆν,
414 729 516 784 ἀρχὴ
548 730 591 770 δὲ
620 728 780 770 πάντων
810 729 867 782 εἴη
898 730 963 770 καὶ
992 728 1095 783 πηγὴ
1126 733 1206 770 τῶν
1233 727 1392 772 ὑδάτων
1415 729 1436 772 ὃ
1462 730 1706 784 καλούμενος

298 794 528 850 Τάρταρος,
573 797 661 847 περὶ
690 795 736 837 τὸ
766 795 891 848 μέσου
926 794 1076 843 ὕδατός
1110 811 1148 836 τι
1177 799 1357 848 πλῆθος,
1396 797 1438 846 ἐξ
1466 791 1514 839 οὗ
1554 799 1620 838 καὶ
1655 797 1706 838 τὰ

294 861 434 915 ῥέοντα
463 864 528 903 καὶ
558 861 608 903 τὰ
636 861 692 915 μὴ
726 860 867 918 ῥέοντα
898 863 1116 903 ἀναδίδωσι
1146 861 1297 902 πάντα·
1335 861 1408 915 τὴν
1436 863 1476 905 δ’
1500 864 1705 919 ἐπίρρυσιν

293 934 416 970 ποιεῖν
445 928 511 983 ἔφ’
535 928 682 970 ἕκαστα
711 932 791 970 τῶν
821 926 1030 983 ῥευμάτων
1059 927 1126 969 διὰ
1155 927 1200 969 τὸ
1231 927 1406 970 σαλεύειν
1433 928 1492 971 ἀεὶ
1520 929 1566 971 τὸ
1597 934 1707 986 πρῶ-

292 1010 363 1036 τον
389 996 453 1036 καὶ
482 994 555 1048 τὴν
577 993 726 1049 ἀρχήν·
757 994 829 1036 οὐκ
859 994 957 1046 ἔχειν
984 993 1060 1049 γὰρ
1091 994 1224 1048 ἕδραν,
1258 994 1348 1035 ἀλλ’
1374 994 1432 1037 ἀεὶ
1462 997 1549 1051 περὶ
1568 995 1615 1037 τὸ
1635 996 1708 1048 μέ-

240 1066 289 1101 21
304 1074 376 1101 σον
404 1061 610 1102 εἶλεῖσθαι.
663 1067 746 1101 ,21.
786 1059 1034 1113 Κινούμενον
1066 1060 1107 1101 δ’
1137 1060 1219 1102 ἄνω
1250 1062 1316 1102 καὶ
1345 1060 1454 1103 κάτω
1484 1068 1608 1104 ποιεῖν
1636 1061 1707 1116 τὴν

293 1126 471 1181 ἐπίχυσιν
499 1133 584 1175 τοῖς
613 1126 818 1182 ῥεύμασιν.
868 1126 919 1167 τὰ
949 1126 992 1168 δὲ
1021 1130 1225 1179 πολλαχοῦ
1256 1128 1330 1179 μὲν
1360 1126 1579 1180 λιμνάζειν,
1621 1129 1708 1170 οἵαν

293 1193 358 1233 καὶ
396 1192 469 1245 τὴν
506 1192 603 1247 παρ’
638 1190 732 1245 ἡμῖν
763 1190 860 1234 εἶναι
888 1192 1129 1240 θάλασσαν,
1179 1192 1311 1233 πάντα
1345 1194 1388 1234 δὲ
1417 1193 1537 1235 πάλιν
1575 1193 1707 1250 κύκλῳ

294 1258 490 1312 περιάγειν
528 1261 582 1307 εἷς
614 1259 686 1313 τὴν
717 1257 870 1312 ἀρχήν,
912 1258 1012 1301 ὅθεν
1040 1258 1214 1313 ἤρξαντο
1241 1258 1342 1314 ῥεῖν,
1381 1259 1509 1301 πολλὰ
1538 1261 1613 1313 μὲν
1643 1262 1707 1302 καὶ

294 1323 503 1366 κατὰψτὸν
544 1325 665 1366 αὐτὸν
705 1324 853 1375 τόπον,
900 1325 952 1367 τὰ
983 1326 1026 1367 δὲ
1055 1326 1120 1367 καὶ
1151 1325 1391 1380 καταντικρὺ
1419 1330 1469 1382 τῇ
1497 1326 1609 1369 θέσει
1637 1331 1709 1379 τῆς

293 1390 458 1445 ἐκροῆς,
509 1388 593 1432 οἷον
631 1394 664 1433 εἰ
702 1390 781 1446 ῥεῖν
809 1391 981 1447 ἤρξαντο
1021 1390 1228 1441 κάτωθεν,
1275 1391 1433 1433 ἄνωθεν
1471 1392 1705 1445 εἴσβάλλειν.

293 1453 389 1497 εἶναι
420 1458 464 1497 δὲ
492 1457 608 1512 μέχρι
638 1462 710 1500 τοῦ
737 1459 863 1511 μέσον
891 1459 965 1512 τὴν
994 1458 1183 1500 κάθεσιν·
1229 1458 1275 1499 τὸ
1313 1458 1388 1512 γὰρ
1429 1459 1567 1501 λοιπὸν
1605 1458 1708 1510 πρὸς

295 1521 459 1570 ἄναντες
485 1522 562 1576 ἤδη
596 1528 715 1565 πᾶσιν
744 1523 841 1566 εἶναι
863 1525 934 1578 τὴν
951 1523 1095 1580 φοράν.
1125 1523 1219 1572 τοὺς
1248 1525 1292 1565 δὲ
1316 1525 1472 1577 χυμοὺς
1500 1527 1564 1566 καὶ
1581 1524 1708 1579 χρόας

240 1594 291 1629 22
304 1587 425 1640 ἴσχειν
446 1588 492 1629 τὸ
519 1588 631 1644 ὕδωρ
661 1589 717 1630 δι’
744 1591 830 1640 οἵας
860 1590 907 1632 ἂν
927 1590 1074 1643 τύχωσι
1094 1589 1236 1644 ῥέοντα
1254 1594 1335 1644 γῆς.
1395 1598 1460 1632 22.
1491 1592 1707 1644 Συμβαίνει

294 1721 526 1770 fluentibus,
557 1723 616 1771 id,
646 1723 752 1775 quod
774 1725 816 1762 in
837 1729 992 1762 vastum
1019 1724 1221 1775 latumque
1244 1726 1373 1763 locum
1396 1725 1600 1775 pervenit,
1629 1726 1707 1763 cito

293 1802 449 1839 semper
468 1796 585 1840 atque
601 1792 752 1828 occulte
772 1791 1003 1829 exsiccatur.
1059 1790 1165 1829 Illud
1191 1797 1322 1828 autem
1350 1790 1436 1828 fieri
1464 1804 1546 1829 non
1566 1797 1707 1842 potest,

294 1855 401 1904 quod
422 1855 473 1893 de
492 1856 723 1894 fluminibus
744 1863 783 1894 et
803 1856 901 1893 mari
928 1857 969 1893 in
985 1855 1195 1895 Phaedone
1212 1859 1403 1907 scriptum
1424 1863 1495 1896 est.
1534 1860 1599 1895 20.
1613 1858 1709 1895 Mu-

294 1921 371 1958 tuis
381 1922 484 1958 enim
496 1922 566 1959 ista
588 1923 777 1960 meatibus
797 1922 902 1959 inter
921 1935 961 1959 se
979 1922 1049 1959 sub
1062 1928 1169 1960 terra
1181 1936 1416 1961 concurrere
1427 1922 1583 1970 dicitur,
1594 1924 1706 1973 prin-

294 1987 520 2038 cipiumque
542 1994 581 2025 et
600 1989 752 2026 fontem
782 2001 971 2039 aquarum
996 1988 1170 2025 omnium
1192 1989 1234 2026 id
1255 2003 1358 2036 esse,
1388 1989 1492 2038 quod
1515 1990 1706 2027 Tartarus

294 2054 541 2101 nominatur,
581 2054 768 2102 quaedam
805 2054 991 2092 videlicet
1012 2067 1134 2104 aquae
1161 2056 1273 2105 copia
1292 2056 1333 2092 in
1356 2055 1486 2092 medio
1509 2056 1655 2106 posita,
1684 2069 1706 2093 e

293 2130 370 2170 quo
388 2125 467 2156 tam
489 2119 656 2158 fluentes
677 2134 821 2168 amnes,
850 2134 965 2170 quam
982 2134 1062 2158 non
1086 2120 1253 2158 fluentes
1272 2120 1503 2159 reddantur.
1558 2123 1606 2159 In
1624 2123 1701 2160 sin·

293 2186 403 2235 gulos
423 2192 552 2223 autem
574 2186 720 2224 fluvios
737 2186 933 2224 influxum
956 2185 1056 2231 fieri,
1087 2193 1300 2237 propterea
1325 2187 1428 2237 quod
1451 2188 1625 2238 primum
1644 2194 1706 2226 at-

295 2263 372 2301 que
399 2252 640 2303 principium
666 2253 845 2303 agitetur.
901 2253 994 2291 Non
1020 2254 1124 2291 enim
1145 2253 1277 2291 sedem
1293 2283 1302 2299 ,
1341 2254 1382 2291 in
1410 2267 1485 2304 qua
1509 2254 1705 2302 consistat,

293 2315 460 2360 habere,
488 2317 557 2356 sed
579 2319 681 2356 circa
711 2318 887 2356 medium
915 2325 1106 2370 perpetuo
1138 2321 1309 2358 revolvi.
1377 2324 1444 2358 21.
1482 2321 1706 2359 Nonnullos

293 2389 425 2420 autem
445 2385 578 2422 multis
595 2385 636 2422 in
655 2385 750 2423 locis
767 2391 969 2435 stagnare,
997 2386 1124 2423 veluti
1144 2386 1249 2436 apud
1270 2399 1340 2423 nos
1360 2400 1469 2424 mare
1488 2393 1557 2425 est.
1595 2388 1705 2425 Rur-

293 2461 357 2485 sus
380 2461 514 2487 omnes
537 2451 798 2501 principium,
830 2464 851 2488 e
874 2464 951 2501 quo
972 2451 1098 2490 fluere
1129 2458 1369 2502 coeperunt,
1406 2453 1446 2489 in
1469 2452 1607 2490 orbem
1635 2466 1704 2490 re-

293 2519 450 2564 petere,
486 2516 628 2553 multos
655 2517 814 2567 quidem
839 2531 912 2568 per
940 2518 1109 2555 eundem
1134 2518 1285 2565 locum,
1315 2518 1464 2567 aliquos
1482 2531 1603 2566 vero,
1630 2531 1703 2569 per

293 2593 384 2618 eum
403 2581 470 2631 qui
489 2580 699 2619 adversum
720 2584 780 2621 illi
799 2583 930 2621 locum
951 2585 1138 2630 obtineat,
1170 2598 1192 2621 e
1213 2597 1290 2634 quo
1310 2583 1577 2629 effluxerunt,
1606 2590 1650 2621 ut
1670 2585 1701 2622 si

293 2658 342 2682 ex
364 2645 494 2684 infero
521 2647 608 2684 loco
636 2648 763 2687 fluere
788 2650 963 2700 coeperit
991 2652 1032 2688 in
1051 2663 1198 2700 supero
1218 2649 1398 2688 influere.
1453 2650 1550 2688 Esse
1569 2655 1701 2687 autem

291 2709 519 2750 descensum
548 2727 670 2764 usque
698 2715 747 2751 ad
775 2716 960 2753 medium.
1010 2717 1221 2766 Reliquum
1239 2715 1343 2754 enim
1364 2727 1520 2753 omnem
1541 2729 1700 2753 cursum

290 2776 472 2815 omnibus
501 2778 578 2816 iam
606 2793 803 2817 ascensum
836 2794 930 2818 esse.
990 2783 1154 2830 sapores
1185 2781 1300 2819 etiam
1328 2787 1367 2819 et
1387 2781 1539 2819 colores
1561 2794 1699 2831 aquam
