<?xml version="1.0" encoding="UTF-8"?>
<!DOCTYPE html PUBLIC "-//W3C//DTD XHTML 1.0 Transitional//EN"
    "http://www.w3.org/TR/xhtml1/DTD/xhtml1-transitional.dtd">
<html xmlns="http://www.w3.org/1999/xhtml" xml:lang="en" lang="en">
 <head>
  <title>
</title>
<meta http-equiv="Content-Type" content="text/html;charset=utf-8" />
  <meta name='ocr-system' content='tesseract 3.04.00' />
  <meta name='ocr-capabilities' content='ocr_page ocr_carea ocr_par ocr_line ocrx_word'/>
</head>
<body>
  <div class='ocr_page' id='page_1' title='image "./meteorologicorum01arisuoft_0447.png"; bbox 0 0 1780 3204; ppageno 0'>
   <div class='ocr_carea' id='block_1_1' title="bbox 0 0 20 961">
    <p class='ocr_par' dir='ltr' id='par_1_1' title="bbox 0 0 20 961">
     <span class='ocr_line' id='line_1_1' title="bbox 0 0 20 961; baseline 0 0"><span class='ocrx_word' id='word_1_1' title='bbox 0 0 20 961; x_wconf 95' lang='lat' dir='ltr'><strong> </strong></span> 
     </span>
    </p>
   </div>
   <div class='ocr_carea' id='block_1_2' title="bbox 440 385 1537 439">
    <p class='ocr_par' dir='ltr' id='par_1_2' title="bbox 440 385 1537 439">
     <span class='ocr_line' id='line_1_2' title="bbox 440 385 1537 439; baseline -0.009 0"><span class='ocrx_word' id='word_1_2' title='bbox 440 398 664 439; x_wconf 91' lang='lat' dir='ltr'>LIBRUM</span> <span class='ocrx_word' id='word_1_3' title='bbox 693 396 934 438; x_wconf 88' lang='lat' dir='ltr'>PRIMUM.</span> <span class='ocrx_word' id='word_1_4' title='bbox 991 396 1107 437; x_wconf 88' lang='lat' dir='ltr'><strong>CAP.</strong></span> <span class='ocrx_word' id='word_1_5' title='bbox 1116 396 1212 439; x_wconf 89' lang='lat' dir='ltr'><strong>VII.</strong></span> <span class='ocrx_word' id='word_1_6' title='bbox 1441 385 1537 430; x_wconf 87' lang='grc'><strong>407</strong></span> 
     </span>
    </p>
   </div>
   <div class='ocr_carea' id='block_1_3' title="bbox 103 505 1541 2923">
    <p class='ocr_par' dir='ltr' id='par_1_3' title="bbox 103 505 1541 2776">
     <span class='ocr_line' id='line_1_3' title="bbox 110 505 1539 566; baseline -0.003 -14"><span class='ocrx_word' id='word_1_7' title='bbox 110 517 188 563; x_wconf 88' lang='grc'><strong>78,</strong></span> <span class='ocrx_word' id='word_1_8' title='bbox 210 514 236 552; x_wconf 93' lang='grc'><strong>4</strong></span> <span class='ocrx_word' id='word_1_9' title='bbox 263 513 401 551; x_wconf 73' lang='lat' dir='ltr'><strong>verbis</strong></span> <span class='ocrx_word' id='word_1_10' title='bbox 427 528 556 566; x_wconf 78' lang='lat' dir='ltr'><strong>prope</strong></span> <span class='ocrx_word' id='word_1_11' title='bbox 587 513 758 561; x_wconf 73' lang='lat' dir='ltr'><strong>iisdem,</strong></span> <span class='ocrx_word' id='word_1_12' title='bbox 788 512 936 564; x_wconf 78' lang='lat' dir='ltr'><strong>quibus</strong></span> <span class='ocrx_word' id='word_1_13' title='bbox 965 511 1186 556; x_wconf 89' lang='lat' dir='ltr'><strong>Marmor,</strong></span> <span class='ocrx_word' id='word_1_14' title='bbox 1222 508 1297 547; x_wconf 80' lang='lat' dir='ltr'><strong>sed</strong></span> <span class='ocrx_word' id='word_1_15' title='bbox 1321 507 1466 547; x_wconf 74' lang='lat' dir='ltr'><strong>addito</strong></span> <span class='ocrx_word' id='word_1_16' title='bbox 1495 505 1539 547; x_wconf 71' lang='grc' dir='ltr'><strong>ἐκ</strong></span> 
     </span>
     <span class='ocr_line' id='line_1_4' title="bbox 108 563 1538 633; baseline -0.004 -14"><span class='ocrx_word' id='word_1_17' title='bbox 108 582 182 620; x_wconf 83' lang='grc' dir='ltr'><strong>τοῦ</strong></span> <span class='ocrx_word' id='word_1_18' title='bbox 207 577 398 633; x_wconf 78' lang='grc' dir='ltr'><strong>οὐρανοῦ.</strong></span> <span class='ocrx_word' id='word_1_19' title='bbox 447 581 530 631; x_wconf 82' lang='lat' dir='ltr'><strong>csr.</strong></span> <span class='ocrx_word' id='word_1_20' title='bbox 564 582 696 619; x_wconf 79' lang='lat' dir='ltr'><strong>etiam</strong></span> <span class='ocrx_word' id='word_1_21' title='bbox 723 579 876 619; x_wconf 78' lang='lat' dir='ltr'><strong>chron.</strong></span> <span class='ocrx_word' id='word_1_22' title='bbox 903 579 974 618; x_wconf 85' lang='lat' dir='ltr'><strong>Gr.</strong></span> <span class='ocrx_word' id='word_1_23' title='bbox 1000 591 1041 630; x_wconf 90' lang='lat' dir='ltr'><strong>p.</strong></span> <span class='ocrx_word' id='word_1_24' title='bbox 1066 577 1133 617; x_wconf 86' lang='lat'><strong>54.</strong></span> <span class='ocrx_word' id='word_1_25' title='bbox 1188 575 1339 615; x_wconf 75' lang='lat' dir='ltr'><strong>Chron.</strong></span> <span class='ocrx_word' id='word_1_26' title='bbox 1360 563 1538 614; x_wconf 78' lang='lat' dir='ltr'><strong>Hieron.</strong></span> 
     </span>
     <span class='ocr_line' id='line_1_5' title="bbox 108 643 1540 701; baseline -0.003 -14"><span class='ocrx_word' id='word_1_27' title='bbox 108 661 146 700; x_wconf 92' lang='lat' dir='ltr'><strong>p.</strong></span> <span class='ocrx_word' id='word_1_28' title='bbox 181 653 246 687; x_wconf 86' lang='lat'><strong>32.</strong></span> <span class='ocrx_word' id='word_1_29' title='bbox 303 647 434 699; x_wconf 84' lang='lat' dir='ltr'><em>Apud</em></span> <span class='ocrx_word' id='word_1_30' title='bbox 469 651 636 687; x_wconf 81' lang='lat' dir='ltr'><strong>Maium</strong></span> <span class='ocrx_word' id='word_1_31' title='bbox 672 663 713 701; x_wconf 87' lang='lat' dir='ltr'><strong>p.</strong></span> <span class='ocrx_word' id='word_1_32' title='bbox 744 650 823 687; x_wconf 88' lang='lat'><strong>389</strong></span> <span class='ocrx_word' id='word_1_33' title='bbox 862 645 976 685; x_wconf 74' lang='lat' dir='ltr'><strong>locus</strong></span> <span class='ocrx_word' id='word_1_34' title='bbox 1008 645 1261 696; x_wconf 81' lang='lat' dir='ltr'><strong>depravatus</strong></span> <span class='ocrx_word' id='word_1_35' title='bbox 1301 651 1372 681; x_wconf 85' lang='lat' dir='ltr'><strong>est.</strong></span> <span class='ocrx_word' id='word_1_36' title='bbox 1430 643 1540 682; x_wconf 84' lang='lat' dir='ltr'><strong>Haec</strong></span> 
     </span>
     <span class='ocr_line' id='line_1_6' title="bbox 108 711 1540 765; baseline -0.004 -11"><span class='ocrx_word' id='word_1_37' title='bbox 108 715 420 755; x_wconf 88' lang='lat' dir='ltr'><strong>Boeckhius.</strong></span> <span class='ocrx_word' id='word_1_38' title='bbox 481 716 596 765; x_wconf 84' lang='lat' dir='ltr'><strong>Quae</strong></span> <span class='ocrx_word' id='word_1_39' title='bbox 616 716 689 754; x_wconf 85' lang='lat' dir='ltr'><strong>etsi</strong></span> <span class='ocrx_word' id='word_1_40' title='bbox 714 715 842 754; x_wconf 86' lang='lat' dir='ltr'><strong>cuivis</strong></span> <span class='ocrx_word' id='word_1_41' title='bbox 871 713 1117 753; x_wconf 82' lang='lat' dir='ltr'><strong>videbuntur</strong></span> <span class='ocrx_word' id='word_1_42' title='bbox 1141 711 1385 764; x_wconf 83' lang='lat' dir='ltr'><strong>probabilia,</strong></span> <span class='ocrx_word' id='word_1_43' title='bbox 1424 711 1540 749; x_wconf 90' lang='lat' dir='ltr'><strong>aliam</strong></span> 
     </span>
     <span class='ocr_line' id='line_1_7' title="bbox 109 778 1541 832; baseline -0.003 -11"><span class='ocrx_word' id='word_1_44' title='bbox 109 790 241 822; x_wconf 90' lang='lat' dir='ltr'><strong>tamen</strong></span> <span class='ocrx_word' id='word_1_45' title='bbox 259 783 455 821; x_wconf 88' lang='lat' dir='ltr'><strong>rationem</strong></span> <span class='ocrx_word' id='word_1_46' title='bbox 479 783 586 822; x_wconf 89' lang='lat' dir='ltr'><strong>unde</strong></span> <span class='ocrx_word' id='word_1_47' title='bbox 611 783 755 822; x_wconf 87' lang='lat' dir='ltr'><strong>fabella</strong></span> <span class='ocrx_word' id='word_1_48' title='bbox 777 788 866 821; x_wconf 89' lang='lat' dir='ltr'><strong>orta</strong></span> <span class='ocrx_word' id='word_1_49' title='bbox 889 782 961 831; x_wconf 87' lang='lat' dir='ltr'><strong>sit,</strong></span> <span class='ocrx_word' id='word_1_50' title='bbox 990 778 1275 832; x_wconf 79' lang='lat' dir='ltr'>Anaxagoram</span> <span class='ocrx_word' id='word_1_51' title='bbox 1299 779 1418 818; x_wconf 89' lang='lat' dir='ltr'><strong>huius</strong></span> <span class='ocrx_word' id='word_1_52' title='bbox 1436 778 1541 830; x_wconf 85' lang='lat' dir='ltr'><strong>lapi-</strong></span> 
     </span>
     <span class='ocr_line' id='line_1_8' title="bbox 110 846 1540 903; baseline -0.003 -14"><span class='ocrx_word' id='word_1_53' title='bbox 110 851 171 890; x_wconf 89' lang='lat' dir='ltr'><strong>dis</strong></span> <span class='ocrx_word' id='word_1_54' title='bbox 191 851 396 903; x_wconf 87' lang='lat' dir='ltr'><strong>delapsum</strong></span> <span class='ocrx_word' id='word_1_55' title='bbox 417 849 673 902; x_wconf 84' lang='lat' dir='ltr'><strong>praedixisse,</strong></span> <span class='ocrx_word' id='word_1_56' title='bbox 702 850 952 888; x_wconf 80' lang='lat' dir='ltr'><strong>statuendam</strong></span> <span class='ocrx_word' id='word_1_57' title='bbox 974 863 1058 887; x_wconf 87' lang='lat' dir='ltr'><strong>esse</strong></span> <span class='ocrx_word' id='word_1_58' title='bbox 1079 848 1334 894; x_wconf 78' lang='lat' dir='ltr'><strong>arbitramur,</strong></span> <span class='ocrx_word' id='word_1_59' title='bbox 1364 846 1540 886; x_wconf 84' lang='lat' dir='ltr'><strong>aemula-</strong></span> 
     </span>
     <span class='ocr_line' id='line_1_9' title="bbox 108 914 1540 969; baseline -0.003 -13"><span class='ocrx_word' id='word_1_60' title='bbox 108 918 260 956; x_wconf 84' lang='lat' dir='ltr'><strong>tionem</strong></span> <span class='ocrx_word' id='word_1_61' title='bbox 283 918 389 956; x_wconf 88' lang='lat' dir='ltr'><strong>enim</strong></span> <span class='ocrx_word' id='word_1_62' title='bbox 406 931 498 956; x_wconf 91' lang='lat' dir='ltr'><strong>cum</strong></span> <span class='ocrx_word' id='word_1_63' title='bbox 515 923 680 956; x_wconf 85' lang='lat' dir='ltr'><strong>naturae</strong></span> <span class='ocrx_word' id='word_1_64' title='bbox 699 918 924 969; x_wconf 85' lang='lat' dir='ltr'><strong>cognitione</strong></span> <span class='ocrx_word' id='word_1_65' title='bbox 933 914 1240 965; x_wconf 81' lang='lat' dir='ltr'><strong>Anaximandri,</strong></span> <span class='ocrx_word' id='word_1_66' title='bbox 1264 916 1332 965; x_wconf 89' lang='lat' dir='ltr'><strong>qui</strong></span> <span class='ocrx_word' id='word_1_67' title='bbox 1361 921 1506 953; x_wconf 88' lang='lat' dir='ltr'><strong>terra</strong></span> <span class='ocrx_word' id='word_1_68' title='bbox 1518 927 1540 951; x_wconf 92' lang='lat' dir='ltr'><strong>e</strong></span> 
     </span>
     <span class='ocr_line' id='line_1_10' title="bbox 108 983 1538 1038; baseline -0.004 -14"><span class='ocrx_word' id='word_1_69' title='bbox 108 1000 148 1024; x_wconf 89' lang='lat' dir='ltr'><strong>m</strong></span> <span class='ocrx_word' id='word_1_70' title='bbox 161 993 248 1025; x_wconf 92' lang='lat' dir='ltr'><strong>otu</strong></span> <span class='ocrx_word' id='word_1_71' title='bbox 260 1000 300 1024; x_wconf 92' lang='lat' dir='ltr'><strong>m</strong></span> <span class='ocrx_word' id='word_1_72' title='bbox 329 985 604 1038; x_wconf 86' lang='lat' dir='ltr'><strong>probabilibus</strong></span> <span class='ocrx_word' id='word_1_73' title='bbox 622 985 674 1023; x_wconf 89' lang='lat' dir='ltr'><strong>de</strong></span> <span class='ocrx_word' id='word_1_74' title='bbox 691 985 814 1023; x_wconf 86' lang='lat' dir='ltr'><strong>causis</strong></span> <span class='ocrx_word' id='word_1_75' title='bbox 833 984 1100 1037; x_wconf 82' lang='lat' dir='ltr'><strong>praedixerat.</strong></span> <span class='ocrx_word' id='word_1_76' title='bbox 1157 983 1289 1022; x_wconf 89' lang='lat' dir='ltr'><strong>Plin.</strong></span> <span class='ocrx_word' id='word_1_77' title='bbox 1319 984 1434 1021; x_wconf 83' lang='lat' dir='ltr'><strong>Hist.</strong></span> <span class='ocrx_word' id='word_1_78' title='bbox 1447 988 1538 1019; x_wconf 83' lang='lat' dir='ltr'><strong>nat.</strong></span> 
     </span>
     <span class='ocr_line' id='line_1_11' title="bbox 108 1050 1539 1105; baseline -0.003 -13"><span class='ocrx_word' id='word_1_79' title='bbox 108 1055 162 1102; x_wconf 90' lang='lat' dir='ltr'><strong>II,</strong></span> <span class='ocrx_word' id='word_1_80' title='bbox 182 1057 247 1102; x_wconf 87' lang='lat'><strong>79,</strong></span> <span class='ocrx_word' id='word_1_81' title='bbox 279 1067 398 1105; x_wconf 90' lang='lat' dir='ltr'><strong>quem</strong></span> <span class='ocrx_word' id='word_1_82' title='bbox 420 1054 495 1092; x_wconf 87' lang='lat' dir='ltr'><strong>cfr.</strong></span> <span class='ocrx_word' id='word_1_83' title='bbox 522 1067 613 1091; x_wconf 92' lang='lat' dir='ltr'><strong>cum</strong></span> <span class='ocrx_word' id='word_1_84' title='bbox 636 1053 884 1092; x_wconf 88' lang='lat' dir='ltr'><strong>Ammian.</strong></span> <span class='ocrx_word' id='word_1_85' title='bbox 914 1050 1213 1092; x_wconf 86' lang='lat' dir='ltr'><strong>Marcellin.</strong></span> <span class='ocrx_word' id='word_1_86' title='bbox 1242 1051 1386 1096; x_wconf 90' lang='lat' dir='ltr'><strong>XVII,</strong></span> <span class='ocrx_word' id='word_1_87' title='bbox 1407 1052 1446 1093; x_wconf 87' lang='grc'><strong>7,</strong></span> <span class='ocrx_word' id='word_1_88' title='bbox 1474 1051 1539 1087; x_wconf 89' lang='lat'><strong>12.</strong></span> 
     </span>
     <span class='ocr_line' id='line_1_12' title="bbox 107 1115 1538 1172; baseline -0.004 -12"><span class='ocrx_word' id='word_1_89' title='bbox 107 1134 144 1172; x_wconf 98' lang='grc' dir='ltr'><strong>Ρ.</strong></span> <span class='ocrx_word' id='word_1_90' title='bbox 166 1125 258 1160; x_wconf 86' lang='grc'><strong>128.</strong></span> <span class='ocrx_word' id='word_1_91' title='bbox 287 1142 361 1150; x_wconf 87' lang='lat'><strong>-—-</strong></span> <span class='ocrx_word' id='word_1_92' title='bbox 400 1121 611 1160; x_wconf 84' lang='lat' dir='ltr'><strong>Caeterum</strong></span> <span class='ocrx_word' id='word_1_93' title='bbox 641 1120 692 1158; x_wconf 88' lang='lat' dir='ltr'><strong>de</strong></span> <span class='ocrx_word' id='word_1_94' title='bbox 717 1119 779 1159; x_wconf 87' lang='lat' dir='ltr'><strong>rei</strong></span> <span class='ocrx_word' id='word_1_95' title='bbox 805 1119 1001 1165; x_wconf 82' lang='lat' dir='ltr'><strong>veritate,</strong></span> <span class='ocrx_word' id='word_1_96' title='bbox 1028 1117 1182 1169; x_wconf 87' lang='lat' dir='ltr'><strong>lapides</strong></span> <span class='ocrx_word' id='word_1_97' title='bbox 1205 1130 1257 1155; x_wconf 85' lang='lat' dir='ltr'><strong>ex</strong></span> <span class='ocrx_word' id='word_1_98' title='bbox 1278 1115 1372 1156; x_wconf 71' lang='lat' dir='ltr'><strong>ae&#39;re</strong></span> <span class='ocrx_word' id='word_1_99' title='bbox 1394 1115 1538 1165; x_wconf 86' lang='lat' dir='ltr'><strong>delabi,</strong></span> 
     </span>
     <span class='ocr_line' id='line_1_13' title="bbox 106 1184 1540 1236; baseline -0.004 -9"><span class='ocrx_word' id='word_1_100' title='bbox 106 1202 215 1227; x_wconf 83' lang='lat' dir='ltr'><strong>nunc</strong></span> <span class='ocrx_word' id='word_1_101' title='bbox 233 1202 352 1227; x_wconf 88' lang='lat' dir='ltr'><strong>nemo</strong></span> <span class='ocrx_word' id='word_1_102' title='bbox 377 1188 561 1226; x_wconf 89' lang='lat' dir='ltr'><strong>dubitare</strong></span> <span class='ocrx_word' id='word_1_103' title='bbox 578 1187 722 1226; x_wconf 86' lang='lat' dir='ltr'><strong>audet:</strong></span> <span class='ocrx_word' id='word_1_104' title='bbox 751 1200 827 1225; x_wconf 87' lang='lat' dir='ltr'><strong>nec</strong></span> <span class='ocrx_word' id='word_1_105' title='bbox 847 1186 1014 1225; x_wconf 86' lang='lat' dir='ltr'><strong>defuere</strong></span> <span class='ocrx_word' id='word_1_106' title='bbox 1034 1185 1221 1236; x_wconf 85' lang='lat' dir='ltr'><strong>exempla</strong></span> <span class='ocrx_word' id='word_1_107' title='bbox 1242 1184 1416 1235; x_wconf 79' lang='lat' dir='ltr'><strong>antiquis</strong></span> <span class='ocrx_word' id='word_1_108' title='bbox 1435 1189 1540 1221; x_wconf 91' lang='lat' dir='ltr'><strong>tem-</strong></span> 
     </span>
     <span class='ocr_line' id='line_1_14' title="bbox 107 1250 1541 1307; baseline -0.003 -13"><span class='ocrx_word' id='word_1_109' title='bbox 107 1256 285 1307; x_wconf 87' lang='lat' dir='ltr'><strong>poribus,</strong></span> <span class='ocrx_word' id='word_1_110' title='bbox 314 1269 416 1307; x_wconf 87' lang='lat' dir='ltr'><strong>quae</strong></span> <span class='ocrx_word' id='word_1_111' title='bbox 437 1255 614 1294; x_wconf 88' lang='lat' dir='ltr'><strong>studiose</strong></span> <span class='ocrx_word' id='word_1_112' title='bbox 632 1254 791 1305; x_wconf 80' lang='lat' dir='ltr'><strong>collegit</strong></span> <span class='ocrx_word' id='word_1_113' title='bbox 812 1253 1033 1293; x_wconf 83' lang='lat' dir='ltr'><strong>chladni</strong></span> <span class='ocrx_word' id='word_1_114' title='bbox 1059 1250 1221 1307; x_wconf 87' lang='lat' dir='ltr'><strong>(Ueber</strong></span> <span class='ocrx_word' id='word_1_115' title='bbox 1240 1250 1541 1290; x_wconf 76' lang='lat' dir='ltr'><strong>Fenermeteore</strong></span> 
     </span>
     <span class='ocr_line' id='line_1_15' title="bbox 106 1318 1540 1376; baseline -0.003 -15"><span class='ocrx_word' id='word_1_116' title='bbox 106 1323 195 1361; x_wconf 83' lang='lat' dir='ltr'><strong>und</strong></span> <span class='ocrx_word' id='word_1_117' title='bbox 212 1323 280 1361; x_wconf 80' lang='lat' dir='ltr'><strong>die</strong></span> <span class='ocrx_word' id='word_1_118' title='bbox 298 1325 378 1361; x_wconf 81' lang='lat' dir='ltr'><strong>mit</strong></span> <span class='ocrx_word' id='word_1_119' title='bbox 395 1321 614 1361; x_wconf 79' lang='lat' dir='ltr'><strong>denselben</strong></span> <span class='ocrx_word' id='word_1_120' title='bbox 630 1318 993 1376; x_wconf 75' lang='lat' dir='ltr'><strong>herabgefallenen</strong></span> <span class='ocrx_word' id='word_1_121' title='bbox 1006 1323 1190 1359; x_wconf 75' lang='lat' dir='ltr'><strong>Massen.</strong></span> <span class='ocrx_word' id='word_1_122' title='bbox 1215 1324 1236 1358; x_wconf 86' lang='lat'><strong>1</strong></span> <span class='ocrx_word' id='word_1_123' title='bbox 1251 1320 1334 1359; x_wconf 88' lang='lat' dir='ltr'><strong>vol.</strong></span> <span class='ocrx_word' id='word_1_124' title='bbox 1349 1322 1387 1358; x_wconf 86' lang='lat'><strong>8.</strong></span> <span class='ocrx_word' id='word_1_125' title='bbox 1412 1320 1540 1359; x_wconf 88' lang='lat' dir='ltr'><strong>Wien</strong></span> 
     </span>
     <span class='ocr_line' id='line_1_16' title="bbox 108 1386 1540 1442; baseline -0.003 -14"><span class='ocrx_word' id='word_1_126' title='bbox 108 1394 230 1430; x_wconf 77' lang='lat'><strong>1819.</strong></span> <span class='ocrx_word' id='word_1_127' title='bbox 248 1390 382 1432; x_wconf 87' lang='lat' dir='ltr'><strong>Gilb.</strong></span> <span class='ocrx_word' id='word_1_128' title='bbox 392 1390 546 1430; x_wconf 82' lang='lat' dir='ltr'><strong>Annal.</strong></span> <span class='ocrx_word' id='word_1_129' title='bbox 560 1391 763 1430; x_wconf 88' lang='lat' dir='ltr'><strong>LXVIII.</strong></span> <span class='ocrx_word' id='word_1_130' title='bbox 775 1404 816 1442; x_wconf 90' lang='lat' dir='ltr'><strong>p.</strong></span> <span class='ocrx_word' id='word_1_131' title='bbox 829 1393 926 1430; x_wconf 92' lang='lat'><strong>329.</strong></span> <span class='ocrx_word' id='word_1_132' title='bbox 946 1389 1109 1429; x_wconf 85' lang='lat' dir='ltr'><strong>LXXI.</strong></span> <span class='ocrx_word' id='word_1_133' title='bbox 1120 1402 1162 1440; x_wconf 90' lang='lat' dir='ltr'><strong>p.</strong></span> <span class='ocrx_word' id='word_1_134' title='bbox 1175 1390 1270 1427; x_wconf 84' lang='lat'><strong>358.</strong></span> <span class='ocrx_word' id='word_1_135' title='bbox 1290 1388 1316 1425; x_wconf 92' lang='lat' dir='ltr'>S</span> <span class='ocrx_word' id='word_1_136' title='bbox 1326 1401 1347 1425; x_wconf 94' lang='lat' dir='ltr'><strong>c</strong></span> <span class='ocrx_word' id='word_1_137' title='bbox 1357 1386 1484 1425; x_wconf 85' lang='lat' dir='ltr'><strong>hwei</strong></span> <span class='ocrx_word' id='word_1_138' title='bbox 1495 1399 1540 1437; x_wconf 89' lang='lat' dir='ltr'><strong>g-</strong></span> 
     </span>
     <span class='ocr_line' id='line_1_17' title="bbox 104 1455 1538 1510; baseline -0.003 -14"><span class='ocrx_word' id='word_1_139' title='bbox 104 1471 190 1510; x_wconf 86' lang='lat' dir='ltr'><strong>ger</strong></span> <span class='ocrx_word' id='word_1_140' title='bbox 215 1458 397 1496; x_wconf 82' lang='lat' dir='ltr'><strong>Journal</strong></span> <span class='ocrx_word' id='word_1_141' title='bbox 416 1458 630 1497; x_wconf 89' lang='lat' dir='ltr'><strong>XXXVI.</strong></span> <span class='ocrx_word' id='word_1_142' title='bbox 649 1471 690 1509; x_wconf 89' lang='lat' dir='ltr'><strong>p.</strong></span> <span class='ocrx_word' id='word_1_143' title='bbox 706 1460 770 1496; x_wconf 89' lang='lat'><strong>87.</strong></span> <span class='ocrx_word' id='word_1_144' title='bbox 798 1455 1113 1508; x_wconf 75' lang='lat' dir='ltr'><strong>Philosophical</strong></span> <span class='ocrx_word' id='word_1_145' title='bbox 1130 1456 1347 1507; x_wconf 79' lang='lat' dir='ltr'><strong>Magazin</strong></span> <span class='ocrx_word' id='word_1_146' title='bbox 1363 1455 1538 1493; x_wconf 89' lang='lat' dir='ltr'><strong>LXVH.</strong></span> 
     </span>
     <span class='ocr_line' id='line_1_18' title="bbox 104 1518 1541 1577; baseline -0.006 -12"><span class='ocrx_word' id='word_1_147' title='bbox 104 1539 146 1577; x_wconf 88' lang='lat' dir='ltr'><strong>p.</strong></span> <span class='ocrx_word' id='word_1_148' title='bbox 169 1529 236 1565; x_wconf 87' lang='grc'><strong>87.</strong></span> <span class='ocrx_word' id='word_1_149' title='bbox 267 1539 307 1577; x_wconf 89' lang='grc' dir='ltr'><strong>Ρ.</strong></span> <span class='ocrx_word' id='word_1_150' title='bbox 331 1529 426 1564; x_wconf 86' lang='grc'><strong>179.</strong></span> <span class='ocrx_word' id='word_1_151' title='bbox 464 1525 716 1576; x_wconf 78' lang='lat' dir='ltr'><strong>Edinburgh.</strong></span> <span class='ocrx_word' id='word_1_152' title='bbox 735 1524 892 1575; x_wconf 76' lang='lat' dir='ltr'><strong>philos.</strong></span> <span class='ocrx_word' id='word_1_153' title='bbox 915 1521 1108 1563; x_wconf 79' lang='lat' dir='ltr'><strong>Journal.</strong></span> <span class='ocrx_word' id='word_1_154' title='bbox 1131 1524 1165 1562; x_wconf 89' lang='grc' dir='ltr'><strong>Ι.</strong></span> <span class='ocrx_word' id='word_1_155' title='bbox 1195 1536 1236 1574; x_wconf 88' lang='grc' dir='ltr'><strong>Ρ.</strong></span> <span class='ocrx_word' id='word_1_156' title='bbox 1258 1526 1337 1560; x_wconf 89' lang='grc'><strong>230</strong></span> <span class='ocrx_word' id='word_1_157' title='bbox 1358 1527 1398 1559; x_wconf 89' lang='lat' dir='ltr'><strong>et</strong></span> <span class='ocrx_word' id='word_1_158' title='bbox 1416 1518 1541 1572; x_wconf 85' lang='lat' dir='ltr'><strong>alibi.)</strong></span> 
     </span>
     <span class='ocr_line' id='line_1_19' title="bbox 106 1588 1539 1642; baseline -0.005 -10"><span class='ocrx_word' id='word_1_159' title='bbox 106 1594 193 1632; x_wconf 78' lang='lat' dir='ltr'><strong>cfr.</strong></span> <span class='ocrx_word' id='word_1_160' title='bbox 215 1593 380 1631; x_wconf 86' lang='lat' dir='ltr'><strong>omnino</strong></span> <span class='ocrx_word' id='word_1_161' title='bbox 399 1592 619 1630; x_wconf 81' lang='lat' dir='ltr'><strong>Meteorol.</strong></span> <span class='ocrx_word' id='word_1_162' title='bbox 637 1599 714 1630; x_wconf 70' lang='lat' dir='ltr'><strong>vet.</strong></span> <span class='ocrx_word' id='word_1_163' title='bbox 729 1593 800 1630; x_wconf 84' lang='lat' dir='ltr'><strong>Gr.</strong></span> <span class='ocrx_word' id='word_1_164' title='bbox 812 1601 847 1629; x_wconf 85' lang='lat' dir='ltr'><strong>et</strong></span> <span class='ocrx_word' id='word_1_165' title='bbox 857 1593 1033 1629; x_wconf 81' lang='lat' dir='ltr'><strong>Roman.</strong></span> <span class='ocrx_word' id='word_1_166' title='bbox 1051 1592 1106 1640; x_wconf 94' lang='lat' dir='ltr'><strong>II,</strong></span> <span class='ocrx_word' id='word_1_167' title='bbox 1126 1594 1150 1628; x_wconf 89' lang='grc'>6</span> <span class='ocrx_word' id='word_1_168' title='bbox 1164 1611 1214 1619; x_wconf 93' lang='grc'><strong>-</strong></span> <span class='ocrx_word' id='word_1_169' title='bbox 1229 1593 1268 1629; x_wconf 89' lang='lat'><strong>7.</strong></span> <span class='ocrx_word' id='word_1_170' title='bbox 1287 1603 1329 1642; x_wconf 91' lang='lat' dir='ltr'><strong>p.</strong></span> <span class='ocrx_word' id='word_1_171' title='bbox 1343 1590 1461 1628; x_wconf 87' lang='grc'><strong>38-</strong></span> <span class='ocrx_word' id='word_1_172' title='bbox 1473 1588 1539 1626; x_wconf 90' lang='grc'><strong>44.</strong></span> 
     </span>
     <span class='ocr_line' id='line_1_20' title="bbox 106 1657 1541 1710; baseline -0.003 -12"><span class='ocrx_word' id='word_1_173' title='bbox 106 1667 147 1698; x_wconf 93' lang='lat' dir='ltr'><strong>et</strong></span> <span class='ocrx_word' id='word_1_174' title='bbox 167 1660 270 1698; x_wconf 87' lang='lat' dir='ltr'><strong>adde</strong></span> <span class='ocrx_word' id='word_1_175' title='bbox 295 1660 472 1710; x_wconf 87' lang='lat' dir='ltr'><strong>Heyne</strong></span> <span class='ocrx_word' id='word_1_176' title='bbox 505 1660 651 1709; x_wconf 83' lang='lat' dir='ltr'><strong>Opusc.</strong></span> <span class='ocrx_word' id='word_1_177' title='bbox 672 1659 870 1699; x_wconf 84' lang='lat' dir='ltr'><strong>Academ.</strong></span> <span class='ocrx_word' id='word_1_178' title='bbox 910 1658 1002 1697; x_wconf 93' lang='lat' dir='ltr'><strong>Vol.</strong></span> <span class='ocrx_word' id='word_1_179' title='bbox 1026 1658 1103 1696; x_wconf 91' lang='lat' dir='ltr'><strong>III.</strong></span> <span class='ocrx_word' id='word_1_180' title='bbox 1141 1671 1182 1709; x_wconf 91' lang='lat' dir='ltr'><strong>p.</strong></span> <span class='ocrx_word' id='word_1_181' title='bbox 1206 1660 1289 1696; x_wconf 88' lang='lat'><strong>212</strong></span> <span class='ocrx_word' id='word_1_182' title='bbox 1310 1670 1368 1708; x_wconf 85' lang='lat' dir='ltr'><strong>sq.</strong></span> <span class='ocrx_word' id='word_1_183' title='bbox 1427 1657 1541 1695; x_wconf 89' lang='lat' dir='ltr'><strong>Inter</strong></span> 
     </span>
     <span class='ocr_line' id='line_1_21' title="bbox 104 1723 1540 1779; baseline -0.002 -14"><span class='ocrx_word' id='word_1_184' title='bbox 104 1727 298 1779; x_wconf 86' lang='lat' dir='ltr'><strong>plurimas</strong></span> <span class='ocrx_word' id='word_1_185' title='bbox 326 1727 473 1765; x_wconf 88' lang='lat' dir='ltr'><strong>Livii</strong></span> <span class='ocrx_word' id='word_1_186' title='bbox 500 1726 750 1764; x_wconf 85' lang='lat' dir='ltr'><strong>narrationes</strong></span> <span class='ocrx_word' id='word_1_187' title='bbox 771 1724 853 1764; x_wconf 88' lang='lat' dir='ltr'><strong>huc</strong></span> <span class='ocrx_word' id='word_1_188' title='bbox 868 1725 1114 1777; x_wconf 84' lang='lat' dir='ltr'><strong>pertinentes</strong></span> <span class='ocrx_word' id='word_1_189' title='bbox 1138 1731 1363 1763; x_wconf 89' lang='lat' dir='ltr'><strong>memoratu</strong></span> <span class='ocrx_word' id='word_1_190' title='bbox 1391 1723 1540 1775; x_wconf 89' lang='lat' dir='ltr'><strong>dignis-</strong></span> 
     </span>
     <span class='ocr_line' id='line_1_22' title="bbox 105 1792 1540 1845; baseline -0.003 -12"><span class='ocrx_word' id='word_1_191' title='bbox 105 1796 206 1834; x_wconf 91' lang='lat' dir='ltr'><strong>sima</strong></span> <span class='ocrx_word' id='word_1_192' title='bbox 230 1800 290 1833; x_wconf 87' lang='lat' dir='ltr'><strong>est</strong></span> <span class='ocrx_word' id='word_1_193' title='bbox 314 1807 380 1842; x_wconf 89' lang='lat' dir='ltr'><strong>ea,</strong></span> <span class='ocrx_word' id='word_1_194' title='bbox 417 1807 517 1845; x_wconf 86' lang='lat' dir='ltr'><strong>quae</strong></span> <span class='ocrx_word' id='word_1_195' title='bbox 544 1794 750 1845; x_wconf 88' lang='lat' dir='ltr'><strong>reperitur</strong></span> <span class='ocrx_word' id='word_1_196' title='bbox 773 1795 918 1842; x_wconf 91' lang='lat' dir='ltr'><strong>XXV,</strong></span> <span class='ocrx_word' id='word_1_197' title='bbox 941 1796 980 1842; x_wconf 89' lang='lat'><strong>7,</strong></span> <span class='ocrx_word' id='word_1_198' title='bbox 1009 1794 1079 1832; x_wconf 92' lang='lat' dir='ltr'><strong>ubi</strong></span> <span class='ocrx_word' id='word_1_199' title='bbox 1105 1794 1180 1832; x_wconf 86' lang='lat' dir='ltr'><strong>ait:</strong></span> <span class='ocrx_word' id='word_1_200' title='bbox 1210 1792 1379 1831; x_wconf 85' lang='lat' dir='ltr'><strong>Albano</strong></span> <span class='ocrx_word' id='word_1_201' title='bbox 1405 1798 1540 1830; x_wconf 88' lang='lat' dir='ltr'><strong>monte</strong></span> 
     </span>
     <span class='ocr_line' id='line_1_23' title="bbox 106 1856 1540 1913; baseline -0.001 -14"><span class='ocrx_word' id='word_1_202' title='bbox 106 1860 272 1899; x_wconf 72' lang='lat' dir='ltr'><em>biduum</em></span> <span class='ocrx_word' id='word_1_203' title='bbox 300 1862 555 1899; x_wconf 83' lang='lat' dir='ltr'><strong>continenter</strong></span> <span class='ocrx_word' id='word_1_204' title='bbox 585 1859 798 1913; x_wconf 79' lang='lat' dir='ltr'><strong>lapidibus</strong></span> <span class='ocrx_word' id='word_1_205' title='bbox 819 1861 956 1911; x_wconf 81' lang='lat' dir='ltr'><strong>pluit,</strong></span> <span class='ocrx_word' id='word_1_206' title='bbox 997 1861 1103 1912; x_wconf 87' lang='lat' dir='ltr'><strong>quod</strong></span> <span class='ocrx_word' id='word_1_207' title='bbox 1130 1862 1172 1900; x_wconf 92' lang='lat' dir='ltr'>H</span> <span class='ocrx_word' id='word_1_208' title='bbox 1181 1874 1314 1912; x_wconf 82' lang='lat' dir='ltr'><strong>eyne</strong></span> <span class='ocrx_word' id='word_1_209' title='bbox 1347 1856 1540 1913; x_wconf 78' lang='lat' dir='ltr'><strong>Opnseul.</strong></span> 
     </span>
     <span class='ocr_line' id='line_1_24' title="bbox 105 1928 1539 1979; baseline -0.002 -12"><span class='ocrx_word' id='word_1_210' title='bbox 105 1929 296 1968; x_wconf 84' lang='lat' dir='ltr'><strong>academ.</strong></span> <span class='ocrx_word' id='word_1_211' title='bbox 332 1929 409 1967; x_wconf 89' lang='grc' dir='ltr'><strong>ΙΙΙ.</strong></span> <span class='ocrx_word' id='word_1_212' title='bbox 446 1942 487 1979; x_wconf 89' lang='grc' dir='ltr'><strong>Ρ.</strong></span> <span class='ocrx_word' id='word_1_213' title='bbox 519 1932 627 1975; x_wconf 87' lang='grc'><strong>261,</strong></span> <span class='ocrx_word' id='word_1_214' title='bbox 673 1928 818 1967; x_wconf 88' lang='lat' dir='ltr'><strong>Alex.</strong></span> <span class='ocrx_word' id='word_1_215' title='bbox 848 1928 905 1966; x_wconf 90' lang='lat' dir='ltr'><strong>ab</strong></span> <span class='ocrx_word' id='word_1_216' title='bbox 933 1929 1217 1967; x_wconf 86' lang='lat' dir='ltr'><strong>Humboldt</strong></span> <span class='ocrx_word' id='word_1_217' title='bbox 1255 1930 1430 1979; x_wconf 82' lang='lat' dir='ltr'><strong>Voyage</strong></span> <span class='ocrx_word' id='word_1_218' title='bbox 1452 1940 1539 1964; x_wconf 82' lang='lat' dir='ltr'><strong>aux</strong></span> 
     </span>
     <span class='ocr_line' id='line_1_25' title="bbox 103 1995 1538 2049; baseline -0.002 -14"><span class='ocrx_word' id='word_1_219' title='bbox 103 1999 188 2049; x_wconf 72' lang='lat' dir='ltr'><strong>reg.</strong></span> <span class='ocrx_word' id='word_1_220' title='bbox 213 1998 402 2048; x_wconf 80' lang='lat' dir='ltr'><strong>e&#39;quinox.</strong></span> <span class='ocrx_word' id='word_1_221' title='bbox 432 1997 551 2034; x_wconf 87' lang='lat' dir='ltr'><strong>Tom.</strong></span> <span class='ocrx_word' id='word_1_222' title='bbox 573 1997 607 2035; x_wconf 92' lang='lat' dir='ltr'><strong>I.</strong></span> <span class='ocrx_word' id='word_1_223' title='bbox 637 2009 680 2048; x_wconf 91' lang='lat' dir='ltr'><strong>p.</strong></span> <span class='ocrx_word' id='word_1_224' title='bbox 706 1995 799 2035; x_wconf 89' lang='grc'><strong>394.</strong></span> <span class='ocrx_word' id='word_1_225' title='bbox 826 2009 869 2035; x_wconf 83' lang='lat' dir='ltr'><strong>v.</strong></span> <span class='ocrx_word' id='word_1_226' title='bbox 890 1995 1023 2036; x_wconf 84' lang='lat' dir='ltr'><strong>Hoff</strong></span> <span class='ocrx_word' id='word_1_227' title='bbox 1048 1996 1194 2035; x_wconf 76' lang='lat' dir='ltr'><strong>Geselz.</strong></span> <span class='ocrx_word' id='word_1_228' title='bbox 1215 1997 1287 2034; x_wconf 83' lang='lat' dir='ltr'><strong>der</strong></span> <span class='ocrx_word' id='word_1_229' title='bbox 1309 1997 1355 2035; x_wconf 93' lang='lat' dir='ltr'><em>V</em></span> <span class='ocrx_word' id='word_1_230' title='bbox 1351 1995 1538 2033; x_wconf 79' lang='lat' dir='ltr'><strong>ert&#39;z&#39;nder.</strong></span> 
     </span>
     <span class='ocr_line' id='line_1_26' title="bbox 105 2063 1539 2117; baseline -0.002 -14"><span class='ocrx_word' id='word_1_231' title='bbox 105 2064 194 2117; x_wconf 79' lang='lat' dir='ltr'><strong>auf</strong></span> <span class='ocrx_word' id='word_1_232' title='bbox 203 2064 276 2102; x_wconf 83' lang='lat' dir='ltr'><strong>der</strong></span> <span class='ocrx_word' id='word_1_233' title='bbox 288 2063 524 2114; x_wconf 86' lang='lat' dir='ltr'><strong>Erdoberfl.</strong></span> <span class='ocrx_word' id='word_1_234' title='bbox 542 2064 598 2103; x_wconf 91' lang='lat' dir='ltr'><strong>II.</strong></span> <span class='ocrx_word' id='word_1_235' title='bbox 615 2077 658 2115; x_wconf 91' lang='lat' dir='ltr'><strong>p.</strong></span> <span class='ocrx_word' id='word_1_236' title='bbox 672 2067 749 2103; x_wconf 88' lang='lat'><strong>321</strong></span> <span class='ocrx_word' id='word_1_237' title='bbox 783 2063 834 2102; x_wconf 87' lang='lat' dir='ltr'><strong>de</strong></span> <span class='ocrx_word' id='word_1_238' title='bbox 854 2064 1067 2115; x_wconf 88' lang='lat' dir='ltr'><strong>eruptione</strong></span> <span class='ocrx_word' id='word_1_239' title='bbox 1076 2064 1224 2103; x_wconf 86' lang='lat' dir='ltr'><strong>Albani</strong></span> <span class='ocrx_word' id='word_1_240' title='bbox 1245 2063 1392 2101; x_wconf 91' lang='lat' dir='ltr'><strong>montis</strong></span> <span class='ocrx_word' id='word_1_241' title='bbox 1409 2063 1539 2101; x_wconf 86' lang='lat' dir='ltr'><strong>inter-</strong></span> 
     </span>
     <span class='ocr_line' id='line_1_27' title="bbox 103 2130 1539 2183; baseline -0.001 -13"><span class='ocrx_word' id='word_1_242' title='bbox 103 2137 329 2183; x_wconf 62' lang='lat' dir='ltr'><strong>metantur,</strong></span> <span class='ocrx_word' id='word_1_243' title='bbox 359 2145 478 2182; x_wconf 90' lang='lat' dir='ltr'><strong>quem</strong></span> <span class='ocrx_word' id='word_1_244' title='bbox 498 2131 592 2170; x_wconf 90' lang='lat' dir='ltr'><strong>Iul.</strong></span> <span class='ocrx_word' id='word_1_245' title='bbox 616 2132 923 2183; x_wconf 80' lang='lat' dir='ltr'><strong>Obsequens</strong></span> <span class='ocrx_word' id='word_1_246' title='bbox 952 2145 985 2170; x_wconf 90' lang='lat' dir='ltr'><strong>c.</strong></span> <span class='ocrx_word' id='word_1_247' title='bbox 1001 2134 1066 2170; x_wconf 89' lang='lat'><strong>98.</strong></span> <span class='ocrx_word' id='word_1_248' title='bbox 1098 2140 1218 2169; x_wconf 79' lang='lat' dir='ltr'><strong>noctu</strong></span> <span class='ocrx_word' id='word_1_249' title='bbox 1234 2130 1384 2168; x_wconf 86' lang='lat' dir='ltr'><strong>ardere</strong></span> <span class='ocrx_word' id='word_1_250' title='bbox 1403 2131 1539 2168; x_wconf 70' lang='lat' dir='ltr'><strong>visum</strong></span> 
     </span>
     <span class='ocr_line' id='line_1_28' title="bbox 106 2197 1537 2250; baseline 0 -15"><span class='ocrx_word' id='word_1_251' title='bbox 106 2212 190 2235; x_wconf 86' lang='lat' dir='ltr'><strong>esse</strong></span> <span class='ocrx_word' id='word_1_252' title='bbox 210 2198 349 2236; x_wconf 86' lang='lat' dir='ltr'><strong>refert.</strong></span> <span class='ocrx_word' id='word_1_253' title='bbox 386 2200 451 2237; x_wconf 92' lang='lat' dir='ltr'><strong>De</strong></span> <span class='ocrx_word' id='word_1_254' title='bbox 474 2198 604 2236; x_wconf 90' lang='lat' dir='ltr'><strong>imbre</strong></span> <span class='ocrx_word' id='word_1_255' title='bbox 621 2200 700 2237; x_wconf 91' lang='lat' dir='ltr'><strong>isto</strong></span> <span class='ocrx_word' id='word_1_256' title='bbox 717 2199 919 2250; x_wconf 89' lang='lat' dir='ltr'><strong>lapidum,</strong></span> <span class='ocrx_word' id='word_1_257' title='bbox 949 2211 1070 2249; x_wconf 88' lang='lat' dir='ltr'><strong>quem</strong></span> <span class='ocrx_word' id='word_1_258' title='bbox 1088 2198 1256 2236; x_wconf 87' lang='lat' dir='ltr'><strong>Herculi</strong></span> <span class='ocrx_word' id='word_1_259' title='bbox 1275 2197 1537 2235; x_wconf 81' lang='lat' dir='ltr'><strong>auxiliaturus</strong></span> 
     </span>
     <span class='ocr_line' id='line_1_29' title="bbox 105 2264 1536 2316; baseline -0.001 -14"><span class='ocrx_word' id='word_1_260' title='bbox 105 2265 259 2316; x_wconf 85' lang='lat' dir='ltr'><strong>Iupiter</strong></span> <span class='ocrx_word' id='word_1_261' title='bbox 283 2264 463 2313; x_wconf 88' lang='lat' dir='ltr'><strong>demisit,</strong></span> <span class='ocrx_word' id='word_1_262' title='bbox 496 2266 570 2303; x_wconf 85' lang='lat' dir='ltr'><strong>cfr.</strong></span> <span class='ocrx_word' id='word_1_263' title='bbox 600 2266 747 2316; x_wconf 90' lang='lat' dir='ltr'><strong>Ilgen</strong></span> <span class='ocrx_word' id='word_1_264' title='bbox 781 2267 975 2316; x_wconf 69' lang='lat' dir='ltr'><strong>opuscul.</strong></span> <span class='ocrx_word' id='word_1_265' title='bbox 1008 2266 1143 2304; x_wconf 88' lang='lat' dir='ltr'><strong>V01.1.</strong></span> <span class='ocrx_word' id='word_1_266' title='bbox 1171 2278 1213 2316; x_wconf 89' lang='lat' dir='ltr'><strong>p.</strong></span> <span class='ocrx_word' id='word_1_267' title='bbox 1236 2268 1339 2312; x_wconf 86' lang='lat'><strong>210,</strong></span> <span class='ocrx_word' id='word_1_268' title='bbox 1367 2265 1536 2315; x_wconf 87' lang='lat' dir='ltr'><strong>Lange</strong></span> 
     </span>
     <span class='ocr_line' id='line_1_30' title="bbox 106 2328 1536 2385; baseline -0.001 -15"><span class='ocrx_word' id='word_1_269' title='bbox 106 2328 388 2385; x_wconf 75' lang='lat' dir='ltr'><strong>(Vermisclzte</strong></span> <span class='ocrx_word' id='word_1_270' title='bbox 411 2331 638 2382; x_wconf 80' lang='lat' dir='ltr'><strong>Schriften.</strong></span> <span class='ocrx_word' id='word_1_271' title='bbox 667 2346 708 2384; x_wconf 92' lang='lat' dir='ltr'><strong>p.</strong></span> <span class='ocrx_word' id='word_1_272' title='bbox 729 2331 857 2385; x_wconf 87' lang='lat'><strong>226),</strong></span> <span class='ocrx_word' id='word_1_273' title='bbox 886 2339 1125 2385; x_wconf 88' lang='lat' dir='ltr'><strong>praeceptor</strong></span> <span class='ocrx_word' id='word_1_274' title='bbox 1146 2331 1258 2378; x_wconf 89' lang='lat' dir='ltr'><strong>mihi,</strong></span> <span class='ocrx_word' id='word_1_275' title='bbox 1287 2330 1387 2369; x_wconf 83' lang='lat' dir='ltr'><strong>heu!</strong></span> <span class='ocrx_word' id='word_1_276' title='bbox 1417 2345 1536 2382; x_wconf 87' lang='lat' dir='ltr'><strong>prae-</strong></span> 
     </span>
     <span class='ocr_line' id='line_1_31' title="bbox 106 2400 1536 2450; baseline -0.001 -13"><span class='ocrx_word' id='word_1_277' title='bbox 106 2405 262 2437; x_wconf 85' lang='lat' dir='ltr'><strong>matura</strong></span> <span class='ocrx_word' id='word_1_278' title='bbox 278 2404 409 2436; x_wconf 88' lang='lat' dir='ltr'><strong>morte</strong></span> <span class='ocrx_word' id='word_1_279' title='bbox 427 2404 602 2450; x_wconf 88' lang='lat' dir='ltr'><strong>ereptus,</strong></span> <span class='ocrx_word' id='word_1_280' title='bbox 626 2400 737 2438; x_wconf 82' lang='lat' dir='ltr'><strong>cuius</strong></span> <span class='ocrx_word' id='word_1_281' title='bbox 757 2406 890 2438; x_wconf 87' lang='lat' dir='ltr'><strong>tamen</strong></span> <span class='ocrx_word' id='word_1_282' title='bbox 908 2401 1101 2438; x_wconf 87' lang='lat' dir='ltr'><strong>memoria</strong></span> <span class='ocrx_word' id='word_1_283' title='bbox 1118 2412 1208 2437; x_wconf 89' lang='lat' dir='ltr'><strong>cum</strong></span> <span class='ocrx_word' id='word_1_284' title='bbox 1232 2404 1364 2436; x_wconf 89' lang='lat' dir='ltr'><strong>morte</strong></span> <span class='ocrx_word' id='word_1_285' title='bbox 1380 2404 1536 2437; x_wconf 88' lang='lat' dir='ltr'><strong>tantum</strong></span> 
     </span>
     <span class='ocr_line' id='line_1_32' title="bbox 105 2465 1537 2525; baseline 0 -21"><span class='ocrx_word' id='word_1_286' title='bbox 105 2466 205 2505; x_wconf 84' lang='lat' dir='ltr'><strong>mihi</strong></span> <span class='ocrx_word' id='word_1_287' title='bbox 227 2465 440 2525; x_wconf 83' lang='lat' dir='ltr'><strong>delebitur,</strong></span> <span class='ocrx_word' id='word_1_288' title='bbox 469 2473 674 2517; x_wconf 86' lang='lat' dir='ltr'><strong>comparat</strong></span> <span class='ocrx_word' id='word_1_289' title='bbox 692 2467 894 2518; x_wconf 82' lang='lat' dir='ltr'><strong>grandinis</strong></span> <span class='ocrx_word' id='word_1_290' title='bbox 918 2467 1070 2519; x_wconf 86' lang='lat' dir='ltr'><strong>lapides</strong></span> <span class='ocrx_word' id='word_1_291' title='bbox 1093 2480 1115 2504; x_wconf 91' lang='lat' dir='ltr'><strong>a</strong></span> <span class='ocrx_word' id='word_1_292' title='bbox 1136 2468 1226 2505; x_wconf 87' lang='lat' dir='ltr'><strong>Deo</strong></span> <span class='ocrx_word' id='word_1_293' title='bbox 1242 2466 1285 2503; x_wconf 91' lang='lat' dir='ltr'><strong>in</strong></span> <span class='ocrx_word' id='word_1_294' title='bbox 1306 2466 1446 2504; x_wconf 90' lang='lat' dir='ltr'><strong>Iosuae</strong></span> <span class='ocrx_word' id='word_1_295' title='bbox 1474 2467 1537 2505; x_wconf 90' lang='lat' dir='ltr'><strong>fa-</strong></span> 
     </span>
     <span class='ocr_line' id='line_1_33' title="bbox 103 2529 1535 2587; baseline -0.001 -14"><span class='ocrx_word' id='word_1_296' title='bbox 103 2548 247 2574; x_wconf 82' lang='lat' dir='ltr'><strong>vorem</strong></span> <span class='ocrx_word' id='word_1_297' title='bbox 267 2533 458 2571; x_wconf 87' lang='lat' dir='ltr'><strong>demissos</strong></span> <span class='ocrx_word' id='word_1_298' title='bbox 489 2532 584 2582; x_wconf 86' lang='lat' dir='ltr'><strong>(Ios.</strong></span> <span class='ocrx_word' id='word_1_299' title='bbox 608 2535 665 2581; x_wconf 94' lang='lat' dir='ltr'><strong>X,</strong></span> <span class='ocrx_word' id='word_1_300' title='bbox 680 2531 764 2587; x_wconf 87' lang='lat'><strong>11).</strong></span> <span class='ocrx_word' id='word_1_301' title='bbox 795 2557 851 2563; x_wconf 90' lang='lat'>—</span> <span class='ocrx_word' id='word_1_302' title='bbox 876 2529 955 2572; x_wconf 74' lang='grc' dir='ltr'><strong>ὕπὸ</strong></span> <span class='ocrx_word' id='word_1_303' title='bbox 985 2530 1223 2584; x_wconf 83' lang='grc' dir='ltr'><em>πνευμάτων</em></span> <span class='ocrx_word' id='word_1_304' title='bbox 1242 2533 1293 2573; x_wconf 87' lang='grc' dir='ltr'><strong>Ν.</strong></span> <span class='ocrx_word' id='word_1_305' title='bbox 1324 2533 1535 2572; x_wconf 86' lang='lat' dir='ltr'><strong>Caeterum</strong></span> 
     </span>
     <span class='ocr_line' id='line_1_34' title="bbox 105 2598 1534 2652; baseline -0.001 -11"><span class='ocrx_word' id='word_1_306' title='bbox 105 2602 198 2641; x_wconf 86' lang='lat' dir='ltr'><strong>hinc</strong></span> <span class='ocrx_word' id='word_1_307' title='bbox 223 2615 292 2640; x_wconf 91' lang='lat' dir='ltr'><strong>sua</strong></span> <span class='ocrx_word' id='word_1_308' title='bbox 320 2601 570 2652; x_wconf 90' lang='lat' dir='ltr'><strong>deprompsit</strong></span> <span class='ocrx_word' id='word_1_309' title='bbox 596 2602 806 2639; x_wconf 91' lang='lat' dir='ltr'><strong>Plinius</strong></span> <span class='ocrx_word' id='word_1_310' title='bbox 841 2598 958 2640; x_wconf 73' lang='lat' dir='ltr'><strong>Hist.</strong></span> <span class='ocrx_word' id='word_1_311' title='bbox 990 2608 1075 2639; x_wconf 82' lang='lat' dir='ltr'><strong>nat.</strong></span> <span class='ocrx_word' id='word_1_312' title='bbox 1106 2601 1167 2648; x_wconf 89' lang='grc' dir='ltr'><strong>ΙΙ,</strong></span> <span class='ocrx_word' id='word_1_313' title='bbox 1199 2603 1251 2638; x_wconf 88' lang='lat'><strong>38</strong></span> <span class='ocrx_word' id='word_1_314' title='bbox 1291 2614 1382 2638; x_wconf 88' lang='lat' dir='ltr'><strong>cum</strong></span> <span class='ocrx_word' id='word_1_315' title='bbox 1407 2601 1534 2639; x_wconf 86' lang='lat' dir='ltr'><strong>dicat:</strong></span> 
     </span>
     <span class='ocr_line' id='line_1_35' title="bbox 111 2666 1534 2722; baseline -0.001 -15"><span class='ocrx_word' id='word_1_316' title='bbox 111 2671 222 2720; x_wconf 80' lang='lat' dir='ltr'><strong>Quin</strong></span> <span class='ocrx_word' id='word_1_317' title='bbox 241 2677 280 2707; x_wconf 83' lang='lat' dir='ltr'><strong>et</strong></span> <span class='ocrx_word' id='word_1_318' title='bbox 300 2670 393 2707; x_wconf 78' lang='lat' dir='ltr'><strong>ideo</strong></span> <span class='ocrx_word' id='word_1_319' title='bbox 415 2669 629 2722; x_wconf 76' lang='lat' dir='ltr'><strong>lapidibus</strong></span> <span class='ocrx_word' id='word_1_320' title='bbox 646 2666 789 2718; x_wconf 80' lang='lat' dir='ltr'><strong>pluere</strong></span> <span class='ocrx_word' id='word_1_321' title='bbox 808 2668 1035 2715; x_wconf 74' lang='lat' dir='ltr'><strong>interdum,</strong></span> <span class='ocrx_word' id='word_1_322' title='bbox 1043 2667 1283 2719; x_wconf 59' lang='lat' dir='ltr'><strong>quodve-nto</strong></span> <span class='ocrx_word' id='word_1_323' title='bbox 1300 2669 1383 2705; x_wconf 80' lang='lat' dir='ltr'><strong>sint</strong></span> <span class='ocrx_word' id='word_1_324' title='bbox 1401 2670 1534 2718; x_wconf 75' lang='lat' dir='ltr'><strong>rapti.</strong></span> 
     </span>
     <span class='ocr_line' id='line_1_36' title="bbox 109 2735 588 2776; baseline -0.002 -1"><span class='ocrx_word' id='word_1_325' title='bbox 109 2735 191 2775; x_wconf 89' lang='lat' dir='ltr'><strong>Adi</strong></span> <span class='ocrx_word' id='word_1_326' title='bbox 216 2737 478 2776; x_wconf 89' lang='lat' dir='ltr'><strong>Plutarch.</strong></span> <span class='ocrx_word' id='word_1_327' title='bbox 509 2737 588 2775; x_wconf 90' lang='lat'><strong>1.1.</strong></span> 
     </span>
    </p>

    <p class='ocr_par' dir='ltr' id='par_1_4' title="bbox 109 2799 1535 2923">
     <span class='ocr_line' id='line_1_37' title="bbox 221 2799 1534 2856; baseline 0.001 -15"><span class='ocrx_word' id='word_1_328' title='bbox 221 2807 287 2842; x_wconf 90' lang='grc'><strong>10.</strong></span> <span class='ocrx_word' id='word_1_329' title='bbox 315 2799 464 2855; x_wconf 71' lang='grc' dir='ltr'><em>ἐγένετο</em></span> <span class='ocrx_word' id='word_1_330' title='bbox 496 2817 572 2856; x_wconf 87' lang='lat' dir='ltr'><strong>pro</strong></span> <span class='ocrx_word' id='word_1_331' title='bbox 594 2801 764 2856; x_wconf 73' lang='grc' dir='ltr'><em>ἐγίγνετο</em></span> <span class='ocrx_word' id='word_1_332' title='bbox 793 2803 987 2855; x_wconf 81' lang='lat' dir='ltr'><strong>praebent</strong></span> <span class='ocrx_word' id='word_1_333' title='bbox 1006 2805 1054 2842; x_wconf 91' lang='lat' dir='ltr'><strong>F.</strong></span> <span class='ocrx_word' id='word_1_334' title='bbox 1076 2803 1126 2840; x_wconf 88' lang='lat' dir='ltr'><strong>H.</strong></span> <span class='ocrx_word' id='word_1_335' title='bbox 1147 2803 1200 2840; x_wconf 95' lang='lat' dir='ltr'><strong>N.</strong></span> <span class='ocrx_word' id='word_1_336' title='bbox 1229 2822 1285 2830; x_wconf 91' lang='lat'><strong>—-·</strong></span> <span class='ocrx_word' id='word_1_337' title='bbox 1312 2801 1378 2840; x_wconf 95' lang='lat' dir='ltr'><strong>De</strong></span> <span class='ocrx_word' id='word_1_338' title='bbox 1393 2815 1443 2841; x_wconf 87' lang='lat' dir='ltr'><strong>re</strong></span> <span class='ocrx_word' id='word_1_339' title='bbox 1461 2803 1534 2842; x_wconf 82' lang='lat' dir='ltr'><strong>cfr.</strong></span> 
     </span>
     <span class='ocr_line' id='line_1_38' title="bbox 109 2864 1535 2923; baseline -0.001 -12"><span class='ocrx_word' id='word_1_340' title='bbox 109 2872 159 2912; x_wconf 78' lang='lat' dir='ltr'><strong>ad</strong></span> <span class='ocrx_word' id='word_1_341' title='bbox 180 2873 215 2918; x_wconf 91' lang='lat'><strong>1,</strong></span> <span class='ocrx_word' id='word_1_342' title='bbox 241 2875 278 2921; x_wconf 85' lang='grc'><strong>6,</strong></span> <span class='ocrx_word' id='word_1_343' title='bbox 298 2874 337 2911; x_wconf 89' lang='grc'><strong>8.</strong></span> <span class='ocrx_word' id='word_1_344' title='bbox 367 2893 421 2900; x_wconf 93' lang='grc'><strong>-</strong></span> <span class='ocrx_word' id='word_1_345' title='bbox 450 2866 692 2922; x_wconf 80' lang='grc' dir='ltr'><strong><em>Νικομάχου</em></strong></span> <span class='ocrx_word' id='word_1_346' title='bbox 723 2867 873 2923; x_wconf 71' lang='grc' dir='ltr'><strong><em>ἐγένετο</em></strong></span> <span class='ocrx_word' id='word_1_347' title='bbox 893 2872 1055 2911; x_wconf 79' lang='lat' dir='ltr'><strong>inverso</strong></span> <span class='ocrx_word' id='word_1_348' title='bbox 1075 2864 1218 2909; x_wconf 77' lang='lat' dir='ltr'><strong>ordine</strong></span> <span class='ocrx_word' id='word_1_349' title='bbox 1237 2869 1291 2908; x_wconf 92' lang='lat' dir='ltr'><strong>N.</strong></span> <span class='ocrx_word' id='word_1_350' title='bbox 1312 2865 1535 2922; x_wconf 72' lang='grc' dir='ltr'><strong>Ἀθήνησιν</strong></span> 
     </span>
    </p>
   </div>
  </div>
 </body>
</html>
