1820 3158
149 402 364 449 —p-364‚a-
389 403 551 438 Bekk-—-
612 404 783 443 121ss.st
815 402 1018 443 CARVI.
1064 397 1237 444 —p.347‚
1253 399 1294 433 G.
1313 397 1443 436 cffi-
1495 391 1586 445 105

150 517 195 558 δὲ
223 515 476 571 τεταγμένων
513 519 594 557 τῶν
634 514 814 568 ἀνέμων,
866 514 990 567 δῆλον
1026 511 1088 554 ὅτι
1126 512 1212 566 ἅμα
1251 518 1364 554 πνεῖν
1391 510 1492 560 τοὺς
1518 510 1594 565 μὲν

149 585 356 633 ἐναντίους
387 583 462 637 οὐχ
491 580 578 625 οἷόν
607 599 649 623 τε
681 581 802 637 (κατὰ
830 580 1049 637 διάμετρον
1078 580 1169 638 γάρ.
1211 579 1356 636 ἅτερος
1389 574 1461 622 οὗν
1488 576 1596 620 παύ-

150 667 261 694 σεται
281 649 593 706 ἀποβιασθείς),
625 649 723 699 τοὺς
743 650 788 692 δὲ
805 649 864 704 μὴ
892 648 1000 692 οὕτω
1031 649 1238 704 κειμένους
1261 645 1364 701 πρὸς
1393 646 1596 701 ἀλλήλους

151 719 278 762 οὐθὲν
316 719 483 772 κωλύει,
534 715 621 760 οἷον
661 717 708 760 τὸ
739 721 781 758 Ζ
807 718 875 759 καὶ
902 718 957 759 Δ.
1018 717 1086 759 διὰ
1122 721 1244 759 τοῦτο
1284 715 1372 771 ἅμα
1407 715 1596 758 πνέουσιν

150 787 274 829 ἐνίοτε
304 786 532 844 ἀμφότεροι
563 785 706 842 οὔριοι,
745 785 809 827 ἐπὶ
838 785 885 828 τὸ
917 784 1018 828 αὐτὸ
1043 791 1233 840 σημεῖον,
1264 783 1338 827 οὐκ
1364 785 1407 827 ἐκ
1424 787 1499 826 τοῦ
1522 781 1597 825 αὗ-

149 859 224 897 τοῦ
261 855 356 898 οὐδὲ
395 859 454 913 τῷ
495 854 607 912 αὐτῷ
646 853 857 907 πνεύματι.
933 859 999 896 15.
1043 853 1166 897 Κατὰ
1196 853 1242 895 δὲ
1270 852 1346 903 τὰς
1374 851 1486 909 ὥρας
1512 850 1588 899 τὰς
1602 852 1652 892 15

150 923 335 972 ἐναντίας
373 923 412 966 οἳ
451 922 625 964 ἐναντίοι
661 921 841 975 μάλιστα
871 923 1082 975 πνέουσιν,
1130 918 1217 963 οἷον
1255 922 1346 977 περὶ
1383 919 1599 976 ἰσημερίαν

148 990 225 1045 τὴν
252 992 328 1045 μὲν
358 989 520 1046 ἐαρινὴν
551 991 707 1039 καικίας
748 992 815 1032 καὶ
854 989 963 1040 ὅλως
990 990 1043 1032 τὰ
1073 986 1252 1031 ἒπὲκεινα
1288 992 1445 1044 τροπῆς
1481 991 1600 1044 θερι-

151 1063 244 1113 νῆς,
275 1061 366 1115 περὶ
397 1059 442 1100 δὲ
471 1058 546 1112 τὴν
571 1056 852 1114 μετοπωρινὴν
885 1059 1014 1111 λίβες,
1054 1059 1144 1111 περὶ
1176 1057 1221 1098 δὲ
1245 1055 1402 1112 τροπὰς
1430 1054 1600 1112 θερινὰς

148 1126 224 1179 μὲν
256 1126 450 1184 ζέφυρος,
488 1125 719 1182 χειμερινὰς
747 1124 788 1167 δ’
821 1119 954 1180 εὖρος.
1019 1131 1084 1167 16.
1118 1125 1404 1167 Ἐπιπίπτουσι
1434 1124 1480 1166 δὲ
1506 1128 1655 1172 τοῒς16

150 1193 289 1244 ἄλλοις
316 1194 496 1248 μάλιστα
525 1195 590 1235 καὶ
623 1192 825 1236 παύουσιν
855 1192 1076 1249 ἀπαρκτίαι
1106 1194 1173 1235 καὶ
1202 1194 1404 1249 θρασκιάι
1434 1193 1500 1235 καὶ
1523 1191 1600 1248 ἆρ-

148 1261 308 1316 γέσται·
358 1261 427 1303 διὰ
458 1259 505 1304 τό
535 1258 740 1317 ἐγγυτάτω
768 1261 847 1318 γὰρ
877 1260 953 1316 τῆν
983 1259 1116 1318 ὁρμὴν
1148 1260 1283 1303 αὐτῶν
1318 1259 1419 1304 εἶναι
1455 1259 1606 1302 πολλοί

148 1346 190 1371 τε.
230 1330 294 1371 καὶ
331 1330 490 1384 ῗσχυροὶ
529 1329 694 1371 πνέουσι
733 1330 914 1384 μάλιστα
955 1323 1083 1372 οὗτοι.
1140 1329 1203 1373 διὸ
1232 1330 1299 1371 καὶ
1330 1328 1605 1386 αἴθριώτατοί

149 1388 223 1439 εἶσι
253 1401 335 1440 τῶν
365 1396 549 1451 ἀνέμων·
590 1398 777 1447 πνέοντες
803 1397 881 1454 γὰρ
913 1398 1085 1454 ἐγγύθεν
1113 1397 1295 1452 μάλιστα
1325 1396 1602 1452 ἀποβιαζόμε-

148 1466 215 1507 νοί
240 1483 282 1508 τε
312 1460 443 1508 τᾶλλα
482 1463 693 1518 πνεύματα
731 1465 932 1518 παύουσι,
978 1468 1046 1508 καὶ
1076 1466 1372 1524 ἇποφυσῶντες
1408 1463 1461 1507 τὰ
1489 1479 1602 1507 συνι-

149 1533 331 1588 στάμενα
361 1533 462 1589 νέφη
495 1537 678 1575 ποιοῦσιν
709 1535 895 1591 αἰθρίαν,
928 1533 978 1576 ἂν
1002 1533 1059 1589 μὴ
1082 1536 1238 1590 ψυχροὶ
1270 1535 1436 1591 σφόδρα
1469 1533 1603 1585 τύχω-

151 1618 214 1644 σιν
243 1601 331 1656 ἅμα
360 1600 486 1650 ὄντες.
550 1607 614 1643 17.
650 1601 755 1643 Τότε
787 1601 828 1643 ‹5’
854 1602 927 1644 οὐκ
949 1602 1131 1659 αἶ’θριοι·
1163 1602 1213 1644 ἂν
1233 1601 1310 1658 γὰρ
1331 1597 1406 1644 ὦσι
1434 1603 1659 1655 μᾶλλον17

150 1671 305 1726 ψυχροὶ
331 1667 356 1722 ἢ
382 1667 568 1722 μεγάλοι,
610 1668 821 1724 φθάνουσι
852 1669 1071 1725 πηγνύντες
1101 1670 1126 1724 ἢ
1155 1674 1461 1726 προωθοῦντες.
1504 1665 1527 1710 ὅ
1559 1667 1605 1709 δὲ

153 1805 334 1858 dispositi
358 1806 459 1852 sint,
490 1806 611 1844 simul
633 1807 786 1859 spirare
806 1821 889 1846 non
908 1821 1026 1860 posse
1045 1815 1165 1861 patet,
1197 1809 1265 1861 qui
1284 1807 1488 1856 contrarii,
1510 1819 1602 1844 cum

152 1887 227 1925 per
245 1873 485 1913 diametrum
515 1876 702 1926 opposita
729 1876 818 1914 sint.
876 1877 996 1916 Alter
1016 1877 1139 1929 igitur
1163 1878 1246 1916 vim
1271 1891 1411 1929 passus
1438 1875 1603 1914 alterius

151 1941 332 1981 cessabit.
391 1943 473 1981 Eos
499 1949 653 1993 autem,
684 1945 752 1996 qui
771 1945 827 1983 ita
848 1945 956 1983 inter
980 1958 1022 1983 se
1045 1946 1231 1984 collocati
1249 1959 1333 1983 non
1353 1950 1471 1991 sunt,
1502 1950 1549 1981 ut
1565 1943 1607 1980 Z

152 2007 254 2059 etA,
278 2009 377 2048 nihil
400 2010 606 2062 prohibet,
636 2011 688 2049 ob
711 2026 881 2064 eamque
901 2026 1060 2052 causam
1081 2014 1214 2052 nautis
1235 2012 1403 2052 secundi
1424 2011 1475 2050 ad
1493 2011 1604 2049 idem

150 2084 343 2130 punctum
365 2078 569 2117 interdum
588 2080 707 2118 ambo
727 2081 904 2132 spirant,
934 2095 1017 2119 non
1038 2095 1091 2119 ex
1116 2081 1263 2119 eodem
1282 2081 1395 2129 loco,
1424 2094 1501 2118 nec
1521 2079 1603 2131 spi-

150 2147 232 2185 ritu
256 2145 413 2184 eodem.
488 2149 552 2186 15.
595 2149 870 2200 Temporibus
899 2156 1033 2187 autem
1061 2149 1276 2188 contrariis
1313 2150 1382 2200 qui
1410 2147 1603 2186 contrarii

153 2220 269 2264 sunt,
299 2215 472 2252 maxime
492 2215 666 2266 spirant,
704 2223 751 2254 ut
776 2217 879 2255 circa
906 2218 1205 2269 aequinoctium
1232 2231 1407 2255 vernum
1430 2215 1605 2260 Caecius,

154 2288 195 2319 et
218 2282 381 2319 omnino
413 2283 483 2333 qui
510 2284 618 2322 ultra
646 2285 846 2334 aestivum
871 2286 1097 2337 Tropicum
1122 2286 1243 2338 positi
1265 2291 1380 2334 sunt3
1410 2283 1515 2321 circa
1533 2296 1606 2320 au-

155 2349 372 2386 tumnalem
401 2350 544 2389 Africi.
617 2352 674 2390 At
705 2352 811 2390 circa
849 2343 1135 2391 conversiones
1174 2354 1346 2391 aestivas
1385 2350 1606 2398 Favonius,

154 2417 257 2455 circa
278 2417 478 2455 brumales
490 2418 731 2458 Vulturnus.
769 2423 837 2458 16.
862 2421 1097 2472 Septentrio
1117 2428 1249 2459 autem
1274 2426 1314 2458 et
1333 2418 1550 2458 Thrasciae
1568 2424 1608 2455 et

155 2485 350 2535 Argestae
360 2513 374 2531 ‚
406 2484 499 2535 quia
521 2499 543 2523 e
562 2486 653 2523 loco
675 2488 866 2537 proximo
888 2495 1024 2526 ortum
1045 2484 1217 2537 habent,
1246 2489 1288 2526 in
1309 2487 1408 2526 alios
1432 2486 1607 2524 maxime

154 2552 359 2598 incidunt,
391 2565 541 2603 eosque
572 2552 734 2602 sedant,
763 2554 874 2606 iique
900 2556 1083 2594 omnium
1110 2554 1428 2608 frequentissimi
1457 2567 1503 2591 ac
1532 2567 1607 2592 va-

154 2620 338 2658 lidissimi
368 2620 548 2672 spirant,
588 2619 640 2658 ob
661 2634 837 2678 weamque
869 2636 1026 2661 causam
1058 2625 1238 2662 omnium
1271 2623 1447 2661 maxime
1474 2621 1606 2659 sereni

156 2693 263 2725 sunt.
323 2689 424 2726 Cum
457 2688 565 2725 enim
596 2701 649 2725 ex
667 2689 900 2740 propinquo
922 2691 1098 2742 spirent,
1126 2692 1210 2729 vim
1234 2688 1452 2729 inferendo
1474 2694 1515 2725 et
1537 2701 1607 2725 re·—

157 2755 286 2806 liquos
314 2754 432 2793 ssatus
463 2760 650 2792 sternunt
672 2762 712 2793 et
732 2756 858 2794 nubes
883 2765 1089 2796 concretas
1122 2756 1374 2797 discutiendo
1411 2755 1605 2794 serenita-

158 2828 239 2860 tem
269 2821 489 2872 induount,
520 2823 597 2860 nisi
621 2823 728 2862 forte
752 2824 868 2862 etiam
898 2826 1037 2878 frigidi
1066 2833 1170 2865 sunt.
1261 2829 1328 2865 17.
1366 2825 1475 2863 Tum
1504 2837 1605 2862 vcro

158 2889 289 2928 sereni
307 2903 389 2928 non
411 2896 516 2928 sunt.
578 2891 620 2928 Si
640 2893 746 2930 enim
770 2893 894 2944 magis
913 2894 1081 2946 frigidos
1101 2908 1219 2946 quam
1241 2892 1501 2933 vehementes
1522 2905 1606 2929 esse
