1820 3158
344 330 405 373 8⁰
450 337 654 381 -12·3⁵8‚a-
681 337 840 371 Bekk--—
896 339 1284 380 Lm.11.cA1².111.
1351 340 1714 384 -p.342,1‹:.cas.-

336 451 564 500 μεταβολῆς
590 446 652 488 ἐπὶ
681 445 842 487 πάντων
869 461 910 488 τε
938 449 1003 489 καὶ
1030 446 1196 503 φθορὰν
1225 444 1321 488 εἶναι
1351 449 1414 488 καὶ
1442 450 1612 502 γένεσιν,
1642 450 1741 491 ταῦ-

284 518 337 554 22
349 529 422 566 την
450 514 583 566 μέντοι
613 512 859 566 τεταγμένως
886 514 1114 566 συμβαίνειν
1137 517 1256 554 πᾶσιν
1278 513 1427 562 αὐτοῖς.
1485 521 1551 557 22.
1576 516 1741 573 Τούτων

339 580 380 620 δ’
405 579 532 627 οὕτως
563 577 753 631 ἐχόντων,
792 579 995 634 πειρατέον
1025 579 1242 621 ἀποδοῦναι
1282 579 1353 633 τὴν
1384 582 1514 622 αἰτίαν
1551 583 1616 622 καὶ
1653 583 1741 636 περὶ

337 650 410 699 τῆς
434 644 722 698 ἆλμυρότητος.
754 645 928 698 φανερὸν
947 644 994 699 δὴ
1028 646 1093 687 διὰ
1121 650 1278 687 πολλῶν
1308 649 1480 701 σημείων
1510 647 1570 689 ὅτι
1598 649 1741 701 γίνεται

335 716 516 759 τοιοῦτος
544 708 564 751 ὃ
591 710 721 763 χυμὸς
750 710 817 750 διὰ
847 710 1033 763 σύμμιξίν
1057 727 1184 760 τινος·
1229 713 1268 753 ἔν
1296 729 1336 754 τε
1367 714 1441 768 γὰρ
1470 721 1555 762 τοῖς
1585 713 1742 766 σώμασι

335 776 381 818 τὸ
412 777 685 819 ἀπεπτότατον
715 775 894 832 ἁλμυρὸν
923 779 987 818 καὶ
1015 778 1177 832 πικρόν,
1208 777 1339 834 ὥσπερ
1370 782 1434 821 καὶ
1465 780 1660 835 πρότερον
1689 779 1743 821 εἷ’-

335 859 480 897 πομεν·
533 843 805 885 ἀπεπτότατον
841 844 915 898 γὰρ
955 843 1001 885 τὸ
1040 845 1268 898 περίττωμα
1305 850 1375 898 τῆς
1408 844 1531 902 ὑγρᾶς
1574 850 1741 902 τροφῆς.

334 911 498 964 τοιαύτη
528 911 572 951 δὲ
599 915 708 952 πᾶσα
736 910 809 962 μὲν
839 908 863 963 ἡ
891 909 1131 962 ὑπόστασις,
1160 910 1335 963 μάλιστα
1364 912 1407 952 δὲ
1435 910 1460 966 ἡ
1490 915 1544 960 εἷς
1572 913 1643 966 τὴν
1672 912 1743 953 κύ·-

281 985 331 1020 23
342 992 439 1019 στιν.
498 985 562 1019 23.
595 979 766 1030 Σημεῖον
796 976 836 1017 δ’
865 975 925 1017 ὅτι
956 976 1175 1030 λεπτοτάτη
1206 978 1335 1018 ἐστίν·
1373 978 1424 1018 τὰ
1453 979 1496 1019 δὲ
1525 978 1743 1030 πεττόμενα

334 1043 463 1086 πάντα
492 1045 757 1085 συνίστασθαι
786 1042 970 1097 πέφυκεν.
1001 1042 1131 1084 ἔπειτα
1152 1044 1273 1098 ἱδρὼς
1292 1045 1333 1084 ἐν
1353 1041 1413 1090 οἷς
1430 1045 1476 1086 τὸ
1499 1044 1598 1086 αὐτὸ
1628 1047 1742 1097 σῶμα

335 1112 641 1165 συνεκκρίνεται,
682 1109 703 1152 ὃ
734 1116 841 1151 ποιεῖ
871 1109 942 1150 τὸν
975 1109 1106 1162 χυμὸν
1145 1114 1302 1151 τοῦτον.
1354 1109 1503 1163 ὁμοίως
1537 1112 1580 1151 δὲ
1609 1112 1672 1151 καὶ
1702 1112 1743 1152 ἐν

333 1184 418 1226 τοῖς
445 1177 674 1229 καομένοις·
706 1171 754 1217 οὗ
774 1177 848 1232 γὰρ
874 1174 922 1216 ἂν
947 1175 1004 1228 μὴ
1035 1175 1213 1231 κρατήσῃ
1241 1176 1286 1217 τὸ
1309 1176 1479 1230 θερμόν,
1509 1178 1550 1217 ἐν
1567 1177 1641 1229 μὲν
1660 1182 1744 1224 τοῖς

279 1245 331 1284 24
344 1243 501 1297 σώμασι
519 1244 663 1297 γίνεται
682 1245 934 1298 περίττωσις,
965 1242 1006 1282 ἐν
1025 1243 1068 1282 δὲ
1086 1249 1169 1289 τοῖς
1189 1243 1396 1294 καομένοις
1413 1243 1555 1297 τέφρα.
1583 1246 1649 1282 24.
1662 1242 1741 1284 Διὸ

332 1311 396 1351 καὶ
425 1309 497 1363 τὴν
527 1307 737 1350 θάλαττάν
763 1324 865 1356 τινες
893 1309 936 1349 ἐκ
954 1309 1296 1362 κατακεκαυμένης
1323 1310 1422 1364 φασὶ
1440 1308 1625 1362 γενέσθαι
1648 1313 1741 1362 γῆς·

117 1390 141 1413 ⁸
331 1378 378 1418 τὸ
410 1376 450 1417 δ’
474 1375 580 1418 οὕτω
607 1377 681 1429 μὲν
711 1375 829 1417 εἰπεῖν
859 1374 1020 1425 ἄτοπον,
1049 1374 1094 1416 τὸ
1123 1379 1258 1427 μέντοι
1289 1375 1331 1416 ἐκ
1352 1373 1541 1428 τοιαύτης
1569 1374 1742 1427 ἀληθές·

333 1443 466 1499 ὥσπερ
493 1443 569 1498 γὰρ
600 1439 664 1484 imi
693 1443 735 1483 ἐν
755 1449 841 1490 τοῖς
869 1441 1108 1496 εἰρημένοις,
1140 1441 1246 1482 οὕτω
1277 1435 1342 1483 καὶ
1371 1441 1413 1482 ἐν
1439 1444 1497 1497 τῷ
1527 1440 1608 1497 ὅλῳ
1636 1440 1678 1481 ἔκ
1699 1456 1741 1481 τε

332 1515 412 1552 τῶν
441 1509 651 1565 φυομένων
679 1510 744 1550 καὶ
772 1508 984 1563 γινομένων
1015 1507 1116 1548 κατὰ
1143 1507 1264 1563 φύσιν
1294 1507 1353 1549 ἀεὶ
1383 1509 1446 1549 δεῖ
1463 1513 1576 1557 νοεῖν,
1608 1505 1740 1561 ὥσπερ

332 1648 442 1682 ortus
463 1645 512 1681 sit
532 1648 571 1681 et
587 1643 780 1688 interitus,
796 1643 850 1679 ita
869 1648 1013 1687 tamen,
1035 1646 1078 1678 ut
1094 1639 1191 1679 haec
1210 1654 1261 1679 ex
1282 1641 1423 1679 ordine
1442 1640 1623 1678 omnibus
1645 1651 1741 1677 cou-

332 1711 505 1749 veniant.
564 1714 628 1748 22.
662 1711 775 1759 Quae
797 1722 884 1746 cum
910 1708 964 1745 ita
984 1721 1025 1745 se
1042 1707 1223 1756 habeant,
1251 1708 1452 1746 salsedinis
1471 1720 1628 1758 quoque
1648 1718 1740 1744 cau·-

331 1789 412 1814 sam
436 1776 608 1814 reddere
631 1788 829 1813 conemur.
885 1775 1026 1812 Multis
1051 1774 1211 1825 quidem
1239 1787 1289 1811 ex
1311 1774 1465 1811 indiciis
1488 1774 1740 1824 perspicuum

333 1849 408 1887 est,
440 1842 522 1879 eius
551 1842 660 1879 modi
688 1854 866 1892 saporem
898 1853 949 1878 ex
975 1834 1256 1878 ‘commixtione
1285 1841 1451 1890 quadam
1481 1841 1670 1877 existere:
1698 1839 1740 1876 in

331 1908 562 1959 corporibus
582 1908 698 1955 enim,
726 1907 833 1957 quod
856 1907 1017 1944 minime
1036 1913 1094 1944 est
1112 1912 1277 1951 coctum,
1309 1907 1451 1943 salsum
1478 1912 1536 1943 est
1564 1911 1603 1942 et
1633 1916 1740 1942 ama-

329 1987 443 2020 rum,
479 1981 521 2011 ut
541 1979 654 2011 antea
673 1973 856 2011 diximus.
914 1973 1080 2011 Humidi
1107 1985 1275 2022 namque
1305 1972 1479 2009 alimenti
1507 1982 1740 2008 excremen-

328 2049 413 2080 tum
434 2042 631 2079 incoctum
650 2045 721 2084 est,
751 2040 910 2090 eiusque
927 2039 1081 2090 generis
1099 2051 1217 2076 omne
1241 2045 1298 2075 est
1319 2039 1596 2085 sedimentum‚
1620 2036 1739 2086 idque

330 2108 572 2159 potissimum
589 2106 694 2158 quod
714 2107 754 2144 in
773 2107 943 2143 vesicam
964 2105 1172 2155 colligitur.
1229 2108 1294 2142 23.
1331 2104 1451 2154 Quod
1467 2103 1562 2141 inde
1583 2103 1739 2153 agnosci

16 2219 19 2227 ,
329 2180 472 2225 potest,
485 2173 583 2224 'quia
600 2172 868 2210 tenuissimum
887 2178 956 2220 est,
976 2185 1064 2209 cum
1085 2186 1132 2210 ea
1149 2172 1291 2219 omnia,
1312 2184 1411 2222 quae
1423 2174 1738 2220 concoquuntur,

0 2230 20 2288 iii
331 2247 471 2279 natura
498 2253 566 2277 sua
587 2245 834 2277 crassescunt.
892 2240 986 2276 Post
1007 2238 1108 2276 illud
1133 2236 1256 2275 sudor
1284 2244 1362 2283 est,
1401 2238 1442 2275 in
1469 2236 1609 2288 quibus
1632 2235 1737 2273 idem

0 2294 21 2358 H}
331 2319 495 2358 corpus,
527 2305 632 2356 quod
656 2305 761 2343 hunc
787 2304 922 2343 reddit
948 2317 1151 2355 saporem,
1191 2317 1267 2341 una
1293 2305 1533 2342 excernitur.
1597 2302 1737 2351 Neque

0 2361 21 2438 {fi
329 2375 441 2412 aliter
461 2386 525 2410 res
541 2385 583 2410 se
605 2371 724 2409 habet
742 2372 783 2408 in
802 2373 863 2417 iis,
893 2383 991 2422 quae
1011 2370 1245 2409 aduruntur.
1307 2370 1426 2419 Quod
1445 2370 1550 2407 enim
1569 2381 1591 2404 a
1608 2368 1737 2405 calore

0 2441 21 2528 ii
330 2441 502 2478 evictum
533 2451 615 2475 non
644 2438 787 2485 fuerit,
826 2439 867 2476 in
893 2437 1125 2488 corporibus
1156 2437 1315 2487 quidem
1345 2440 1636 2474 excrementum
1666 2438 1734 2479 est,

0 2523 20 2580 η
327 2507 367 2544 in
388 2507 435 2544 iis
453 2512 593 2552 autem,
617 2517 716 2555 quae
732 2504 963 2552 aduruntur,
984 2504 1091 2541 cinis.
1149 2502 1215 2541 24.
1245 2504 1376 2553 Atque
1402 2501 1497 2539 haec
1524 2507 1582 2538 est
1609 2512 1733 2547 causa,

328 2585 399 2610 cur
428 2571 609 2608 nonnulli
637 2584 687 2607 ex
713 2571 850 2608 adusta
881 2577 987 2608 terra
1016 2582 1124 2608 mare
1156 2569 1242 2607 fieri
1266 2568 1455 2619 inquiant.
1512 2567 1631 2616 Quod
1659 2565 1735 2604 hoc

301 2649 307 2662 ¹
330 2638 488 2688 quidem
510 2636 628 2674 modo
647 2636 779 2674 dicere
798 2636 1012 2675 absurdum
1033 2642 1104 2682 est,
1121 2634 1221 2674 illud
1238 2640 1376 2681 autem,
1398 2646 1449 2670 ex
1467 2645 1511 2670 ea
1530 2646 1628 2684 quae
1647 2633 1734 2670 talis

331 2711 410 2750 est,
441 2714 595 2742 verum.
653 2703 776 2749 Nam,
807 2704 911 2740 utin
937 2703 1016 2750 his,
1053 2714 1152 2753 quae
1184 2701 1286 2738 dicta
1315 2704 1431 2743 sunt,
1469 2699 1523 2736 sio
1549 2700 1663 2737 etiam
1691 2699 1733 2736 in

329 2771 526 2817 universo,
552 2780 603 2821 ex
621 2768 669 2805 iis
694 2780 792 2818 quae
812 2774 1025 2807 nascuntur
1045 2774 1084 2805 et
1104 2772 1242 2804 natura
1261 2777 1329 2802 sua
1349 2765 1573 2815 gignuntur,
1601 2766 1732 2803 animo
