1820 3158
94 345 263 390 —p.37o
273 355 304 380 a.
330 343 492 378 Bekk.—-
548 344 655 384 LIB
668 344 719 385 11,
750 343 870 405 CAP
878 342 959 383 lx.
1000 338 1170 384 —p.352‚
1186 338 1226 373 E.
1252 337 1379 374 Cas.-
1428 331 1518 378 127

91 457 232 500 ἐκεῖνοι
259 457 331 499 τὸν
363 454 507 511 ψόφον
538 454 641 506 ζέσιν
669 458 876 506 ποιοῦσιν,
921 451 1027 495 ἀλλὰ
1055 452 1168 502 σίξιν.
1211 450 1293 494 ἔστι
1323 451 1368 494 δὲ
1397 448 1522 505 καὶη

93 526 194 574 σίξις
229 524 357 579 μικρὰ
392 523 508 575 ζέσις.
555 524 582 579 ᾗ
610 522 687 579 γὰρ
716 521 763 566 τό
793 517 1047 578 προσῦῑΐπτον
1077 525 1219 576 κρατεῖ
1242 514 1523 573 σβέννῦμενον,

91 591 221 649 ταύτῃ
252 592 355 643 ζέσιν
383 596 493 633 ποιεῖ’
514 590 586 633 τὸν
604 589 762 647 ψόφον.
822 596 888 632 18.
919 590 1012 631 Εἰσὶ
1033 589 1082 631 δέ
1095 604 1199 636 τινες
1217 586 1348 641 οἳτὴν
1371 586 1579 643 ἄστρα-18

91 660 187 715 πήν,
219 659 353 716 ὥσπερ
384 661 450 702 καὶ
480 660 734 713 Κλείδημος,
776 656 850 700 οὐκ
878 655 981 718 εἷναί
1006 670 1130 713 φασιν
1159 653 1264 697 ἀλλὰ
1289 656 1523 710 φαίνεσθαι,

92 727 398 784 παρεικάζοντες
428 724 483 776 ὣς
509 726 557 769 τὸ
584 726 725 775 πάθος
751 724 892 780 ὅμοιον
921 722 968 767 ὃν
996 726 1063 767 καὶ
1092 722 1191 767 ὅταν
1215 722 1289 777 τὴν
1308 720 1525 765 θάλαττάν

91 813 154 845 τις
174 795 314 853 ῥάβδῳ
334 786 464 851 τύπτῄ
476 810 488 821 ·
515 796 699 850 φαίνεται
716 793 794 849 γὰρ
812 792 858 835 τὸ
877 791 990 845 ὕδωρ
1011 792 1258 845 ἀποστίλβον
1275 794 1348 845 τῆς
1366 789 1524 839 νυκτός.
1554 799 1557 802 ’

92 863 224 913 οὕτως
253 865 295 906 ἐν
321 867 372 919 τῇ
402 863 548 919 νεφέλῃ
578 861 845 919 ῥαπιζομένου
874 865 948 903 τοῦ
967 858 1091 917 ὖγροῦ
1112 858 1187 914 τὴν
1205 859 1432 914 φαντασίαν
1454 862 1527 912 τῆς

92 931 380 986 λαμπρότητος
409 929 508 972 εἶναι
537 929 612 984 τὴν
641 928 866 985 ἀστραπήν.
940 935 1004 970 194
1044 921 1168 969 Οὗτοι
1195 926 1271 980 μὲν
1301 921 1373 968 οὗν
1403 924 1515 968 οὔπω
1530 932 1580 968 19

92 998 285 1054 συνήθεις
313 993 418 1052 ἦσαν
444 1003 535 1046 ταῖς
563 999 652 1052 περὶ
682 1002 754 1051 τῆς
781 995 1041 1044 ἀνακλάσεως
1071 994 1228 1044 δόξαις,
1266 992 1366 1049 ὅπερ
1396 993 1525 1035 αἴτιον

92 1068 207 1111 δοκεῖ’
232 1070 306 1108 τοῦ
334 1065 522 1107 τοιούτου
549 1065 714 1114 πάθους
735 1063 856 1106 εἶναι’
888 1063 1073 1118 φαίνεται
1094 1060 1172 1118 γὰρ
1191 1060 1239 1103 τὸ
1269 1059 1384 1117 ὕδωρ
1414 1062 1526 1103 στίλ-

89 1128 176 1188 βειν
212 1131 459 1187 τυπτόμενον
497 1132 782 1187 ἀνακλωμένης
816 1129 888 1172 ὕπ’
923 1129 1061 1174 αὐτοῦ,
1086 1133 1160 1184 τῆς
1190 1127 1328 1182 ὅψεως
1356 1127 1461 1184 πρός
1484 1146 1525 1171 τι

90 1206 172 1244 τῶν
198 1204 407 1256 λαμπρῶν.
451 1199 512 1241 διὸ
542 1201 609 1242 καὶ
634 1200 784 1254 γίνεται
811 1202 932 1241 τοῦτο
961 1201 1118 1252 μᾶλλον
1147 1196 1328 1253 νύκτωρ·
1357 1200 1431 1251 τῆς
1446 1196 1524 1252 γὰρ

88 1267 242 1324 ἡμέρας
264 1267 312 1313 οὗ
331 1268 514 1324 φαίνεται
544 1266 612 1309 διὰ
641 1267 688 1309 τὸ
714 1267 835 1310 πλέον
865 1265 911 1309 ὂν
939 1265 987 1310 τὸ
1020 1266 1166 1322 φέγγος
1192 1264 1239 1307 τὸ
1270 1269 1344 1320 τῆς
1371 1263 1526 1319 ἡμέρας

88 1335 302 1393 ἀφανίζειν.
361 1342 429 1386 20.
462 1335 528 1377 Τὰ
543 1335 619 1388 μὲν
640 1329 713 1377 οὖν
733 1333 928 1391 λεγόμενα
956 1335 1046 1391 περὶ
1074 1336 1253 1390 βροντῆς
1280 1334 1346 1375 καὶ
1368 1332 1580 1390 ἄστρα-20

86 1408 167 1459 πῆς
200 1403 313 1485 παρὰ
349 1407 431 1446 τῶν
470 1401 604 1445 ἄλλων
640 1401 758 1445 ταῦτ’
792 1403 902 1454 ἔστί,
943 1406 1026 1445 τῶν
1054 1402 1130 1455 μὲν
1160 1400 1223 1444 ὅτι
1251 1399 1524 1456 άνάκλασιςῆ

87 1470 299 1526 ἀστραπή,
335 1474 416 1514 τῶν
446 1469 487 1513 δ’
513 1469 575 1513 ὅτι
603 1470 735 1526 πυρὸς
760 1471 836 1524 μὲν
861 1489 887 1525 η
917 1469 1105 1527 ἀστραπὴ
1135 1468 1384 1523 ὄιάλαμψις,
1423 1466 1449 1524 ἦ
1480 1470 1525 1511 δὲ

85 1538 239 1595 βροντὴ
271 1540 432 1621 σβέσις,
469 1538 542 1581 οὐκ
571 1538 823 1595 ἐγγινομένου
852 1538 953 1593 παρ’
979 1539 1150 1580 ἕκαστον
1178 1536 1320 1585 πάθος
1347 1540 1420 1578 τοῦ
1448 1553 1527 1578 πυ-

87 1606 161 1663 ρὸς
191 1605 309 1651 ἀλλᾞ
312 1619 313 1622 ’
377 1605 618 1667 πάρχοντος.
677 1613 743 1649 21.
767 1604 914 1659 “Ημεΐς
932 1606 980 1647 δέ
995 1621 1129 1661 φαμεν
1158 1603 1232 1658 τὴν
1260 1602 1388 1658 αὗτην
1417 1600 1576 1647 ειναι21

87 1742 250 1790 faciunt,
351 1713 589 1779 stridorem.
620 1743 693 1780 Est
713 1755 814 1780 vero
833 1740 984 1780 stridor
1003 1741 1170 1792 exiguus
1189 1740 1350 1793 quidam
1370 1741 1523 1780 fervor.

90 1810 181 1859 Qua
208 1808 461 1859 enimparte
490 1809 598 1860 quod
627 1809 789 1857 incidit,
829 1809 923 1847 dum
953 1810 1240 1860 exstinguitur,
1272 1809 1447 1855 evincit,
1478 1824 1524 1847 ea

88 1882 200 1927 parte
230 1875 491 1913 effervescens
521 1876 697 1914 sonitum
725 1876 870 1915 reddit.
933 1879 997 1914 18.
1030 1878 1132 1915 Sunt
1160 1882 1294 1915 autem
1321 1877 1522 1926 nonnulli,

87 1943 193 1981 inter
222 1956 320 1994 quos
345 1943 569 1993 Clidemus,
601 1944 668 1994 qui
695 1944 832 1995 fulgur
857 1945 969 1982 aiunt
993 1957 1074 1981 non
1100 1958 1204 1994 esse,
1234 1944 1304 1982 sed
1327 1958 1523 1996 apparere

85 2011 192 2063 iique
210 2011 506 2062 comparatione
526 2017 715 2061 utuntur,
744 2012 856 2064 quasi
879 2012 1033 2050 affectio
1062 2012 1203 2050 similis
1231 2013 1304 2058 sit,
1334 2019 1452 2063 atque
1477 2026 1522 2050 ea

87 2092 186 2129 quae
211 2078 388 2124 exsistit,
416 2079 574 2131 quando
595 2093 704 2117 mare
731 2080 927 2131 quispiam
949 2080 1064 2130 virga
1084 2080 1289 2131 percutiat.
1338 2081 1398 2118 Ut
1415 2081 1520 2118 enim

87 2151 210 2183 noctu
229 2159 329 2196 aqua
349 2147 561 2197 splendere
578 2147 753 2197 videtur,
763 2149 819 2186 ita
836 2154 875 2185 et
890 2148 932 2185 in
949 2148 1097 2185 nebula
1114 2147 1287 2186 humore
1310 2147 1521 2187 verberato

88 2212 367 2263 splendorem,
401 2214 470 2263 qui
497 2215 634 2265 fulgur
660 2222 741 2264 est,
771 2229 980 2267 apparere.
1043 2219 1106 2253 19.
1138 2215 1218 2253 Sed
1236 2215 1318 2263 his,
1351 2229 1453 2266 quae
1472 2215 1523 2253 de

87 2277 309 2318 reflexione
337 2286 450 2328 sunt,
491 2282 743 2331 opinionibus
776 2284 805 2321 ii
834 2283 979 2320 assueti
1007 2282 1188 2320 nondum
1226 2289 1360 2320 erant:
1413 2282 1522 2332 quod

26 2356 29 2359 ·
87 2345 249 2396 quidem
277 2345 439 2384 videtur
475 2348 557 2385 eius
586 2350 696 2387 modi
723 2351 940 2388 affectionis
973 2364 1087 2387 causa
1118 2362 1216 2387 esse.
1273 2350 1389 2400 Aqua
1416 2350 1521 2387 enim

88 2412 185 2451 dum
206 2413 426 2464 percutitur
446 2415 594 2453 micare
611 2417 786 2467 videtur,
807 2418 997 2469 adspectu
1017 2417 1065 2454 ab
1085 2430 1129 2454 ea
1148 2417 1197 2453 ad
1217 2416 1369 2467 aliquid
1386 2418 1519 2468 splen-

87 2479 228 2518 didum
249 2478 414 2528 reflexo,
438 2493 556 2531 quam
577 2482 628 2520 ob
647 2497 734 2522 rem
755 2491 795 2523 et
812 2491 937 2523 noctu
955 2484 1033 2522 hoc
1053 2485 1175 2536 magis
1196 2484 1359 2522 accidit:
1391 2485 1520 2522 inter-

5 2549 8 2552 ’
49 2568 53 2572 -
88 2547 157 2585 diu
185 2547 292 2586 enim
323 2560 406 2585 non
436 2556 650 2599 apparent,
696 2558 909 2603 propterea
939 2551 1048 2602 quod
1080 2553 1231 2589 maiore
1260 2551 1339 2588 diei
1369 2552 1520 2590 lumine

88 2614 333 2653 obscuratur.
389 2618 456 2653 20.
491 2617 605 2666 Quae
628 2618 750 2668 igitur
773 2619 822 2656 de
842 2619 996 2656 tonitru
1016 2624 1056 2655 et
1076 2618 1237 2669 fulgure
1262 2618 1311 2655 ab
1339 2619 1426 2657 aliis
1457 2619 1520 2656 di-

86 2688 254 2730 cuntur,
285 2681 383 2720 haec
403 2689 514 2721 sunt:
546 2685 633 2721 aliis
655 2673 817 2736 quidem
838 2686 972 2735 fulgur
994 2685 1258 2724 reflexionem
1279 2699 1363 2723 esse
1382 2686 1521 2724 dicen-

86 2749 212 2798 tibus,
243 2751 328 2789 aliis
347 2749 483 2800 fulgur
513 2752 674 2802 quidem
703 2766 788 2791 esse
815 2752 916 2803 ignis
943 2752 1211 2804 splendorem,
1243 2754 1397 2791 tonitru
1417 2768 1518 2792 vero

86 2816 185 2866 ignis
212 2818 539 2868 exstinctionem,
570 2833 653 2858 non
678 2821 785 2869 eius,
814 2821 883 2870 qui
914 2820 956 2858 in
984 2820 1148 2871 singulis
1175 2821 1446 2859 affectionibus
1476 2823 1517 2859 in
