1774 3198
312 348 407 391 650
618 356 810 394 ADDEN
812 355 889 394 DA
918 356 990 393 ET
1021 355 1394 415 CORRIGENDA.

399 477 439 498 ac
467 465 574 496 sensili
591 462 626 503 ⁴¹)
661 473 693 496 c.
717 465 751 497 3.
784 475 819 506 p.
846 462 933 506 439,
955 475 987 502 a.
1022 474 1052 498 c.
1074 463 1108 498 4.
1141 475 1175 507 p.
1197 462 1283 508 442,
1305 475 1338 498 a.
1382 467 1422 498 de
1455 469 1544 499 caelo
1574 466 1645 508 ΠΙ,
1669 470 1699 500 1.

395 532 430 564 p.
453 520 538 560 299,
561 529 593 551 a·
1650 523 1658 526 ⁷

309 578 347 610 Ρ.
373 574 450 609 354.
473 575 500 609 l.
526 573 579 608 15.
603 591 647 598 -
678 574 761 607 Post
781 569 996 618 ὖπερβᾶλλει
1018 584 1108 617 pone
1135 580 1311 618 punctum.

307 652 322 658 -
379 650 424 656 —
466 650 485 656 -
518 629 573 663 36.
596 645 641 651 —
666 630 748 662 Post
769 629 936 672 μέτρησιν
958 630 1044 662 adde
1065 630 1102 663 in
1124 636 1226 664 nota:
1253 631 1309 663 De
1329 630 1533 664 confusione
1558 630 1700 676 elegiaci

393 684 492 719 metri
527 695 604 717 cum
635 683 800 726 heroico,
845 695 945 727 quam
976 684 1085 718 critici
1121 685 1278 720 nonnulli
1315 685 1554 719 emendatione
1577 687 1699 719 tollere

393 741 626 781 conabantur,
672 739 728 772 adi
763 739 858 772 Axt
894 745 929 773 et
960 740 1129 786 Rigler
1162 743 1206 775 ad
1228 742 1438 775 Maneth.
1465 745 1698 784 Apotezesmat.

391 809 424 840 p.
446 782 571 829 xxns

304 874 320 880 -
344 853 421 887 355.
444 852 467 884 1.
491 854 524 885 7.
546 870 590 876 —
613 851 681 883 Pro
704 851 740 882 h.
765 851 788 882 1.
815 851 891 896 lege
914 852 937 883 1.
963 852 986 883 l.

302 927 318 934 -
343 908 420 942 356.
449 927 465 933 -
494 909 526 940 1.
551 923 594 930 --
617 906 711 951 Lege
733 902 779 939 “H
802 916 865 949 pro
887 908 937 940 H.

307 983 318 990 -
343 963 419 997 358.
452 978 469 983 -
492 963 546 995 30.
576 978 618 985 —
640 962 722 994 Post
745 961 897 994 factus
925 967 992 995 est
1020 963 1126 996 adde:
1164 962 1226 995 cfr.
1250 961 1635 1002 Trendelenburg
1656 962 1697 993 ad

391 1017 579 1051 Aristot.
607 1018 648 1049 de
674 1018 768 1052 anim.
794 1028 828 1059 p.
853 1019 928 1052 119.

301 1095 317 1101 -
343 1074 418 1108 360.
443 1074 467 1106 1.
491 1073 542 1106 18.
568 1089 610 1096 -
643 1070 745 1105 Adde
772 1073 812 1104 de
835 1077 924 1105 caelo
948 1074 982 1113 1,
1005 1075 1037 1106 2.
1063 1084 1096 1115 p.
1121 1071 1200 1112 269,
1215 1072 1257 1104 b:
1290 1069 1362 1105 ἔστι
1383 1083 1418 1104 τι
1440 1067 1538 1114 παραὶ
1561 1067 1606 1103 τοὶ
1631 1068 1699 1103 σώ-

387 1140 488 1171 ματα
515 1123 567 1160 τοὶ
596 1124 723 1171 δεῦρο
747 1130 805 1160 καὶ
828 1130 907 1171 περὶ
929 1124 1021 1169 ἡμᾶς
1047 1123 1164 1172 ἕτερον
1186 1127 1449 1168 κεχωρισμένον,
1471 1122 1622 1167 τοσούτῳ
1643 1136 1697 1157 τι-

387 1183 567 1226 μιωτέραν
592 1180 671 1224 ἔχον
696 1179 762 1224 τήν
784 1178 903 1224 φύσιν,
941 1177 1007 1224 ὅσῳ
1041 1193 1106 1224 περ
1140 1178 1312 1226 α’φέστηκε
1344 1178 1437 1215 τῶν
1474 1177 1697 1215 ἒντοιῖθα

385 1235 523 1270 πλεῖον.

300 1315 317 1321 -
340 1294 416 1327 361.
446 1293 469 1325 l.
492 1291 546 1324 18.
573 1306 615 1314 -
641 1289 762 1323 Adde:
789 1289 960 1322 Lindau
986 1291 1028 1322 ad
1051 1292 1220 1323 Platon.
1250 1293 1333 1322 Tim.
1361 1302 1396 1332 p.
1423 1290 1466 1324 55

298 1370 317 1378 -
361 1369 405 1374 —
448 1367 468 1374 -
491 1348 546 1380 32.
567 1365 612 1371 —
643 1344 744 1378 Adde
767 1347 856 1377 Hist.
881 1347 1014 1377 animal.
1034 1345 1082 1387 V,
1106 1346 1158 1377 17.
1193 1346 1334 1377 Meteor.
1362 1344 1423 1387 IV,
1448 1346 1487 1387 3,
1510 1347 1565 1377 22.

299 1435 317 1441 ..
344 1414 420 1448 363,
454 1433 472 1439 -
495 1412 527 1444 7.
553 1431 598 1437 —
629 1409 703 1444 Csr.
725 1413 766 1443 cle
790 1414 878 1442 caelo
902 1411 965 1452 IV,
988 1413 1020 1442 2.
1046 1422 1079 1453 p.
1106 1410 1236 1451 308,b.
1272 1411 1312 1442 de
1333 1416 1420 1451 part.
1447 1412 1576 1444 animal.
1604 1411 1639 1452 1,
1663 1409 1697 1442 4.

386 1481 421 1512 p.
445 1466 568 1507 644,b.
602 1468 643 1499 de
664 1469 740 1509 spir.
770 1467 803 1499 6.
827 1477 861 1509 p.
885 1464 1008 1507 485‚b.
1035 1466 1076 1498 de
1097 1478 1179 1499 sens.
1202 1478 1242 1498 ac
1268 1467 1375 1498 sensili
1401 1475 1432 1500 c.
1457 1463 1491 1498 4.
1521 1476 1554 1507 p.
1569 1463 1647 1508 442,
1664 1477 1694 1498 a.

385 1527 427 1558 de
447 1529 590 1566 generat.
616 1524 745 1555 animal.
768 1522 814 1563 V,
839 1522 871 1554 1.
896 1532 931 1564 p.
954 1521 1067 1563 '779‚b
1091 1531 1131 1554 ac
1154 1520 1301 1564 saepius.

299 1601 315 1608 -
339 1581 415 1616 363.
440 1582 465 1613 l.
493 1580 546 1616 18.
570 1597 615 1604 -
640 1578 752 1623 Lege:
776 1574 848 1620 τῆς.

302 1710 305 1712 <
340 1690 376 1736 *)
399 1690 594 1724 Pleniorem
616 1688 760 1722 huiusce
783 1687 862 1721 libri
885 1687 1019 1721 titulum
1044 1687 1134 1729 apud
1159 1687 1518 1729 Theophrastum
1541 1683 1695 1717 defendit

386 1734 732 1770 Schneiderus:
771 1738 804 1766 at
826 1743 954 1768 vereor
987 1742 1031 1765 ne
1064 1731 1202 1767 iniuria.
1258 1732 1378 1774 Neque
1411 1729 1502 1763 enim
1536 1730 1695 1762 codicum

386 1782 483 1814 adest
505 1779 688 1813 auctoritas
720 1779 810 1822 (tres
834 1776 987 1811 melioris
1015 1782 1118 1810 notae
1144 1776 1234 1819 apud
1258 1777 1411 1810 Bekke
1422 1785 1511 1807 rum
1535 1773 1694 1817 interque

386 1836 447 1859 eos
469 1825 617 1868 optimus
640 1825 680 1858 E.
703 1823 789 1856 nihil
813 1822 978 1856 exhibent
1001 1821 1067 1854 nisi
1093 1825 1173 1863 περὶ
1196 1817 1416 1863 αἰσθήσεως)
1449 1829 1562 1862 neque
1588 1817 1694 1861 ipsius

385 1869 675 1906 Aristotelis.
691 1867 936 1901 testimonium.
984 1865 1115 1899 Confer
1135 1876 1218 1909 prae
1240 1864 1380 1908 reliquis
1403 1866 1519 1897 locum
1542 1865 1582 1895 de
1607 1871 1693 1905 part.

386 1917 516 1946 animal.
541 1914 568 1955 1,
591 1915 623 1948 1.
648 1925 685 1955 p.
709 1911 786 1953 641,
801 1923 819 1944 a
833 1923 908 1954 sq.:
938 1907 1126 1952 ἀπορήσειε
1153 1906 1192 1943 δ’
1207 1907 1251 1941 ἆίν
1272 1919 1325 1942 τις
1347 1906 1394 1942 εἷς
1415 1906 1455 1940 τό
1478 1906 1542 1941 νῦν
1565 1905 1694 1947 λεχθὲν

384 1954 606 2001 ἀποβλέψας,
632 1954 782 1996 πότερον
804 1960 882 1997 περὶ
904 1951 1016 1997 πάσης
1038 1951 1148 1998 ψυχῆς
1173 1951 1233 1991 τῆς
1255 1950 1397 1995 φυσικῆς
1426 1951 1495 1985 ἐστὶ
1517 1948 1556 1984 τὸ
1581 1948 1694 1984 εἰπεῖν

383 1999 406 2045 ἢ
428 2002 509 2043 περί
533 2011 638 2034 τινος.
675 1997 707 2033 εἰ
728 1997 795 2044 γὰρ
820 2003 898 2043 περὶ
921 1997 1047 2040 πάσης,
1072 1993 1215 2036 οὐδεμία
1239 1996 1395 2030 λείπεται
1421 1992 1524 2044 παραὶ
1542 1991 1607 2035 τήν
1629 2007 1692 2035 φυ-

384 2044 483 2089 σικὴν
513 2044 701 2088 ἐπιστήμην
731 2043 932 2086 φιλοσοφία.
970 2038 988 2074 ὅ
1011 2039 1077 2085 γὰρ
1104 2039 1182 2074 νοῦς
1211 2038 1281 2073 τῶν
1308 2037 1459 2080 νοητῶν,
1496 2034 1582 2071 ὥστε
1613 2042 1693 2078 περὶ

383 2090 527 2123 πάντων
554 2086 576 2130 ἦ
600 2086 722 2132 φυσική
749 2086 872 2131 γνῶσις
896 2083 941 2120 ιῗν
961 2087 1017 2128 εἴη
1032 2094 1041 2104 ·
1066 2082 1126 2126 τῆς
1150 2083 1219 2130 ylio
1242 2080 1344 2126 αὐτῆς
1367 2087 1444 2123 περὶ
1469 2079 1529 2114 νοῧ
1551 2085 1610 2114 καὶ
1631 2079 1693 2115 τοῦ

383 2132 509 2176 νοητοῦ
538 2132 739 2176 θεωρῆσαι,
774 2133 878 2172 εἴπερ
908 2128 993 2172 πρὸς
1016 2127 1177 2172 ἄλληλα,
1214 2126 1313 2170 καὶῆ
1338 2123 1423 2168 αὗτή
1457 2126 1591 2167 θεωρία
1622 2123 1693 2159 τῶν

382 2177 471 2221 πρὸς
493 2176 630 2220 ἄλληλα
644 2177 801 2218 πάντων,
825 2175 996 2218 καθάπερ
1019 2177 1078 2207 καὶ
1103 2177 1209 2215 περὶ
1231 2169 1489 2214 αἰσθήσεως
1512 2167 1691 2203 καὶτῶν

385 2220 643 2264 αἰσθητῶν.
690 2221 761 2255 cfr,
785 2227 964 2264 praeterea
985 2222 1127 2252 Ivleieor.
1153 2219 1189 2259 1,
1218 2219 1257 2259 3,
1282 2218 1342 2251 19:
1381 2216 1427 2249 ἓν
1456 2215 1554 2248 τοῖς
1584 2216 1692 2256 περὶ

386 2265 655 2308 αἰσθήσεως.
679 2268 720 2298 de
736 2279 862 2299 memor.
885 2269 916 2298 1.
945 2276 977 2307 p.
991 2262 1126 2304 449‚b:
1151 2266 1253 2301 περὶ
1275 2262 1340 2303 μὲν
1363 2254 1424 2293 οὖν
1441 2258 1511 2293 τῶν
1534 2255 1692 2300 αἰσθη-

383 2312 552 2355 τηρίων
579 2314 655 2344 καὶ
679 2309 763 2345 τῶν
792 2306 1024 2351 αἰσθητῶν
1045 2304 1126 2340 nvn?
1149 2303 1276 2352 τρρπον
1299 2303 1371 2346 ἔχει
1396 2326 1513 2337 .....
1542 2303 1692 2347 εἴρηται.

383 2359 424 2389 de
449 2363 534 2399 part.
560 2359 689 2388 animal.
713 2354 760 2396 11,
785 2359 818 2389 7.
848 2366 882 2397 p.
906 2354 1035 2394 653,ae
1072 2354 1151 2392 περὶ
1173 2352 1222 2382 ὡν
1248 2349 1383 2392 εἴρηται
1405 2343 1499 2382 καθ’
1525 2343 1612 2380 αὐτοὶ
1646 2344 1692 2379 ἕν

383 2414 419 2435 τε
444 2402 538 2434 τοῖς
559 2403 670 2441 περὶ
696 2396 958 2442 αἰσθήσεως
990 2400 1049 2430 καὶ
1069 2399 1150 2437 περὶ
1171 2389 1279 2428 ὕπνον
1301 2392 1547 2435 διωρισμένως.
1573 2389 1616 2430 ΙΙ,
1637 2392 1690 2426 10.

383 2458 416 2488 p.
429 2445 555 2487 656‚a:
582 2444 620 2477 ἐν
632 2445 707 2478 τοῖς
728 2447 806 2486 περὶ
828 2439 1033 2482 αἰσθήσεως.
1063 2442 1103 2472 de
1123 2451 1229 2481 gener.
1249 2441 1377 2471 animal.
1392 2438 1437 2477 V,
1453 2439 1484 2470 1.
1509 2448 1544 2481 p·
1559 2436 1635 2477 779,
1649 2435 1689 2467 b:

385 2486 472 2522 ἀλλ’
497 2489 596 2533 εἴπερ
619 2486 711 2521 ἐστὶν
734 2483 849 2528 ὥσπερ
874 2484 1007 2526 ἐλέχθη
1034 2482 1206 2526 πρότερον
1229 2481 1265 2516 ἐν
1288 2483 1486 2533 τοῖσῇεερὶ
1510 2477 1589 2512 τοῖς
1618 2475 1691 2530 α’ἶ-

383 2531 586 2576 verbosae.
611 2533 657 2573 V,
681 2535 714 2565 2.
746 2544 778 2574 p.
803 2533 881 2573 781,
903 2541 940 2563 a:
973 2526 1011 2563 οἶ
1027 2527 1094 2573 yolo
1117 2525 1223 2571 πόροι
1245 2524 1315 2560 τῶν
1343 2525 1578 2567 οιοθητηρίων
1599 2534 1692 2555 παν-

385 2590 466 2619 των,
489 2571 602 2619 ὥσπερ
630 2576 762 2618 εἴρηται
782 2574 827 2609 ἐν
848 2573 940 2608 τοῖς
964 2576 1061 2618 περὶ
1087 2568 1349 2614 αἰσθήσεως.
1375 2570 1419 2611 V,
1440 2570 1473 2603 7.
1493 2581 1531 2612 ·p.
1555 2567 1631 2619 286,
1655 2567 1689 2619 13.

386 2621 434 2655 ἐν
456 2622 553 2655 τοῖς
578 2625 680 2662 περὶ
706 2616 977 2661 αἰσθήσεως.
1003 2630 1038 2661 p.
1067 2616 1195 2655 788.b:
1220 2614 1267 2648 ἐν
1290 2613 1388 2648 τοῖς
1413 2617 1511 2655 περὶ
1533 2613 1690 2652 ιιοθη-

387 2676 491 2699 acme
513 2662 704 2706 διώρισται.
760 2665 916 2709 Quorum
942 2665 1100 2696 locorum
1124 2666 1256 2704 partem
1282 2658 1436 2693 laudavit
1457 2658 1524 2690 iam
1549 2654 1691 2688 Patri-

385 2709 481 2742 cius
513 2712 604 2743 Disc.
630 2712 812 2751 Peripatet.
839 2710 873 2750 Ι,
901 2710 935 2742 5.
960 2719 995 2752 p.
1016 2708 1058 2744 51
1075 2730 1086 2748 ,
1113 2706 1181 2740 alia
1202 2704 1238 2738 in
1259 2715 1298 2738 re
1322 2704 1442 2736 iisdem
1465 2711 1548 2734 usus
1570 2705 1692 2734 contra

385 2753 667 2798 Scaligerum.
713 2753 816 2788 Adde
846 2753 995 2786 Galen.
1023 2754 1063 2784 de
1090 2754 1231 2783 instrum.
1263 2750 1352 2782 odor.
1390 2757 1422 2780 c.
1445 2747 1480 2782 5.
1513 2746 1616 2779 Τοιη.
1645 2745 1691 2778 11.

385 2810 418 2841 p.
443 2799 505 2831 871
534 2799 647 2830 Kiihn.
