1820 3158
0 2307 13 3158 mwwm-gwwassfflaa-
3 2282 5 2292 -
0 2103 8 2264 v-w··--<
0 1977 6 2095 ---<------Δ
0 1951 6 1970 -
0 1895 6 1943 w-
1 1870 4 1884 -
0 733 8 1863 -—ww--v-———-⁷v-—⁷————-<v--——wvvw-——-—-—----

257 528 280 565 4

259 663 280 696 5

314 347 373 388 88
420 353 797 396 —p.360‚a.132k11.—
875 352 1032 390 LIB.11.
1061 352 1176 390 CAP.
1191 352 1261 390 1v.
1321 348 1682 392 —p.344‚c.0as.—-

308 465 387 502 τῶν
404 460 504 512 μεθ’
529 460 680 515 ἡμέραν
701 458 893 512 μᾶλλον),
920 458 967 499 τὸ
990 457 1038 510 δὴ
1065 457 1201 498 κατιὸν
1229 456 1339 512 ὕδωρ
1369 458 1588 499 διαδίδοται
1628 461 1705 498 πᾶν

310 528 365 573 εἷς
392 527 465 579 τὴν
492 531 577 580 γῆν.
646 528 683 565 4.
707 522 904 576 ιΥποίρχει
939 523 979 564 ’δ’
1012 524 1052 565 ἓν
1078 527 1129 579 τῇ
1156 527 1205 578 γῇ
1233 522 1334 564 πολὺ
1363 526 1441 574 πῦρ
1480 524 1543 564 καὶ
1580 522 1706 575 πολλὴ

310 592 535 645 θερμότης,
567 591 630 631 καὶ
650 588 671 630 ὃ
690 589 804 642 ἣλιος
831 587 1030 641 οὗμόνον
1058 588 1103 630 τὸ
1133 589 1367 640 ἐπιπολάζον
1395 594 1467 642 τῆς
1495 592 1566 643 γῆς
1591 586 1710 642 ὑγρὸν

310 656 431 706 ἕλκει,
474 655 576 696 ἀλλὰ
605 657 669 696 καὶ
698 652 769 707 τὴν
796 658 868 707 γῆν
899 653 1020 709 αὐτὴν
1048 657 1219 709 ξηραίνει
1253 656 1496 711 θερμαίνων.
1555 658 1593 695 5.
1627 657 1712 706 Τῆς

312 721 351 760 δ’
375 720 702 774 ἀναθυμιάσεως,
731 719 862 775 ὥσπερ
881 721 1043 774 εἴρηται,
1075 723 1208 774 διττῆς
1234 721 1385 778 οὔσης,
1408 725 1479 775 τῆς
1502 721 1575 773 μὲν
1596 719 1712 773 ἇτμι-

311 785 466 835 διόδους
484 792 556 840 τῆς
576 788 619 828 δὲ
638 785 886 836 καπνώδους,
918 786 1151 841 ἀμφοτέρας
1173 786 1382 841 ἀναγκαῖον
1401 789 1596 841 γίνεσθαι.
1618 784 1713 826 τού-

310 867 390 892 των
419 853 458 894 δ’
483 851 508 906 ἦ
536 854 610 905 μὲν
638 851 761 907 ὓγροῦ
789 853 908 894 πλέον
937 853 1080 905 ἔχουσα
1109 857 1268 907 πλῆθος
1307 853 1575 906 ἀναθυμίασις
1612 850 1713 907 ἀρχὴ

311 921 382 958 τοῦ
408 916 578 971 ὗομένου
605 917 754 966 ὕδατός
781 918 899 969 ἐστιν,
929 918 1062 974 ὥσπερ
1087 918 1238 973 εἴρηται
1266 917 1483 973 πρότερον,
1503 917 1527 972 ἡ
1549 919 1592 960 δὲ
1616 917 1715 971 ξηρὰ

311 987 391 1024 τῶν
408 984 643 1037 πνευμάτων
664 984 766 1040 ἀρχὴ
797 986 860 1025 καὶ
883 983 1002 1040 φύσις
1021 985 1194 1027 πάντων.
1253 992 1291 1026 6.
1324 989 1465 1026 Ταῦτα
1485 984 1523 1026 (5³
1542 983 1603 1026 ὅτι
1621 988 1716 1025 τοῦ-

311 1064 382 1090 τον
398 1049 469 1091 τὸν
493 1051 643 1106 τρόπον
662 1051 874 1105 ἀναγκαῖον
899 1053 1139 1103 συμβαίνειν,
1170 1053 1235 1093 καὶ
1259 1052 1300 1100 ἐξ
1330 1052 1460 1093 αὐτῶν
1487 1055 1567 1093 τῶν
1594 1050 1716 1106 ἔργων

314 1115 460 1167 δῆλον·
494 1118 559 1157 καὶ
586 1115 660 1171 γὰρ
690 1116 760 1164 τὴν
791 1116 1062 1169 ἀναθυμίασιν
1089 1117 1289 1173 διαφέρειν
1308 1117 1532 1172 ἀναγκαῖον,
1562 1118 1627 1158 καὶ
1647 1116 1717 1158 τὸν

313 1178 426 1232 ἥλιον
454 1183 519 1223 καὶ
542 1182 615 1235 τὴν
635 1185 676 1223 ἐν
694 1186 744 1237 τῇ
771 1186 821 1237 γῇ
848 1182 1083 1237 θερμότητα
1111 1187 1237 1224 ταῦτα
1265 1190 1389 1224 ποιεῖν
1419 1183 1466 1224 οὐ
1494 1183 1619 1236 μόνον
1648 1184 1719 1223 δυ-

313 1245 446 1296 νατόν,
486 1246 580 1288 ἀλλ’
614 1247 826 1302 ἀναγκαῖόν
855 1249 973 1290 ἔστιν.
1031 1256 1071 1291 7.
1098 1248 1203 1290 Ἐπεὶ
1232 1247 1272 1289 δ’
1296 1248 1427 1304 ἕτερον
1456 1247 1643 1303 ἑκατέρας
1670 1247 1717 1289 τὸ

313 1308 435 1363 εἶδος,
474 1312 647 1369 φανερὸν
676 1313 738 1355 ὅτι
768 1314 964 1370 διαφέρει,
1002 1316 1067 1356 καὶ
1096 1314 1170 1367 οὐχ
1199 1313 1224 1368 ἡ
1253 1312 1354 1367 αὐτή
1388 1315 1493 1356 ἔστιν
1521 1313 1546 1368 ἥ
1576 1330 1617 1355 τε
1645 1317 1719 1355 τοῦ

314 1375 460 1430 ἀνέμου
488 1379 607 1434 φύσις
642 1381 706 1421 καὶ
734 1378 759 1433 ἡ
789 1385 862 1421 τοῦ
888 1379 1059 1434 ὖομένου
1095 1380 1267 1433 ὕδατος,
1312 1380 1496 1436 καθάπερ
1526 1380 1628 1428 τινὲς
1657 1380 1720 1420 λε’-

314 1456 472 1494 γουσιν·
521 1446 591 1487 τὸν
630 1446 705 1501 γὰρ
747 1445 869 1487 αὐτὸν
909 1446 1007 1503 ἀέρα
1042 1446 1269 1500 κινούμενον
1308 1448 1383 1500 μὲν
1421 1446 1565 1499 ἄνεμον
1605 1445 1717 1498 εἶναι,

319 1509 601 1567 συνιστάμενον
630 1513 674 1553 δὲ
703 1512 821 1553 πάλιν
848 1511 973 1568 ὕδωρ.
1031 1520 1070 1555 8.
1091 1512 1140 1556 Ὁ
1159 1514 1233 1566 μὲν
1253 1508 1324 1554 οὗν
1344 1513 1435 1569 ἀήρ,
1467 1512 1651 1568 καθάπερ
1679 1513 1720 1553 ἓν

316 1580 400 1622 τοῖς
426 1576 502 1631 πρὸ
529 1577 684 1619 τούτων
714 1577 843 1632 λόγοις
871 1578 1097 1634 εἰρήκαμεν,
1138 1580 1280 1633 γίνεται
1309 1580 1352 1620 ἐκ
1381 1579 1555 1620 τούτων·
1592 1577 1617 1632 ἡ
1646 1578 1720 1631 μὲν

319 1721 392 1753 nae
418 1711 557 1761 magis,
597 1726 714 1763 quam
742 1713 906 1751 diurnae
932 1710 1122 1763 lateant),
1160 1727 1258 1765 aqua
1279 1713 1400 1764 igitur
1422 1713 1659 1751 descendens
1680 1713 1722 1750 in

317 1780 462 1813 terram
490 1778 674 1817 universa
697 1779 956 1816 distribuitur.
1017 1779 1055 1817 4.
1087 1780 1196 1817 Inest
1214 1793 1313 1818 vero
1333 1786 1372 1816 et
1391 1780 1433 1817 in
1451 1786 1557 1818 terra
1577 1780 1722 1817 multus

317 1839 435 1890 ignis,
467 1840 689 1894 multusque
713 1845 840 1892 calor,
868 1857 912 1881 ac
942 1845 1001 1882 sol
1028 1858 1108 1882 non
1130 1859 1219 1883 eum
1246 1846 1374 1883 solum
1395 1843 1623 1891 humorem,
1654 1845 1721 1895 qui

317 1906 359 1943 in
377 1910 587 1958 superficie
609 1916 738 1947 terrae
758 1916 831 1957 est,
861 1909 1003 1958 trahit,
1031 1911 1100 1948 sed
1119 1917 1267 1948 terram
1287 1923 1443 1961 quoque
1460 1911 1719 1949 calefaciendo

319 1974 499 2012 exsiccat.
565 1978 600 2013 5.
631 1976 731 2013 Cum
755 1982 886 2012 autem
913 1976 1063 2026 duplex
1090 1977 1141 2014 sit
1170 1974 1253 2027 (uti
1283 1973 1481 2029 diximus)
1512 1975 1721 2025 exhalatio,

319 2038 461 2087 altera,
507 2055 605 2092 quae
641 2041 799 2091 vaporis
829 2041 945 2092 plena
981 2049 1060 2090 est,
1099 2044 1221 2080 altera
1249 2041 1417 2087 fumida,
1459 2048 1623 2093 utraque
1654 2043 1724 2094 fiat

320 2117 475 2143 necesse
491 2112 560 2144 est.
620 2108 799 2156 Quarum
820 2107 1111 2146 exhalatio'num
1132 2121 1190 2154 ea,
1220 2121 1317 2159 quae
1338 2109 1526 2145 maiorem
1545 2108 1724 2147 humoris

319 2172 471 2221 copiam
491 2179 620 2221 tenet,
656 2186 776 2223 aquae
798 2174 1001 2223 pluvialis,
1038 2181 1082 2212 ut
1110 2181 1223 2212 antea
1253 2175 1447 2219 diximum
1484 2175 1721 2225 principium

321 2243 405 2274 est:
455 2238 555 2275 sicca
592 2245 722 2276 autem
759 2245 970 2278 ventorum
1009 2240 1185 2278 omnium
1229 2241 1467 2291 principium
1506 2247 1545 2278 et
1572 2246 1723 2279 natura.

323 2305 356 2338 6.
392 2305 504 2352 Quae
540 2307 756 2343 necessario
791 2305 864 2343 hac
891 2306 1043 2343 ratione
1070 2307 1268 2353 accidere,
1298 2320 1349 2343 ex
1370 2307 1462 2357 ipsis
1485 2320 1639 2357 quoque
1662 2307 1724 2346 ef-

319 2368 431 2405 fectis
470 2372 723 2422 perspicuum
759 2378 827 2409 est.
899 2373 1000 2410 Nam
1030 2379 1069 2410 et
1096 2372 1384 2410 exhalationem
1413 2372 1608 2411 diversam
1638 2386 1722 2410 esse

319 2446 474 2472 necesse
498 2443 574 2483 est,
605 2444 645 2474 et
666 2439 787 2476 solem
810 2452 856 2475 ac
884 2451 995 2486 eum,
1035 2438 1102 2488 qui
1125 2445 1255 2476 terrae
1280 2439 1400 2486 inest,
1430 2439 1599 2476 calorem
1625 2437 1722 2475 haec

321 2497 493 2545 efficere,
523 2514 603 2539 non
622 2504 749 2541 solum
768 2504 856 2542 fieri
879 2509 1018 2554 potest,
1039 2504 1113 2542 sed·
1129 2505 1388 2543 necessarium
1407 2510 1501 2542 estz.
1541 2507 1575 2541 7.
1608 2505 1724 2553 Quo-

319 2564 420 2601 niam
440 2572 570 2603 autem
593 2570 797 2620 utriusque
816 2570 974 2607 diversa
995 2576 1053 2607 est
1069 2572 1236 2621 species,
1264 2570 1515 2622 perspicuum
1534 2575 1591 2606 est
1616 2570 1721 2607 inter

320 2642 362 2666 se
382 2630 540 2669 differre
558 2640 778 2685 utramque,
796 2648 869 2673 nec
888 2635 1051 2673 eandem
1067 2637 1177 2674 venti
1193 2642 1233 2674 et
1250 2635 1409 2686 pluviae
1430 2649 1512 2672 esse
1529 2641 1720 2682 naturam,

320 2701 364 2731 ut
382 2696 561 2734 nonnulli
580 2700 705 2737 aiunt:
737 2701 904 2738 eundem
928 2702 1032 2739 enim
1049 2701 1182 2740 aerem
1203 2715 1292 2739 cum
1311 2707 1528 2748 moveatur,
1557 2707 1718 2739 ventum

320 2775 424 2808 esse,
456 2775 544 2799 curn
565 2777 700 2802 rursus
720 2773 962 2813 concrescat,
991 2780 1142 2817 aquam.
1210 2769 1246 2804 8.
1274 2766 1360 2805 Aiir
1384 2767 1570 2818 quidem,
1608 2774 1650 2806 ut
1678 2768 1720 2805 in
