1774 3198
428 332 653 373 LIBRUM
681 327 1014 371 SECUNDUM.
1072 325 1188 368 CAP.
1205 325 1281 367 1v.
1473 311 1568 363 553

248 446 314 486 14.
344 441 444 486 αὐτό
465 459 542 500 pro
570 442 696 486 αὖτοῦ
719 443 772 485 Α.
796 443 910 484 Cam.
934 432 997 497 γ-ρ-
1009 442 1100 482 Cas.
1120 462 1174 472 —
1211 443 1316 482 Mox
1344 435 1394 492 δὴ
1421 453 1499 492 pro
1527 436 1576 478 δέ

136 517 186 555 F.
203 536 258 544 —-
287 511 475 568 ἑκάτερον
497 527 572 566 pro
599 509 792 567 ἑκατέραν
810 514 860 552 Ε.
881 533 937 540 -
974 508 1186 563 ἐμπίπτειν
1212 522 1289 562 pro
1315 506 1575 560 μεταπίπτειν

139 582 304 622 exhibet
321 585 370 622 F.
388 605 445 612 --
473 596 563 622 τον
591 579 733 635 πόρρω
761 577 852 621 τινὰ
877 575 1005 620 τόπον
1027 582 1082 618 A.
1106 578 1219 617 Cam.
1240 577 1329 616 Cas.
1357 576 1475 616 Alex.
1505 577 1577 615 sol.

141 651 264 699 99,b.
299 653 393 702 Bag.
429 651 473 689 in
500 650 729 702 aliquem
756 648 1096 688 remotiorem
1127 647 1314 685 locum.
1344 666 1402 673 -
1439 640 1577 684 τόπων

139 732 216 770 pro
233 713 362 757 τόπον
385 719 435 758 Η.
451 719 518 768 Ν.,
544 732 715 770 quorum
739 717 940 768 posterior
962 714 1127 754 exhibet
1147 715 1266 754 etiam
1286 713 1474 765 deinceps
1495 707 1575 751 ἀπό

140 799 216 838 pro
240 780 334 824 ὗπό.
354 807 410 815 —
436 782 538 838 αὐτή
565 800 641 838 pro
664 781 766 836 αὕτη
786 785 838 823 A.

257 855 326 893 15.
356 850 406 893 ἄν
424 868 500 907 pro
522 851 594 893 ε’ἀν
613 857 661 894 F.
683 854 736 892 N.
757 872 814 881 —
843 848 896 891 τά
916 866 992 904 pro
1013 847 1087 903 τὴν
1112 847 1221 890 κάτω
1242 852 1289 889 F.
1313 872 1370 879 —
1399 849 1508 901 Quid
1530 850 1582 888 sit

141 915 167 972 ἦ
192 916 276 960 ἄνω
305 920 437 960 κοιλία
466 923 642 973 expiicat
672 921 847 972 Coray
873 920 923 958 ad
954 921 1260 971 Hippocrat.
1291 918 1340 956 de
1365 918 1480 966 aere,
1510 932 1580 970 aq.

146 996 187 1026 e‘t
207 989 284 1028 loc.
315 991 520 1029 Diseours
548 991 759 1041 prelimin.
790 1003 829 1040 p.
847 989 1008 1028 XCVI:
1041 988 1096 1026 Ce
1114 994 1406 1024 resserrement
1427 986 1497 1023 des
1518 987 1584 1023 in-

147 1058 295 1094 testine
314 1059 542 1109 renferme's
562 1059 671 1096 dans
691 1059 727 1095 le
747 1056 822 1094 has
842 1064 996 1106 ventre,
1028 1055 1178 1092 chasse
1197 1055 1254 1092 les
1274 1051 1468 1092 hument-'s
1490 1067 1584 1091 ver-s·

147 1123 184 1160 le
200 1132 342 1163 ventre
364 1126 636 1178 supe'rieurse
660 1124 833 1173 lubrefie
859 1131 900 1162 et
926 1124 962 1160 le
982 1123 1088 1161 rend
1105 1122 1202 1172 pla-s·
1223 1122 1365 1174 facile
1394 1119 1422 1158 ὰ
1445 1124 1586 1159 e'mou-

147 1189 331 1230 vain-*et
346 1207 434 1243 par
453 1207 496 1232 ce
514 1193 677 1231 dernier
695 1200 838 1230 ventre
858 1190 1007 1243 ilfaut
1026 1189 1235 1234 entendre,
1263 1203 1348 1227 non
1366 1189 1587 1227 seulement

147 1257 192 1295 Ia
212 1261 354 1297 cavit&
373 1261 423 1298 de
439 1261 482 1298 Ia
495 1262 703 1310 poitrine,
732 1260 843 1297 mais
865 1272 1013 1296 encore
1044 1265 1149 1296 cette
1176 1258 1351 1308 portion
1378 1257 1434 1294 du
1459 1258 1593 1296 canal

129 1325 375 1374 ·inte.5stinal
384 1328 532 1378 place'e
551 1341 646 1365 sous
671 1328 708 1366 le
727 1328 1005 1379 diaphragme
1025 1334 1064 1364 et
1084 1338 1240 1362 conmce
1258 1338 1355 1362 sous
1371 1325 1407 1362 le
1426 1339 1522 1363 nom
1539 1325 1590 1364 de

150 1395 380 1432 ventrio-ule
401 1410 453 1433 ou
473 1395 723 1434 d’estomac.
772 1396 864 1435 Eue
885 1403 946 1433 est
966 1393 1012 1432 d'
1023 1407 1079 1431 un
1095 1393 1191 1443 plus
1207 1405 1310 1443 gros
1333 1392 1493 1430 celebre
1513 1408 1589 1445 que

151 1460 187 1496 le
212 1469 320 1499 reste
343 1463 393 1500 de
412 1477 457 1501 ce
478 1464 631 1501 canal:
660 1473 701 1502 et
728 1463 826 1502 c’est
855 1477 941 1512 par
969 1469 1074 1499 cette
1099 1458 1322 1513 dg'ffi’rence
1343 1468 1384 1497 et
1403 1474 1493 1510 par
1512 1476 1591 1500 une

154 1526 295 1576 espece
326 1529 375 1566 cle
403 1526 598 1568 r'daction
628 1538 669 1568 et
686 1531 733 1569 de
753 1531 1064 1576 balancement,
1094 1529 1216 1578 ope‘re
1239 1541 1327 1578 par
1354 1528 1397 1566 la
1428 1537 1591 1579 nature,

154 1592 257 1644 qu’il
273 1592 385 1651 fautv
411 1597 628 1650 expliquer
655 1599 862 1651 pourquoi
889 1598 925 1636 le
949 1598 1239 1635 vomissement
1271 1594 1410 1634 arre⁴te
1437 1596 1495 1634 les
1521 1597 1594 1638 de-

148 1657 335 1708 jbccione
362 1664 524 1703 alvinee
566 1664 692 1718 (Hip
705 1673 897 1718 pocrat,
927 1664 1173 1714 Aphoriem.
1205 1663 1290 1712 VI,
1323 1665 1388 1702 15.
1420 1664 1470 1702 de
1492 1666 1595 1703 loeis

160 1729 203 1765 in
231 1727 341 1769 hom.
373 1732 478 1779 Sept.
500 1735 639 1773 XLV.
672 1735 790 1774 Tom.
810 1735 842 1774 I.
870 1747 909 1785 p.
933 1728 1055 1783 390);
1084 1744 1238 1769 comme
1261 1732 1380 1769 celles
1404 1733 1459 1783 ci,
1489 1746 1597 1784 aug-

162 1798 339 1834 mente'es
352 1800 532 1852 jusqu’d.
550 1817 606 1840 un
621 1805 788 1841 certain
801 1803 938 1852 point,
962 1806 1143 1851 penvent
1162 1796 1338 1845 arrdter,
1366 1814 1449 1838 non
1464 1801 1598 1838 seule-

164 1871 277 1901 ment
303 1865 339 1903 le
368 1870 680 1920 votnm-emeat,
711 1859 822 1908 mais
850 1882 997 1907 encore
1027 1866 1392 1917 l'expectoration
1418 1869 1598 1919 critique

165 1931 275 1968 dans
295 1932 353 1970 les
369 1935 576 1975 maledie..¹
601 1939 675 1989 qui
699 1951 742 1983 se
757 1940 916 1989 jugem
936 1950 1024 1987 par
1041 1935 1099 1972 les
1117 1934 1316 1972 emebat.
1347 1931 1518 1987 (Hipp.
1548 1935 1599 1973 de

166 1999 324 2038 morbi.»
343 2002 459 2043 Libr.
477 2005 531 2044 II.
562 2006 668 2045 Sect.
688 2005 830 2045 XVII.
860 2018 898 2056 p.
921 2006 1015 2043 108.
1048 2003 1153 2041 Sect.
1173 2002 1319 2042 XXII.
1349 2015 1390 2053 p.
1412 2001 1522 2055 112).
1543 2025 1601 2035 -·

165 2066 277 2105 Haec
312 2069 500 2123 Coray.
558 2074 624 2112 De
654 2073 864 2124 utriusque
900 2072 1058 2111 ventris
1097 2070 1232 2109 officio
1271 2070 1602 2109 Aristoteles

169 2132 219 2169 de
242 2143 375 2186 par-tt.
399 2140 575 2179 animal.
607 2141 670 2190 11,
693 2144 739 2180 3:
767 2134 792 2191 ἦ
814 2137 858 2178 δὲ
879 2140 952 2190 τῆς
982 2135 1066 2177 ἅνω
1095 2136 1161 2177 καὶ
1188 2138 1263 2188 τῆς
1292 2132 1404 2176 κάτω
1433 2136 1601 2187 κοιλίας,

167 2195 246 2251 ἤδη
276 2200 380 2251 μετὰ
410 2202 667 2258 θερμότητος
695 2207 868 2260 φυσικῆς
895 2210 1064 2244 ποιεῖται
1093 2201 1166 2255 τὴν
1196 2201 1332 2254 πέψιν.
1388 2205 1474 2243 Iam
1493 2211 1604 2255 patet
1644 2207 1650 2217 ‘

172 2265 223 2303 de
237 2267 432 2309 inferiore
449 2281 591 2312 ventre
609 2275 696 2313 sive
716 2275 808 2312 alvo
826 2272 1127 2321 interpretanda
1147 2285 1231 2310 esse
1248 2271 1375 2309 verba
1400 2272 1449 2309 de
1463 2280 1604 2322 paru.

171 2334 347 2374 animal.
374 2338 448 2386 IV,
474 2343 548 2378 10:
576 2337 679 2391 μετὰ
710 2337 754 2379 δὲ
784 2337 830 2379 τὸ
863 2340 1041 2391 στῆθος,
1073 2334 1093 2378 ὅ
1117 2337 1205 2391 περὶ
1235 2335 1309 2390 τὴν
1335 2337 1489 2378 κοιλίαν
1519 2337 1604 2378 ἐστὶ

171 2396 318 2451 Τόπος,
351 2400 635 2458 ἄσύγκλειστος
661 2411 751 2454 ταῖς
780 2409 992 2460 πλευραῖς,
1024 2402 1091 2446 διὰ
1112 2403 1185 2457 τὴν
1214 2403 1426 2458 εἰρημένην
1453 2404 1606 2460 ἔμπρο-

174 2468 276 2507 σθεν
293 2469 441 2520 αἰτίαν,
469 2470 581 2520 ὅπως
597 2470 656 2526 μή
678 2473 921 2526 ε’μποδίζωσι
946 2471 1048 2526 μήτε
1075 2470 1388 2526 τῆν’ἀνοίδησιν
1416 2476 1489 2526 τῆς
1508 2488 1607 2527 τρο-

174 2537 256 2588 φῆς
287 2535 370 2589 (καὶ
389 2537 466 2594 γὰρ
487 2537 703 2595 ἀναγκαῖον
724 2542 956 2594 συμβαίνειν
974 2538 1298 2594 θερμαινομένης
1325 2538 1474 2595 αὐτῆς)
1503 2538 1607 2594 μήτε

175 2601 250 2650 ῒᾶς
276 2600 450 2659 ῧστὲρας
477 2605 552 2655 τὰς
579 2608 669 2663 περὶ
697 2605 772 2662 τήν
800 2607 961 2660 κύστιν,
1007 2624 1086 2662 qua
1119 2608 1170 2648 de
1198 2623 1246 2649 re
1284 2609 1359 2648 cfr.
1397 2609 1447 2647 de
1470 2615 1608 2661 paru.

179 2673 306 2712 anim.
336 2675 390 2724 11,
410 2680 448 2717 9.
506 2676 744 2716 Schneid.
767 2678 819 2716 ad
838 2678 989 2717 Arist.
1008 2679 1123 2716 Hm.
1134 2679 1263 2717 anim.
1274 2680 1394 2726 ma,
1405 2676 1443 2716 4.
1460 2676 1609 2729 p-143.

179 2737 297 2778 Adde
318 2743 432 2783 Hist.
454 2746 584 2783 anim.
607 2745 642 2795 Ι,
663 2749 702 2784 2.
723 2745 915 2798 p.489‚a.
949 2745 1156 2783 Problem.
1178 2746 1210 2795 1,
1231 2744 1299 2783 41.
1327 2758 1366 2797 p.
1386 2745 1481 2794 864,
1499 2759 1535 2783 a.

294 2811 360 2849 16.
392 2806 454 2850 ὅτι
470 2825 548 2865 pro
571 2809 627 2851 ἔτι
645 2813 700 2852 N.
722 2834 779 2842 —
806 2827 849 2852 τε
870 2819 961 2867 post
978 2809 1081 2864 μετά
1097 2812 1288 2852 omittunt
1304 2813 1358 2853 A.
1372 2813 1485 2852 Cam.
1497 2814 1539 2854 S.
1559 2832 1611 2841 --
