1760 3138
426 351 649 393 LIBRUM
676 350 916 390 PRIMUM.
975 349 1093 389 CAP.
1122 349 1199 389 111.
1462 338 1556 383 331

120 467 354 506 observavit
381 468 490 506 Ast.
512 466 570 504 ad
585 469 695 517 legg.
717 466 750 512 Ι,
772 466 814 503 7.
843 475 886 515 p.
908 461 975 501 46.
1013 462 1152 501 Falsus
1169 461 1303 514 itaque
1324 467 1384 500 est
1403 461 1559 501 Hein-

119 535 244 575 dorf
269 535 321 573 ad
350 535 551 574 Platon.
585 533 736 586 Cratyl.
766 547 806 584 p.
833 534 939 581 137,
969 543 1061 568 cum
1086 530 1185 569 istos
1212 531 1323 570 locos
1353 531 1560 583 'corrigere

119 604 267 654 vellet,
298 602 554 642 multitudine
576 615 718 641 eorum
743 613 838 639 sane
858 598 1157 645 admonendus,
1188 598 1232 637 id
1249 613 1292 638 se
1307 598 1454 638 iniuria
1473 599 1560 638 sine

119 671 304 710 codicum
338 671 573 709 auctoritate
600 670 817 709 facturum.
889 665 1094 706 Addimus
1133 669 1467 707 Bornemann
1508 667 1560 706 ad

118 739 246 778 Xen.
280 740 417 789 Symp.
441 739 516 788 IV,
541 741 609 778 39.
645 736 832 776 Anabas.
853 736 889 782 1,
913 738 956 783 73
987 737 1054 774 17.

230 811 271 846 2.
307 806 677 858 Argumentationis
698 805 821 844 series
838 803 989 842 ideirco
1010 801 1129 854 paulo
1148 801 1353 841 obscurior
1375 808 1445 852 est,
1467 802 1562 855 quia

117 875 356 913 Aristoteles
395 874 577 914 membra
618 872 903 912 enuntiationis
944 871 1064 923 plura
1095 870 1243 909 omisit:
1313 872 1417 910 Cum
1452 871 1561 909 enim

118 956 203 994 cap.
230 943 272 982 II
304 943 494 990 dixisset,
543 937 591 981 τὸ
621 942 743 980 πᾶσιν
771 936 1012 987 ἐπιπολάζον
1041 932 1140 977 εἶναι
1166 938 1272 991 πῦρ,
1309 934 1358 978 τὸ
1390 934 1433 977 δ’
1464 932 1562 992 ὕφι-

118 1006 318 1061 στάμενον
345 1011 440 1062 γῆν,
472 1009 618 1048 deinde
639 1022 741 1048 vero
770 1007 903 1046 minus
924 1006 1073 1045 diserte
1091 1005 1330 1053 addidisset,
1360 1005 1441 1045 duo
1461 1007 1562 1045 reli-

118 1091 196 1129 qua
221 1078 420 1116 elementa
440 1091 546 1126 esse,
576 1073 603 1116 ἃ
621 1073 725 1130 πρὸς
745 1070 851 1114 αὖτὰ
878 1070 1040 1120 τούτοις
1067 1069 1268 1134 ἀνάλογον
1290 1069 1389 1124 Qec,
1418 1087 1560 1126 aquam

117 1151 159 1184 et
180 1148 337 1194 aerem,
365 1147 444 1184 iam
467 1145 511 1184 in
527 1138 605 1184 hoc
623 1145 753 1196 capite
768 1143 951 1182 locorum
961 1171 973 1191 ,
1003 1154 1105 1193 quae
1122 1155 1144 1179 a
1162 1142 1329 1194 singulis
1353 1142 1561 1182 elementis

117 1213 374 1263 obtinentur,
412 1211 513 1250 fines
540 1213 760 1251 accuratius
794 1224 999 1263 exponere
1028 1210 1215 1249 instituit.
1286 1210 1349 1250 Ac
1378 1211 1561 1263 primum

116 1281 279 1332 quidem
299 1280 350 1319 de
373 1279 468 1318 ae're
493 1279 667 1318 dubitari
686 1293 803 1331 posse
823 1279 890 1327 ait,
921 1278 1028 1331 quali
1048 1277 1191 1316 ordine
1209 1278 1367 1331 reliqua
1386 1280 1562 1332 excipiat

115 1350 313 1387 elementa
330 1354 371 1387 et
392 1361 512 1400 quem
533 1348 576 1386 in
597 1347 750 1386 mundo
770 1348 906 1386 locum
930 1352 1121 1398 occupet,
1153 1353 1193 1386 et
1214 1347 1444 1386 facillimam
1470 1349 1562 1400 qui-

115 1416 208 1455 dem
230 1430 315 1455 esse
334 1430 421 1455 eam
442 1416 698 1468 opinionem,
728 1429 780 1453 ex
799 1429 876 1468 qua
894 1421 1025 1453 totum
1044 1414 1152 1453 inter
1172 1420 1324 1453 terram
1350 1422 1392 1454 et
1410 1416 1560 1468 ignem,

115 1484 183 1536 qui
201 1490 401 1523 extremas
420 1489 574 1522 tantum
597 1484 782 1535 regiones
803 1489 992 1535 occupet,
1021 1483 1156 1521 locum
1184 1483 1364 1534 impleat.
1422 1484 1561 1523 Minus

114 1558 248 1590 tamen
276 1551 354 1590 hoc
374 1552 582 1604 probabile
608 1565 693 1590 esse
714 1551 884 1599 idcirco,
916 1551 1009 1601 quia
1027 1549 1151 1588 nimia
1171 1550 1223 1588 sit
1245 1550 1387 1589 mundi
1405 1551 1561 1602 magni-

114 1620 213 1658 tudo
234 1625 424 1671 respectu
442 1625 598 1665 terrae,
627 1625 668 1657 et
687 1631 788 1668 aqua
818 1618 862 1655 in
885 1617 972 1669 ipsa
1000 1623 1156 1655 tantum
1184 1623 1318 1656 terrae
1345 1618 1561 1670 superficie

113 1687 353 1738 reperiatur,
382 1700 406 1724 a
424 1700 502 1738 qua
521 1686 660 1725 divelli
678 1690 863 1737 nequeat.
921 1684 1058 1724 Verba
1079 1685 1225 1736 igitur:
1252 1679 1273 1724 ὃ
1289 1683 1366 1736 μὲν
1387 1682 1465 1739 γὰρ
1486 1688 1560 1738 τῆς

114 1754 189 1806 γῆς
216 1749 334 1806 ὄγκος
363 1780 507 1793 .....
537 1749 642 1793 κατὰ
659 1749 826 1803 βάθους
854 1747 1008 1803 ἄδηλον
1035 1747 1132 1804 ἢμῖν
1162 1750 1270 1792 ἐστίν
1299 1754 1560 1806 parenthesin

114 1821 311 1870 efficiunt,
345 1827 385 1860 et
403 1822 550 1861 verba:
578 1817 626 1860 ib
644 1818 690 1860 δὲ
706 1817 756 1872 δὴ
785 1816 937 1871 μεταξὺ
965 1821 1038 1871 τῆς
1065 1821 1138 1873 γῆς
1164 1835 1207 1860 τε
1240 1820 1307 1861 καὶ
1334 1823 1416 1862 τῶν
1437 1820 1560 1874 ε’σχά-

114 1902 196 1928 των
225 1884 388 1941 ἄστρων
424 1885 595 1941 πότερον
624 1885 666 1928 ἵν
694 1902 733 1927 τι
761 1884 974 1938 νομιστέον
1004 1883 1104 1927 εἶναι
1133 1890 1253 1940 σῶμα
1278 1887 1352 1942 τὴν
1381 1887 1505 1944 φύσιν
1531 1887 1558 1942 ἢ

113 1955 250 2005 πλείω,
281 1952 354 1995 κᾶν
374 1955 410 1995 εἶ
429 1954 565 2003 πλείω,
595 1952 704 1995 πόσα
723 1954 789 1995 καὶ
805 1952 924 2008 μέχρι
953 1957 1032 1995 ποῦ
1063 1953 1274 2010 διώρισται
1302 1961 1390 2004 τοῖς
1416 1954 1560 2006 τόποις

113 2024 328 2063 absolvunt
350 2024 638 2076 quaestionem,
667 2024 867 2076 inceptam
888 2023 998 2063 hisce
1015 2026 1173 2065 verbis:
1203 2027 1367 2079 πρῶτον
1385 2024 1461 2077 μὲν
1485 2018 1558 2066 οὗν

113 2088 354 2144 ἀπορήσειεν
373 2087 423 2131 ἄν
442 2105 504 2138 τις
533 2120 676 2131 .....
709 2088 762 2131 τὰ
791 2089 986 2146 λεγόμενα
1018 2097 1197 2144 στοιχεῖα
1224 2095 1308 2134 τῶν
1338 2091 1555 2145 σωμάτων.

116 2160 366 2212 Olympio
378 2159 538 2198 dorus
584 2158 682 2198 Aldi
717 2158 883 2199 exhibet
920 2162 1084 2211 πρῶτον
1112 2160 1188 2213 μὲν
1217 2153 1290 2202 οὖν
1317 2158 1558 2215 ἀπορήσειεν

115 2218 199 2279 ἆρα
225 2225 412 2274 δικαίως,
438 2226 573 2264 nescio
595 2239 646 2265 an
664 2229 883 2267 memoriae
910 2228 1039 2281 lapsu.
1067 2253 1124 2260 —
1163 2231 1251 2276 πῶς
1278 2226 1356 2280 ἔχει
1377 2231 1427 2283 τῇ
1447 2226 1557 2276 τάξει

114 2293 231 2332 codd.
251 2296 297 2333 F.
316 2294 369 2332 H.
388 2294 439 2332 N.
462 2300 502 2332 et
520 2296 571 2333 A.
596 2296 706 2334 Cam.
723 2296 767 2334 P.
780 2297 820 2334 S.
840 2297 926 2336 Cas.
947 2298 1016 2335 Er.
1075 2297 1296 2347 Editiones‚
1326 2311 1422 2349 quas
1444 2311 1558 2336 com-

114 2361 352 2409 memoravi,
375 2361 571 2412 praebent
598 2358 728 2401 τᾶλλα
757 2369 798 2401 et
825 2364 882 2401 ita
901 2364 1064 2415 ubique.
1103 2365 1190 2410 πῶς
1211 2361 1287 2415 ἔχει
1310 2361 1424 2412 τάξιν
1452 2363 1558 2418 πρὸς

113 2425 166 2467 τὰ
196 2424 301 2467 ἄλλα
329 2429 426 2480 legit
455 2429 883 2481 Olympiodorus.
912 2453 953 2458 -
996 2431 1159 2470 Deinde
1186 2429 1264 2485 γὰρ
1294 2447 1375 2472 om.
1398 2434 1442 2472 P.
1465 2434 1554 2474 Cas.

114 2492 190 2549 γὰρ
220 2492 271 2547 δὴ
302 2495 496 2535 exhibent
523 2499 572 2536 F.
605 2497 658 2536 H.
688 2497 743 2536 N.
804 2498 915 2548 Quid
943 2499 995 2537 sit
1029 2494 1147 2551 ὄγκος
1185 2501 1405 2552 exponitur
1433 2502 1556 2553 Phys.

115 2564 300 2602 Auscult.
322 2565 397 2613 IV,
422 2568 461 2604 8.
489 2587 545 2593 -
575 2560 625 2603 ἂν
645 2560 703 2616 εἴη
729 2565 874 2603 omisso
894 2579 955 2611 τις
981 2565 1104 2605 habet
1120 2569 1168 2606 F.
1199 2591 1250 2597 —-
1279 2564 1359 2622 ᾔδη
1379 2583 1455 2622 pro
1476 2566 1554 2622 ἤδη

115 2628 631 2682 κρειτοωεηᾶοΡ.-ὃιὰ
652 2633 754 2671 τῶν
777 2628 1178 2686 ἀστρολογικῶν
1198 2633 1557 2690 θεωρημάτων

118 2724 130 2736 .
152 2725 163 2736 .
182 2724 197 2741 ,.
218 2726 228 2736 .
253 2727 263 2736 .
293 2695 527 2739 ἐλάττων
558 2697 718 2739 ἐστίν.
759 2700 834 2739 cfr.
864 2700 912 2738 de
934 2702 1042 2740 caelo
1064 2702 1129 2749 11,
1156 2705 1220 2742 14.
1248 2718 1289 2755 p.
1317 2708 1412 2755 297,
1432 2719 1556 2758 asqq.

114 2765 313 2817 imprimis
334 2767 458 2806 verba
489 2765 547 2820 (p.
570 2771 669 2816 298,
691 2769 732 2815 a)
761 2766 883 2806 haec:
926 2767 993 2808 καὶ
1021 2771 1103 2810 τῶν
1131 2772 1436 2823 μαθηματικῶν
1465 2769 1557 2813 ὅσοι

116 2829 162 2872 τὸ
191 2830 365 2886 μέγεθος
395 2831 705 2887 ἀναλογίζεσθαι
741 2837 956 2889 πειρῶνται
991 2838 1066 2888 τῆς
1101 2838 1356 2893 περιφερείας
1383 2840 1440 2888 εἷς
1466 2855 1556 2882 τετ-
