1754 3158
615 333 1031 381 PRAEFATIO.
1288 331 1292 334 ’
1388 331 1547 374 XXIX

101 466 186 495 non
213 453 328 494 alim
348 450 498 494 Index
526 464 670 492 rerum
702 454 884 492 omnium
914 449 1286 504 locupletissimus.
1346 447 1547 503 Lugdun.

100 523 211 579 apud
242 521 441 564 Guilelm.
469 521 746 563 Laemarium
776 523 898 562 1590.
933 524 958 561 2
983 517 1083 561 voll.
1112 517 1186 560 fol.
1226 532 1402 575 quorum
1440 516 1547 558 alter

99 593 210 648 apud
232 592 436 634 Ioannem
458 590 701 637 Bubonium
729 591 900 647 prodiit.
959 589 1080 631 Haec
1108 590 1238 631 editio
1268 589 1423 630 deinde
1454 602 1546 630 sae—

97 677 330 718 penumero
359 663 539 719 repetita
568 669 633 702 est
672 660 834 702 Genev.
867 663 990 702 1596.
1038 659 1223 716 Lugdun
1256 662 1378 702 1597.
1409 673 1465 700 ex
1492 657 1546 699 A.

98 732 185 774 Iac.
216 731 445 774 Martini
470 732 779 788 recognitione.
810 729 959 772 Aurel.
983 728 1208 785 Allobrog.
1232 733 1354 771 1605.
1384 727 1547 770 Omnes

98 801 175 844 has
196 802 404 843 editiones
426 802 530 852 vidi,
560 801 637 842 sed
655 802 793 861 prima
813 808 975 842 tantum
996 814 1097 841 usus
1119 814 1228 841 sum.
1285 798 1400 839 Hinc
1422 797 1548 839 fluxit

95 873 226 914 editio
251 872 317 913 du
334 870 516 913 Vallii
542 884 648 927 quae
678 883 886 925 nusquam
909 884 935 910 a
956 867 1287 910 Casauboniana
1314 868 1488 909 recedit.

207 946 248 984 8.
288 941 379 982 lam
416 955 571 996 magno
613 942 814 996 temporis
855 937 1082 980 intervallo
1110 937 1447 993 Meteorologica
1484 936 1549 978 lu-

97 1026 189 1054 cem
214 1026 299 1052 non
319 1012 538 1052 viderunt.
572 1008 764 1052 Buhlii
790 1009 904 1049 enim
935 1009 1065 1050 editio
1095 1023 1270 1064 operum
1301 1005 1547 1049 Aristotelis

95 1095 310 1137 nunquam
339 1079 535 1122 absoluta
557 1089 634 1122 est.
692 1078 890 1134 Denique
921 1093 1033 1120 anno
1067 1083 1171 1120 1831
1211 1093 1266 1119 ex
1295 1079 1547 1119 1ece11sione

93 1149 443 1193 Immanuelis
481 1148 737 1191 Bekkeri
785 1150 930 1190 onmia
969 1147 1218 1191 Aristotelis
1255 1162 1386 1204 opera
1415 1147 1550 1188 edidit

91 1220 326 1262 Academia
364 1218 500 1276 Regia
529 1218 824 1262 Berolinensis
864 1223 890 1261 3
919 1218 1021 1261 voll.
1062 1225 1104 1260 4.
1146 1233 1299 1275 graece
1330 1226 1371 1259 et
1399 1217 1547 1267 latine,

95 1290 250 1347 quibus
281 1289 485 1332 accedent
516 1289 599 1331 duo
630 1289 850 1332 volumina
880 1298 1178 1346 excerptorum
1208 1303 1262 1330 ex
1292 1296 1550 1330 commenta-

90 1363 168 1403 riis
197 1362 365 1417 graecis
396 1374 422 1401 a
449 1358 749 1410 Brandisio
791 1370 950 1404 curata.
1018 1361 1223 1402 Eiusdem
1250 1358 1549 1415 impressionis

92 1440 181 1482 est,
223 1445 331 1487 quae
362 1432 541 1473 seorsim
571 1432 732 1486 prodiit
760 1430 1198 1487 Meteorologicorum
1228 1430 1357 1471 editio
1389 1428 1549 1483 absque

89 1501 288 1543 lectionis
327 1501 532 1543 varietate
571 1499 762 1544 Berolin.
793 1507 916 1546 1829.
948 1507 988 1544 8.
1028 1501 1135 1557 (Β.)
1185 1499 1436 1542 Bekkerum
1467 1511 1548 1552 ego

90 1573 183 1627 (cur
212 1574 327 1614 enim
358 1586 443 1613 non
475 1570 704 1623 confitear,
755 1574 867 1629 quod
904 1573 1137 1626 sentiam),
1196 1584 1327 1625 saepe
1371 1569 1548 1609 miratus

91 1656 212 1692 snm,
256 1651 304 1682 ut
335 1643 407 1697 qui
439 1650 499 1682 tot
527 1643 573 1682 in
603 1640 710 1684 locis
747 1644 907 1684 codicis
938 1642 988 1681 E.
1033 1640 1239 1680 lectiones
1277 1640 1332 1679 sit
1361 1645 1546 1686 secutuS‚

91 1709 188 1752 aliis
227 1712 271 1750 in
302 1709 436 1760 locis,
478 1724 574 1750 cum
604 1708 804 1750 meliores
836 1723 962 1764 quam
992 1710 1151 1750 caeteri
1191 1707 1418 1764 praebeat,
1472 1706 1550 1747 ad-

90 1778 394 1836 stipulantibus
423 1780 676 1835 praesertim
704 1778 759 1821 A.
791 1787 833 1820 et
864 1777 991 1821 Cam.·
1026 1780 1262 1821 deteriores
1298 1779 1419 1833 sequi
1460 1792 1549 1818 ma-

88 1848 231 1892 luerit.
290 1849 518 1891 Praeterea
560 1858 682 1906 grata
720 1858 785 1891 est
823 1864 1130 1905 saepenumero
1175 1848 1366 1891 Bekkeri
1413 1846 1550 1904 negli-

88 1921 234 1976 gentia
265 1920 310 1960 in
338 1917 564 1961 laudandis
595 1921 725 1962 variis
762 1918 1032 1962 lectionibus.
1091 1918 1152 1961 Ut
1180 1934 1266 1961 una
1290 1919 1447 1974 pagina
1474 1918 1549 1959 de-

88 1989 244 2045 fungar
284 2004 327 2044 Ρ.
350 1992 456 2044 367,
479 2003 517 2030 a.
556 1988 586 2031 l.
615 1995 657 2031 4.
700 1990 852 2032 dicitur
881 1989 1073 2046 ῥαγέντος
1107 1988 1314 2030 exhibere
1339 1986 1394 2030 N.
1422 1997 1548 2044 atque

87 2060 150 2100 ita
180 2059 312 2100 edidit
339 2057 480 2099 Bekk.
510 2074 550 2114 Ρ.
569 2063 666 2111 367,
686 2060 728 2103 b.
758 2059 787 2101 l.
812 2064 879 2102 26.
920 2058 1138 2117 ἀκρόνυχοι
1166 2058 1214 2100 F.
1257 2074 1394 2115 neque
1425 2058 1549 2099 aliter

89 2130 134 2170 in
166 2138 286 2170 textu
315 2127 557 2171 exhibitum
587 2138 676 2181 est,
721 2139 764 2171 et
793 2132 853 2172 ita
882 2132 1066 2186 saepius.
1127 2129 1214 2171 Sed
1243 2131 1446 2171 iudiciuin
1477 2142 1549 2184 pe-

90 2213 167 2252 nes
198 2198 305 2240 alios
335 2207 566 2241 remaneat.
625 2198 718 2241 Nos
749 2201 847 2256 quid
879 2202 1113 2245 sentiamus
1145 2210 1232 2242 tum
1263 2202 1310 2241 in
1333 2213 1548 2240 commen—

91 2270 212 2310 tariis
241 2268 311 2310 hic
340 2268 429 2310 illic
458 2270 766 2321 indicavimus,
798 2279 887 2312 tum
906 2269 1033 2326 paulo
1064 2269 1238 2312 uberius
1270 2271 1547 2326 exposuimus

90 2339 135 2379 in
166 2336 362 2380 Addend.
392 2339 446 2380 ad
474 2354 514 2394 p.
541 2343 607 2381 13.
636 2338 665 2380 l.
688 2343 727 2381 8.
759 2356 799 2396 p.
821 2344 903 2382 638
922 2355 985 2396 sq.

126 2450 169 2515 ξ.
200 2451 335 2499 VIII.
386 2453 477 2500 De
508 2454 985 2519 interpretibus
1019 2452 1518 2501 recentioribus.

203 2543 321 2586 Inter
341 2544 617 2588 scholasticos
638 2548 874 2604 complures
905 2545 1246 2602 Meteorologica
1276 2547 1548 2588 commentati

92 2622 215 2666 sunt,
260 2616 374 2656 inter
406 2630 510 2671 quos
539 2614 806 2659 Albertus
846 2617 1076 2674 Magnus
1131 2616 1426 2673 (Jourdain
1458 2616 1546 2658 Re‘-

92 2683 295 2726 cherches
325 2690 550 2741 critique&
580 2700 621 2741 p.
645 2690 728 2727 330
740 2712 791 2718 -
803 2688 931 2742 395),
966 2687 1028 2729 Vi
1043 2702 1068 2728 n
1082 2703 1104 2729 c
1116 2702 1139 2728 e
1150 2703 1176 2728 n
1191 2689 1231 2728 ti
1243 2703 1269 2728 u
1280 2702 1300 2728 s
1333 2687 1358 2727 d
1371 2701 1394 2726 e
1427 2685 1462 2727 B
1475 2700 1498 2726 e
1511 2684 1545 2725 l—

91 2752 145 2794 lo
160 2768 184 2794 v
195 2768 221 2795 a
233 2769 256 2796 c
267 2769 293 2796 o
322 2754 595 2812 (Beauvais)
632 2756 678 2797 in
710 2755 844 2798 libro:
894 2756 1122 2813 Speculum
1148 2759 1285 2799 maius
1319 2755 1546 2812 (Jourdain

91 2837 133 2878 p.
147 2826 423 2880 400—413)‚
447 2825 531 2868 Sct.
548 2824 784 2868 Thomas
805 2825 943 2882 Aqui
956 2829 1140 2884 nensis
1162 2826 1388 2883 (Jourdain
1411 2841 1448 2882 Ρ.
1460 2830 1544 2867 434
