1820 3158
339 355 427 398 XII
831 317 1238 395 PRAEFATIOss

338 467 540 508 librorum
566 478 658 506 esse
687 472 921 514 auctorem,
961 466 1056 519 quia
1084 465 1207 504 nimis
1236 461 1414 504 dilucide
1443 475 1492 502 ac
1521 459 1631 501 clare
1659 460 1744 501 sint

339 535 585 588 conscripti,
636 533 744 587 quod
781 533 865 572 iam
902 533 947 572 in
983 534 1036 573 iis
1075 531 1263 572 laudavit
1307 528 1629 584 Simplicius
1660 527 1741 578 ⁴0).

337 602 637 642 Acroamaticis
674 599 794 639 libris
823 598 1151 654 Meteorologica
1189 607 1273 639 tres
1301 606 1466 652 propter
1496 610 1642 637 causas
1671 595 1743 635 ad-

339 677 527 710 numerat
566 665 755 707 Buhle
785 667 872 720 4¹),
914 676 1000 707 tum
1029 669 1124 722 quia
1152 675 1310 721 partem
1347 665 1532 706 efficiant
1573 666 1745 719 φυσικῆς

338 735 627 791 πραγματείας,
659 736 777 775 cuius
799 733 947 788 reliqui
972 733 1070 775 libri
1085 743 1224 788 aperte
1244 735 1437 774 esoterici
1454 735 1562 780 sint;
1593 731 1744 772 deinde

338 805 434 858 quia
460 801 705 843 Aristoteles
736 803 957 843 meteorica
986 802 1273 856 phaenomena
1310 815 1394 841 non
1420 800 1556 841 solum
1586 799 1744 840 descri-

335 871 421 921 bat,
451 871 525 911 sed
554 870 605 910 de
635 872 796 924 origine
825 871 949 910 etiam
980 884 1123 910 eorum
1153 882 1202 908 ac
1231 870 1367 909 causis
1396 868 1593 909 disserat:
1628 867 1743 908 deni-

337 953 415 993 que
442 939 537 993 quia
566 938 619 977 ad
647 937 937 978 mathematica
965 936 1221 977 theoremata
1251 944 1448 990 provocet
1466 936 1550 990 ⁴⁸²).

445 1038 487 1101 ξ.
524 1039 587 1085 ΙΙ.
656 1039 744 1085 De
787 1037 1037 1100 duplici
1072 1036 1285 1083 horum
1335 1036 1639 1084 librorum

861 1116 1232 1163 recensione.

443 1202 565 1258 Apud
602 1203 741 1258 plures
780 1206 1006 1264 scriptores
1038 1204 1300 1257 reperiuntur
1337 1201 1538 1243 nonnulla
1571 1203 1624 1243 ad
1651 1201 1744 1242 Me-

333 1270 589 1326 teorologica
616 1274 856 1325 spectantia,
888 1281 1095 1327 tamquam
1125 1271 1176 1312 ab
1197 1272 1289 1325 ipso
1315 1269 1621 1311 Aristotele
1649 1285 1744 1324 pro-

332 1340 454 1389 fecta,
486 1354 590 1394 quae
618 1341 661 1379 in
691 1339 810 1380 libris
840 1339 980 1390 hisce,
1013 1339 1155 1394 quales
1185 1353 1294 1379 nunc
1321 1338 1539 1389 habemus,
1569 1353 1652 1379 non
1673 1339 1743 1379 de-

330 1407 657 1462 prehenduntur·
714 1407 778 1448 Ita
818 1422 910 1447 cum
946 1406 1193 1447 Aristoteles
1232 1408 1283 1447 de
1318 1405 1417 1447 Nilo
1456 1408 1630 1461 egisset,
1670 1407 1744 1447 ubi

330 1477 496 1516 tandem
522 1477 565 1516 id
594 1474 742 1515 melius
770 1476 955 1528 aptiusve
984 1474 1077 1515 fieri
1104 1476 1251 1529 potuit,
1282 1489 1403 1529 quam
1425 1475 1506 1515 hoc
1524 1476 1569 1515 in
1592 1474 1741 1528 opere?

331 1534 412 1597 qua
441 1544 492 1583 de
521 1557 567 1582 re
596 1544 777 1582 diximus
807 1544 858 1583 ad
883 1542 914 1593 Ι,
933 1546 999 1593 13,
1019 1547 1086 1583 21.
1145 1542 1362 1583 Servatum
1389 1542 1510 1584 nobis
1541 1551 1607 1582 est
1635 1542 1743 1596 apud

331 1609 616 1650 stobaeum
641 1610 679 1661 ¹)
719 1610 997 1663 fragmentum
1033 1609 1272 1650 Aristotelis
1309 1611 1360 1650 de
1399 1609 1616 1664 saporibus
1653 1610 1744 1649 fon·

331 1680 457 1728 tium,
503 1677 614 1732 quod
652 1677 703 1716 ad
740 1676 804 1727 11,
838 1681 886 1727 3,
918 1680 970 1718 45
1015 1685 1154 1730 aperte
1190 1685 1359 1731 spectat.
1424 1677 1602 1717 Librum
1631 1679 1742 1718 enim

329 1745 419 1799 περὶ
451 1748 593 1796 χυμῶν
635 1743 944 1798 proculdubio
975 1744 1197 1785 commenti
1226 1751 1323 1784 sunt
1351 1742 1662 1785 Alexander
1701 1753 1743 1785 et

331 1811 747 1865 olympiodorus
769 1812 1003 1866 ²),neque
1032 1812 1086 1852 ad
1114 1810 1238 1851 talem
1269 1813 1510 1865 provocavit
1536 1811 1742 1852 Aristote-

416 1974 479 2018 40)
510 1975 567 2008 Ad
599 1975 841 2009 Aristotel.
876 1980 1026 2018 Categor.
1053 1977 1118 2010 sol.
1142 1979 1183 2018 2,
1207 1987 1250 2019 y:
1288 1972 1396 2018 δῆλον
1422 1972 1459 2009 δὲ
1483 1979 1542 2010 καὶ
1564 1973 1603 2015 ἐξ
1626 1971 1677 2010 ὧν
1703 1975 1742 2010 ἐν

328 2032 379 2068 οἷς
403 2031 587 2078 ἐβουλήθη
611 2034 814 2076 σαφέστατα
837 2030 1015 2073 ἐδίδαξεν,
1048 2030 1094 2067 οἷς
1117 2031 1156 2066 ἐν
1177 2035 1251 2066 τοῖς
1272 2029 1463 2076 μετεώροις
1489 2037 1548 2066 καὶ
1574 2034 1647 2068 τοῖς
1674 2047 1741 2067 το-

327 2093 445 2125 πικοῖς
468 2093 529 2124 καὶ
548 2090 627 2123 ταῖς
645 2092 804 2134 γνησίαις
828 2086 938 2124 αὐτοῦ
959 2089 1170 2125 πολιτείαις.
1197 2087 1287 2134 ἅπερ
1312 2087 1371 2123 διὰ
1397 2088 1439 2123 τό
1457 2088 1656 2135 κοινότερον
1669 2090 1742 2125 τῶν

326 2145 591 2192 θεωρημάτων,
616 2149 828 2190 σαφέστερον
851 2146 1073 2193 ἅπαγγεῖλαι
1098 2144 1247 2182 σύνοιδε.
1303 2147 1375 2181 Cfr.
1409 2147 1559 2183 Stahr
1590 2151 1612 2184 l.
1637 2150 1661 2183 1.
1691 2151 1741 2183 ΙΙ.

326 2217 360 2248 p.
389 2207 463 2238 186.
521 2205 679 2239 David
715 2206 905 2251 prolegom.
938 2206 974 2238 in
1006 2205 1166 2252 Categor.
1206 2206 1279 2240 vol.
1310 2205 1372 2242 lv.
1410 2217 1442 2248 p.
1467 2209 1532 2249 22,
1558 2218 1578 2239 a
1608 2208 1740 2242 Brand.

326 2264 394 2295 Pro
426 2259 623 2295 πολιτείαις
654 2264 744 2305 apud
777 2263 1071 2306 Simplicium
1108 2263 1327 2296 scribendum
1358 2262 1499 2297 videtur
1527 2262 1740 2299 ἐπιστολαῖς.

328 2319 511 2352 Caeterum
536 2322 712 2362 quomodo
735 2322 864 2354 sactum
892 2320 956 2362 sit,
990 2326 1028 2353 ut
1055 2319 1326 2354 Aristotelis
1357 2331 1462 2363 opera
1491 2327 1560 2354 tam
1587 2322 1740 2355 difficilia

326 2376 395 2409 sint
417 2375 617 2418 intellecm,
651 2388 902 2421 saepenumero
934 2377 1142 2420 interpretes
1169 2371 1283 2422 graeci
1308 2378 1483 2422 explicare
1507 2385 1586 2412 sunt
1610 2379 1738 2413 conati.
1799 2384 1806 2390 ⁴

327 2433 400 2466 Cfr.
428 2434 669 2476 Philopon.
698 2436 741 2468 ad
763 2436 978 2479 Porphyr.
1003 2447 1037 2478 p.
1053 2436 1140 2477 1l‚b
1168 2436 1240 2478 (ubi
1258 2442 1373 2470 tamen
1400 2446 1463 2479 pro
1485 2432 1740 2480 Ἀριστοτέλεια

326 2490 547 2523 scribendum
565 2487 834 2537 Ἀριστογένεια.
848 2493 929 2528 vide
945 2494 1050 2535 p..19,
1065 2491 1100 2534 b)
1127 2494 1159 2525 D
1170 2505 1222 2528 av
1233 2494 1244 2526 i
1256 2495 1276 2526 d
1297 2495 1341 2527 ad
1359 2493 1576 2536 Porphyr.
1592 2503 1627 2535 p.
1643 2494 1695 2535 19,
1704 2494 1738 2526 b.

325 2547 362 2580 in
389 2550 537 2588 Categor.
566 2560 600 2590 p.
625 2552 680 2590 22,
698 2561 729 2583 a.
753 2552 776 2582 l.
792 2550 825 2584 4.
847 2563 882 2594 p.
907 2550 964 2591 26,
986 2550 1008 2586 b
1032 2561 1085 2593 sq.

413 2603 477 2646 41)
503 2607 558 2637 De
580 2607 738 2640 distribut.
763 2610 873 2641 libror.
896 2610 1064 2641 Aristotel.
1089 2619 1124 2651 p.
1142 2609 1197 2642 70.

411 2659 471 2701 42)
501 2662 530 2703 Ι,
558 2663 592 2704 3,
617 2663 649 2696 5.

417 2717 452 2759 1)
480 2721 592 2760 Eclog.
614 2721 706 2762 phys.
734 2720 762 2761 I,
783 2718 838 2753 42.
863 2733 896 2764 p.
920 2722 987 2755 636
1012 2731 1089 2765 sqq.
1113 2721 1167 2756 ed.
1185 2720 1375 2753 Heeren.

415 2774 455 2820 2)
483 2775 557 2811 cfr.
585 2777 627 2810 ad
651 2777 817 2821 Excerpt.
840 2777 895 2820 ΙΙ,
919 2779 953 2821 3,
977 2779 1033 2812 32.
