<?xml version="1.0" encoding="UTF-8"?>
<!DOCTYPE html PUBLIC "-//W3C//DTD XHTML 1.0 Transitional//EN"
    "http://www.w3.org/TR/xhtml1/DTD/xhtml1-transitional.dtd">
<html xmlns="http://www.w3.org/1999/xhtml" xml:lang="en" lang="en">
 <head>
  <title>
</title>
<meta http-equiv="Content-Type" content="text/html;charset=utf-8" />
  <meta name='ocr-system' content='tesseract 3.04.00' />
  <meta name='ocr-capabilities' content='ocr_page ocr_carea ocr_par ocr_line ocrx_word'/>
</head>
<body>
  <div class='ocr_page' id='page_1' title='image "./meteorologicorum01arisuoft_0568.png"; bbox 0 0 1774 3198; ppageno 0'>
   <div class='ocr_carea' id='block_1_1' title="bbox 282 346 1461 416">
    <p class='ocr_par' dir='ltr' id='par_1_1' title="bbox 282 346 1461 416">
     <span class='ocr_line' id='line_1_1' title="bbox 282 346 1461 416; baseline 0.01 -13"><span class='ocrx_word' id='word_1_1' title='bbox 282 361 374 404; x_wconf 83' lang='lat'><strong>528</strong></span> <span class='ocrx_word' id='word_1_2' title='bbox 494 368 938 409; x_wconf 81' lang='lat' dir='ltr'><strong>COMMENTARIUS</strong></span> <span class='ocrx_word' id='word_1_3' title='bbox 967 373 1028 410; x_wconf 86' lang='lat' dir='ltr'><strong>IN</strong></span> <span class='ocrx_word' id='word_1_4' title='bbox 1057 346 1461 416; x_wconf 69' lang='lat' dir='ltr'><strong>METEOROLOG.</strong></span> 
     </span>
    </p>
   </div>
   <div class='ocr_carea' id='block_1_2' title="bbox 274 479 1687 2838">
    <p class='ocr_par' dir='ltr' id='par_1_2' title="bbox 278 479 1678 596">
     <span class='ocr_line' id='line_1_2' title="bbox 278 479 1678 535; baseline 0.004 -16"><span class='ocrx_word' id='word_1_5' title='bbox 278 481 459 519; x_wconf 78' lang='grc' dir='ltr'><em>τοιοῦτον</em></span> <span class='ocrx_word' id='word_1_6' title='bbox 486 491 561 530; x_wconf 86' lang='lat' dir='ltr'><strong>pro</strong></span> <span class='ocrx_word' id='word_1_7' title='bbox 586 479 730 518; x_wconf 79' lang='grc' dir='ltr'><em>τοῦτον</em></span> <span class='ocrx_word' id='word_1_8' title='bbox 754 481 798 518; x_wconf 90' lang='lat' dir='ltr'><strong>F.</strong></span> <span class='ocrx_word' id='word_1_9' title='bbox 820 480 929 520; x_wconf 84' lang='lat' dir='ltr'><strong>Cam.</strong></span> <span class='ocrx_word' id='word_1_10' title='bbox 958 488 1025 534; x_wconf 78' lang='grc' dir='ltr'><em>γρ.</em></span> <span class='ocrx_word' id='word_1_11' title='bbox 1058 482 1143 521; x_wconf 79' lang='lat' dir='ltr'><strong>Cas.</strong></span> <span class='ocrx_word' id='word_1_12' title='bbox 1188 503 1242 513; x_wconf 90' lang='lat'>—</span> <span class='ocrx_word' id='word_1_13' title='bbox 1297 482 1518 535; x_wconf 71' lang='grc' dir='ltr'><strong><em>καιομένοις</em></strong></span> <span class='ocrx_word' id='word_1_14' title='bbox 1547 485 1612 525; x_wconf 91' lang='lat' dir='ltr'><strong>hic</strong></span> <span class='ocrx_word' id='word_1_15' title='bbox 1639 492 1678 525; x_wconf 87' lang='lat' dir='ltr'><strong>et</strong></span> 
     </span>
     <span class='ocr_line' id='line_1_3' title="bbox 280 543 875 596; baseline -0.002 -11"><span class='ocrx_word' id='word_1_16' title='bbox 280 547 463 596; x_wconf 87' lang='lat' dir='ltr'><strong>deinceps</strong></span> <span class='ocrx_word' id='word_1_17' title='bbox 480 547 527 583; x_wconf 90' lang='lat' dir='ltr'><strong>F.</strong></span> <span class='ocrx_word' id='word_1_18' title='bbox 558 545 630 582; x_wconf 85' lang='lat' dir='ltr'><strong>cfr.</strong></span> <span class='ocrx_word' id='word_1_19' title='bbox 648 543 698 581; x_wconf 82' lang='lat' dir='ltr'><strong>ad</strong></span> <span class='ocrx_word' id='word_1_20' title='bbox 720 545 754 593; x_wconf 86' lang='grc' dir='ltr'><strong>Ι,</strong></span> <span class='ocrx_word' id='word_1_21' title='bbox 775 544 815 594; x_wconf 85' lang='grc'><strong>4,</strong></span> <span class='ocrx_word' id='word_1_22' title='bbox 839 549 875 584; x_wconf 89' lang='grc'><strong>1.</strong></span> 
     </span>
    </p>

    <p class='ocr_par' dir='ltr' id='par_1_3' title="bbox 277 606 1682 1059">
     <span class='ocr_line' id='line_1_4' title="bbox 389 606 1680 669; baseline 0.005 -19"><span class='ocrx_word' id='word_1_23' title='bbox 389 611 455 650; x_wconf 91' lang='grc'><strong>24.</strong></span> <span class='ocrx_word' id='word_1_24' title='bbox 486 606 700 649; x_wconf 82' lang='grc' dir='ltr'><em>θάλασσάν</em></span> <span class='ocrx_word' id='word_1_25' title='bbox 722 609 825 662; x_wconf 84' lang='grc' dir='ltr'><em>φασί</em></span> <span class='ocrx_word' id='word_1_26' title='bbox 848 625 950 658; x_wconf 88' lang='grc' dir='ltr'><em>τινες</em></span> <span class='ocrx_word' id='word_1_27' title='bbox 977 609 1021 651; x_wconf 72' lang='grc' dir='ltr'><strong>ἐκ</strong></span> <span class='ocrx_word' id='word_1_28' title='bbox 1042 612 1381 666; x_wconf 73' lang='grc' dir='ltr'><em>κατακεκαυμένης</em></span> <span class='ocrx_word' id='word_1_29' title='bbox 1403 613 1587 667; x_wconf 78' lang='grc' dir='ltr'><em>γενέσθαι</em></span> <span class='ocrx_word' id='word_1_30' title='bbox 1610 619 1680 669; x_wconf 79' lang='grc' dir='ltr'><strong>γῆς</strong></span> 
     </span>
     <span class='ocr_line' id='line_1_5' title="bbox 278 676 1679 732; baseline 0.004 -16"><span class='ocrx_word' id='word_1_31' title='bbox 278 682 428 716; x_wconf 88' lang='lat' dir='ltr'><strong>mutato</strong></span> <span class='ocrx_word' id='word_1_32' title='bbox 445 676 661 715; x_wconf 86' lang='lat' dir='ltr'><strong>verborum</strong></span> <span class='ocrx_word' id='word_1_33' title='bbox 681 676 820 715; x_wconf 88' lang='lat' dir='ltr'>ordine</span> <span class='ocrx_word' id='word_1_34' title='bbox 841 679 886 716; x_wconf 88' lang='lat' dir='ltr'><strong>F.</strong></span> <span class='ocrx_word' id='word_1_35' title='bbox 906 699 962 706; x_wconf 91' lang='lat'><strong>-—</strong></span> <span class='ocrx_word' id='word_1_36' title='bbox 987 676 1167 730; x_wconf 80' lang='grc' dir='ltr'><em>γίνεσθαι</em></span> <span class='ocrx_word' id='word_1_37' title='bbox 1186 694 1261 732; x_wconf 90' lang='lat' dir='ltr'><strong>pro</strong></span> <span class='ocrx_word' id='word_1_38' title='bbox 1282 679 1466 732; x_wconf 82' lang='grc' dir='ltr'><em>γενέσθαι</em></span> <span class='ocrx_word' id='word_1_39' title='bbox 1487 685 1531 721; x_wconf 88' lang='lat' dir='ltr'><strong>F.</strong></span> <span class='ocrx_word' id='word_1_40' title='bbox 1556 683 1612 721; x_wconf 87' lang='lat' dir='ltr'><strong>H.</strong></span> <span class='ocrx_word' id='word_1_41' title='bbox 1628 684 1679 722; x_wconf 90' lang='lat' dir='ltr'><strong>N.</strong></span> 
     </span>
     <span class='ocr_line' id='line_1_6' title="bbox 278 736 1678 800; baseline 0.006 -21"><span class='ocrx_word' id='word_1_42' title='bbox 278 765 334 772; x_wconf 91' lang='lat'><strong>—-</strong></span> <span class='ocrx_word' id='word_1_43' title='bbox 362 740 408 780; x_wconf 77' lang='grc' dir='ltr'><strong>δέ</strong></span> <span class='ocrx_word' id='word_1_44' title='bbox 429 749 519 780; x_wconf 83' lang='lat' dir='ltr'><strong>ante</strong></span> <span class='ocrx_word' id='word_1_45' title='bbox 548 738 653 781; x_wconf 72' lang='grc' dir='ltr'><em>οὕτω</em></span> <span class='ocrx_word' id='word_1_46' title='bbox 683 743 828 781; x_wconf 85' lang='lat' dir='ltr'><strong>omittit</strong></span> <span class='ocrx_word' id='word_1_47' title='bbox 854 744 909 782; x_wconf 90' lang='lat' dir='ltr'><strong>N.</strong></span> <span class='ocrx_word' id='word_1_48' title='bbox 949 765 1003 774; x_wconf 94' lang='lat'><strong>—</strong></span> <span class='ocrx_word' id='word_1_49' title='bbox 1049 744 1129 784; x_wconf 78' lang='grc' dir='ltr'><em>δεῖν</em></span> <span class='ocrx_word' id='word_1_50' title='bbox 1157 760 1232 798; x_wconf 86' lang='lat' dir='ltr'><strong>pro</strong></span> <span class='ocrx_word' id='word_1_51' title='bbox 1262 746 1325 785; x_wconf 82' lang='grc' dir='ltr'><em>δεῖ</em></span> <span class='ocrx_word' id='word_1_52' title='bbox 1335 736 1413 800; x_wconf 50' lang='grc' dir='ltr'><em>ἵρ-</em></span> <span class='ocrx_word' id='word_1_53' title='bbox 1438 748 1598 786; x_wconf 83' lang='lat' dir='ltr'><strong>Casaub.</strong></span> <span class='ocrx_word' id='word_1_54' title='bbox 1628 769 1678 775; x_wconf 93' lang='lat'><strong>—</strong></span> 
     </span>
     <span class='ocr_line' id='line_1_7' title="bbox 280 801 1682 863; baseline 0.004 -16"><span class='ocrx_word' id='word_1_55' title='bbox 280 805 411 861; x_wconf 84' lang='grc' dir='ltr'><em>ὥσπερ</em></span> <span class='ocrx_word' id='word_1_56' title='bbox 441 807 506 847; x_wconf 84' lang='grc' dir='ltr'><em>καὶ</em></span> <span class='ocrx_word' id='word_1_57' title='bbox 534 806 576 847; x_wconf 74' lang='grc' dir='ltr'><strong>ἔκ</strong></span> <span class='ocrx_word' id='word_1_58' title='bbox 603 807 895 861; x_wconf 88' lang='grc' dir='ltr'><em>πεπυρωμένων</em></span> <span class='ocrx_word' id='word_1_59' title='bbox 923 811 1146 863; x_wconf 83' lang='lat' dir='ltr'><strong>scripsimus</strong></span> <span class='ocrx_word' id='word_1_60' title='bbox 1174 825 1262 850; x_wconf 91' lang='lat' dir='ltr'><strong>cum</strong></span> <span class='ocrx_word' id='word_1_61' title='bbox 1284 813 1417 851; x_wconf 87' lang='lat' dir='ltr'><strong>codice</strong></span> <span class='ocrx_word' id='word_1_62' title='bbox 1441 815 1485 852; x_wconf 95' lang='lat' dir='ltr'><strong>E.</strong></span> <span class='ocrx_word' id='word_1_63' title='bbox 1533 801 1682 852; x_wconf 77' lang='lat' dir='ltr'><strong>Omnes</strong></span> 
     </span>
     <span class='ocr_line' id='line_1_8' title="bbox 277 874 1679 931; baseline 0.004 -19"><span class='ocrx_word' id='word_1_64' title='bbox 277 875 441 925; x_wconf 86' lang='lat' dir='ltr'><strong>reliqui,</strong></span> <span class='ocrx_word' id='word_1_65' title='bbox 469 874 564 913; x_wconf 83' lang='lat' dir='ltr'><strong>editi</strong></span> <span class='ocrx_word' id='word_1_66' title='bbox 586 881 626 913; x_wconf 89' lang='lat' dir='ltr'><strong>et</strong></span> <span class='ocrx_word' id='word_1_67' title='bbox 644 876 780 926; x_wconf 86' lang='lat' dir='ltr'><strong>scripti</strong></span> <span class='ocrx_word' id='word_1_68' title='bbox 806 876 993 916; x_wconf 86' lang='lat' dir='ltr'><strong>omittunt</strong></span> <span class='ocrx_word' id='word_1_69' title='bbox 1017 876 1094 916; x_wconf 89' lang='grc' dir='ltr'><em>καί.</em></span> <span class='ocrx_word' id='word_1_70' title='bbox 1114 899 1170 905; x_wconf 94' lang='lat'><strong>-—</strong></span> <span class='ocrx_word' id='word_1_71' title='bbox 1199 877 1456 931; x_wconf 86' lang='grc' dir='ltr'><em>πυρουμένων</em></span> <span class='ocrx_word' id='word_1_72' title='bbox 1483 881 1534 918; x_wconf 92' lang='lat' dir='ltr'><strong>A.</strong></span> <span class='ocrx_word' id='word_1_73' title='bbox 1561 878 1679 918; x_wconf 86' lang='lat' dir='ltr'><strong>Alex.</strong></span> 
     </span>
     <span class='ocr_line' id='line_1_9' title="bbox 278 929 1680 996; baseline 0.005 -18"><span class='ocrx_word' id='word_1_74' title='bbox 278 941 387 979; x_wconf 87' lang='lat' dir='ltr'><strong>Aldi</strong></span> <span class='ocrx_word' id='word_1_75' title='bbox 405 943 492 980; x_wconf 87' lang='lat' dir='ltr'><strong>Bas.</strong></span> <span class='ocrx_word' id='word_1_76' title='bbox 513 955 562 994; x_wconf 77' lang='grc' dir='ltr'><em>γρ</em></span> <span class='ocrx_word' id='word_1_77' title='bbox 504 929 668 980; x_wconf 73' lang='lat' dir='ltr'><strong>—.Cas</strong></span> <span class='ocrx_word' id='word_1_78' title='bbox 695 964 749 971; x_wconf 89' lang='grc'>-</span> <span class='ocrx_word' id='word_1_79' title='bbox 777 937 874 981; x_wconf 79' lang='grc' dir='ltr'><em>εἶναι</em></span> <span class='ocrx_word' id='word_1_80' title='bbox 901 944 972 994; x_wconf 74' lang='grc' dir='ltr'><strong>γῆν</strong></span> <span class='ocrx_word' id='word_1_81' title='bbox 1002 940 1190 996; x_wconf 82' lang='grc' dir='ltr'><em>τοιαύτην</em></span> <span class='ocrx_word' id='word_1_82' title='bbox 1211 945 1370 984; x_wconf 87' lang='lat' dir='ltr'><strong>inverso</strong></span> <span class='ocrx_word' id='word_1_83' title='bbox 1391 944 1530 984; x_wconf 83' lang='lat' dir='ltr'><strong>ordine</strong></span> <span class='ocrx_word' id='word_1_84' title='bbox 1548 948 1596 985; x_wconf 91' lang='lat' dir='ltr'><strong>F.</strong></span> <span class='ocrx_word' id='word_1_85' title='bbox 1629 965 1680 972; x_wconf 87' lang='lat'><strong>-·</strong></span> 
     </span>
     <span class='ocr_line' id='line_1_10' title="bbox 277 1007 1014 1059; baseline 0.007 -15"><span class='ocrx_word' id='word_1_86' title='bbox 277 1021 350 1058; x_wconf 88' lang='grc' dir='ltr'><strong>την</strong></span> <span class='ocrx_word' id='word_1_87' title='bbox 368 1007 510 1059; x_wconf 76' lang='grc' dir='ltr'><em>γῆνΑ.</em></span> <span class='ocrx_word' id='word_1_88' title='bbox 532 1009 646 1046; x_wconf 87' lang='lat' dir='ltr'><strong>Alex.</strong></span> <span class='ocrx_word' id='word_1_89' title='bbox 667 1009 774 1047; x_wconf 91' lang='lat' dir='ltr'><strong>Cam.</strong></span> <span class='ocrx_word' id='word_1_90' title='bbox 800 1009 845 1047; x_wconf 90' lang='lat' dir='ltr'><strong>P.</strong></span> <span class='ocrx_word' id='word_1_91' title='bbox 867 1007 904 1046; x_wconf 91' lang='lat' dir='ltr'><strong>S.</strong></span> <span class='ocrx_word' id='word_1_92' title='bbox 927 1009 1014 1049; x_wconf 84' lang='lat' dir='ltr'><strong>Cas.</strong></span> 
     </span>
    </p>

    <p class='ocr_par' dir='ltr' id='par_1_4' title="bbox 277 1053 1684 1508">
     <span class='ocr_line' id='line_1_11' title="bbox 388 1053 1684 1129; baseline 0.004 -18"><span class='ocrx_word' id='word_1_93' title='bbox 388 1074 456 1112; x_wconf 87' lang='grc'><strong>25.</strong></span> <span class='ocrx_word' id='word_1_94' title='bbox 484 1067 539 1119; x_wconf 83' lang='grc' dir='ltr'><strong>ὥς</strong></span> <span class='ocrx_word' id='word_1_95' title='bbox 566 1070 724 1124; x_wconf 72' lang='grc' dir='ltr'><em>εἴπομεν</em></span> <span class='ocrx_word' id='word_1_96' title='bbox 744 1088 827 1125; x_wconf 89' lang='lat' dir='ltr'><strong>pro</strong></span> <span class='ocrx_word' id='word_1_97' title='bbox 852 1072 984 1129; x_wconf 81' lang='grc' dir='ltr'><em>ὥσπερ</em></span> <span class='ocrx_word' id='word_1_98' title='bbox 1005 1053 1163 1126; x_wconf 67' lang='grc' dir='ltr'><em>εἴπομεν</em></span> <span class='ocrx_word' id='word_1_99' title='bbox 1183 1078 1229 1115; x_wconf 91' lang='lat' dir='ltr'><strong>F.</strong></span> <span class='ocrx_word' id='word_1_100' title='bbox 1258 1077 1326 1128; x_wconf 88' lang='lat' dir='ltr'><strong>qui</strong></span> <span class='ocrx_word' id='word_1_101' title='bbox 1353 1077 1496 1116; x_wconf 85' lang='lat' dir='ltr'><strong>deinde</strong></span> <span class='ocrx_word' id='word_1_102' title='bbox 1523 1077 1684 1116; x_wconf 80' lang='lat' dir='ltr'><strong>exhibet</strong></span> 
     </span>
     <span class='ocr_line' id='line_1_12' title="bbox 277 1135 1683 1204; baseline 0.006 -29"><span class='ocrx_word' id='word_1_103' title='bbox 277 1139 350 1189; x_wconf 83' lang='grc' dir='ltr'><strong>τῆς</strong></span> <span class='ocrx_word' id='word_1_104' title='bbox 383 1135 570 1189; x_wconf 80' lang='grc' dir='ltr'><em>τοιαύτης</em></span> <span class='ocrx_word' id='word_1_105' title='bbox 607 1137 665 1178; x_wconf 82' lang='grc' dir='ltr'><em>ἀεὶ</em></span> <span class='ocrx_word' id='word_1_106' title='bbox 704 1137 1014 1191; x_wconf 74' lang='grc' dir='ltr'><em>ἀναθυμιάσεως</em></span> <span class='ocrx_word' id='word_1_107' title='bbox 1050 1156 1240 1204; x_wconf 70' lang='lat' dir='ltr'><strong>supra—</strong></span> <span class='ocrx_word' id='word_1_108' title='bbox 1207 1144 1334 1192; x_wconf 88' lang='lat' dir='ltr'><strong>posito</strong></span> <span class='ocrx_word' id='word_1_109' title='bbox 1374 1140 1590 1194; x_wconf 73' lang='grc' dir='ltr'><em>δυνάμεως.</em></span> <span class='ocrx_word' id='word_1_110' title='bbox 1627 1163 1683 1172; x_wconf 92' lang='lat'>—</span> 
     </span>
     <span class='ocr_line' id='line_1_13' title="bbox 277 1200 1683 1261; baseline 0.002 -18"><span class='ocrx_word' id='word_1_111' title='bbox 277 1206 356 1243; x_wconf 86' lang='lat' dir='ltr'><strong>Pro</strong></span> <span class='ocrx_word' id='word_1_112' title='bbox 376 1205 507 1243; x_wconf 81' lang='lat' dir='ltr'><strong>verbis</strong></span> <span class='ocrx_word' id='word_1_113' title='bbox 536 1203 578 1243; x_wconf 73' lang='grc' dir='ltr'><strong>ἓν</strong></span> <span class='ocrx_word' id='word_1_114' title='bbox 596 1209 680 1251; x_wconf 82' lang='grc' dir='ltr'><em>τοῖς</em></span> <span class='ocrx_word' id='word_1_115' title='bbox 707 1200 835 1251; x_wconf 78' lang='grc' dir='ltr'><em>ῧετοις</em></span> <span class='ocrx_word' id='word_1_116' title='bbox 865 1209 912 1245; x_wconf 88' lang='lat' dir='ltr'><strong>F.</strong></span> <span class='ocrx_word' id='word_1_117' title='bbox 942 1208 995 1245; x_wconf 89' lang='lat' dir='ltr'><strong>H.</strong></span> <span class='ocrx_word' id='word_1_118' title='bbox 1027 1209 1133 1247; x_wconf 85' lang='lat' dir='ltr'><strong>Cam.</strong></span> <span class='ocrx_word' id='word_1_119' title='bbox 1163 1223 1224 1261; x_wconf 52' lang='grc' dir='ltr'><strong>φρ.</strong></span> <span class='ocrx_word' id='word_1_120' title='bbox 1256 1211 1340 1248; x_wconf 83' lang='lat' dir='ltr'><strong>Cas.</strong></span> <span class='ocrx_word' id='word_1_121' title='bbox 1378 1206 1521 1255; x_wconf 82' lang='grc' dir='ltr'><em>ύοντος</em></span> <span class='ocrx_word' id='word_1_122' title='bbox 1548 1215 1588 1247; x_wconf 84' lang='lat' dir='ltr'><strong>et</strong></span> <span class='ocrx_word' id='word_1_123' title='bbox 1616 1208 1683 1260; x_wconf 87' lang='lat' dir='ltr'><strong>qui</strong></span> 
     </span>
     <span class='ocr_line' id='line_1_14' title="bbox 277 1271 1683 1324; baseline 0.003 -17"><span class='ocrx_word' id='word_1_124' title='bbox 277 1271 461 1322; x_wconf 83' lang='lat' dir='ltr'><strong>proxime</strong></span> <span class='ocrx_word' id='word_1_125' title='bbox 489 1271 638 1309; x_wconf 89' lang='lat' dir='ltr'><strong>accedit</strong></span> <span class='ocrx_word' id='word_1_126' title='bbox 664 1271 716 1309; x_wconf 87' lang='lat' dir='ltr'><strong>N.</strong></span> <span class='ocrx_word' id='word_1_127' title='bbox 757 1285 922 1318; x_wconf 88' lang='grc' dir='ltr'><em>οιοντος.</em></span> <span class='ocrx_word' id='word_1_128' title='bbox 966 1274 1038 1311; x_wconf 91' lang='lat' dir='ltr'><strong>cfr.</strong></span> <span class='ocrx_word' id='word_1_129' title='bbox 1065 1273 1114 1311; x_wconf 87' lang='lat' dir='ltr'><strong>ad</strong></span> <span class='ocrx_word' id='word_1_130' title='bbox 1137 1275 1265 1324; x_wconf 84' lang='lat'><strong>11,4,</strong></span> <span class='ocrx_word' id='word_1_131' title='bbox 1291 1279 1356 1314; x_wconf 91' lang='lat'><strong>17.</strong></span> <span class='ocrx_word' id='word_1_132' title='bbox 1387 1296 1441 1303; x_wconf 89' lang='lat'><strong>——</strong></span> <span class='ocrx_word' id='word_1_133' title='bbox 1476 1271 1589 1313; x_wconf 78' lang='grc' dir='ltr'><em>τοῦτ’</em></span> <span class='ocrx_word' id='word_1_134' title='bbox 1623 1271 1683 1312; x_wconf 74' lang='grc' dir='ltr'><em>ἀεὶ</em></span> 
     </span>
     <span class='ocr_line' id='line_1_15' title="bbox 277 1334 1680 1388; baseline 0.004 -15"><span class='ocrx_word' id='word_1_135' title='bbox 277 1335 458 1388; x_wconf 76' lang='grc' dir='ltr'><em>γίνεσθαι</em></span> <span class='ocrx_word' id='word_1_136' title='bbox 487 1349 562 1387; x_wconf 83' lang='lat' dir='ltr'><strong>pro</strong></span> <span class='ocrx_word' id='word_1_137' title='bbox 590 1334 650 1375; x_wconf 74' lang='grc' dir='ltr'><em>ἀεὶ</em></span> <span class='ocrx_word' id='word_1_138' title='bbox 678 1338 806 1376; x_wconf 82' lang='grc' dir='ltr'><em>ταῦτα</em></span> <span class='ocrx_word' id='word_1_139' title='bbox 833 1336 1013 1388; x_wconf 77' lang='grc' dir='ltr'><em>γίνεσθαι</em></span> <span class='ocrx_word' id='word_1_140' title='bbox 1039 1341 1087 1380; x_wconf 91' lang='lat' dir='ltr'><strong>F.</strong></span> <span class='ocrx_word' id='word_1_141' title='bbox 1113 1341 1167 1378; x_wconf 91' lang='lat' dir='ltr'><strong>H.</strong></span> <span class='ocrx_word' id='word_1_142' title='bbox 1193 1341 1244 1379; x_wconf 91' lang='lat' dir='ltr'><strong>N.</strong></span> <span class='ocrx_word' id='word_1_143' title='bbox 1269 1342 1317 1379; x_wconf 87' lang='lat' dir='ltr'><strong>A.</strong></span> <span class='ocrx_word' id='word_1_144' title='bbox 1337 1342 1444 1380; x_wconf 85' lang='lat' dir='ltr'><strong>Cam.</strong></span> <span class='ocrx_word' id='word_1_145' title='bbox 1465 1341 1508 1378; x_wconf 89' lang='lat' dir='ltr'><strong>P.</strong></span> <span class='ocrx_word' id='word_1_146' title='bbox 1530 1341 1571 1377; x_wconf 90' lang='lat' dir='ltr'><strong>S.</strong></span> <span class='ocrx_word' id='word_1_147' title='bbox 1587 1339 1680 1378; x_wconf 87' lang='lat' dir='ltr'><strong>Cas.</strong></span> 
     </span>
     <span class='ocr_line' id='line_1_16' title="bbox 278 1399 1682 1460; baseline 0.002 -20"><span class='ocrx_word' id='word_1_148' title='bbox 278 1402 405 1440; x_wconf 87' lang='lat' dir='ltr'><strong>Bekk.</strong></span> <span class='ocrx_word' id='word_1_149' title='bbox 425 1423 481 1429; x_wconf 89' lang='lat'><strong>—</strong></span> <span class='ocrx_word' id='word_1_150' title='bbox 508 1399 691 1442; x_wconf 74' lang='grc' dir='ltr'><em>ἐντεῦθεν</em></span> <span class='ocrx_word' id='word_1_151' title='bbox 712 1416 786 1454; x_wconf 90' lang='lat' dir='ltr'><strong>pro</strong></span> <span class='ocrx_word' id='word_1_152' title='bbox 805 1399 903 1442; x_wconf 83' lang='grc' dir='ltr'><em>ὅθεν</em></span> <span class='ocrx_word' id='word_1_153' title='bbox 922 1404 973 1443; x_wconf 90' lang='lat' dir='ltr'><strong>A.</strong></span> <span class='ocrx_word' id='word_1_154' title='bbox 993 1427 1043 1432; x_wconf 94' lang='lat'>—</span> <span class='ocrx_word' id='word_1_155' title='bbox 1066 1406 1144 1443; x_wconf 82' lang='grc' dir='ltr'><strong>,τοῦ</strong></span> <span class='ocrx_word' id='word_1_156' title='bbox 1169 1401 1350 1460; x_wconf 78' lang='grc' dir='ltr'><em>ἁλμυροῦ</em></span> <span class='ocrx_word' id='word_1_157' title='bbox 1377 1403 1499 1445; x_wconf 66' lang='grc' dir='ltr'><em>ἔνεστι</em></span> <span class='ocrx_word' id='word_1_158' title='bbox 1530 1411 1682 1444; x_wconf 86' lang='lat' dir='ltr'><strong>mutato</strong></span> 
     </span>
     <span class='ocr_line' id='line_1_17' title="bbox 279 1468 803 1508; baseline 0.002 -2"><span class='ocrx_word' id='word_1_159' title='bbox 279 1468 419 1507; x_wconf 85' lang='lat' dir='ltr'><strong>ordine</strong></span> <span class='ocrx_word' id='word_1_160' title='bbox 438 1468 655 1507; x_wconf 83' lang='lat' dir='ltr'><strong>verborum</strong></span> <span class='ocrx_word' id='word_1_161' title='bbox 682 1471 730 1508; x_wconf 91' lang='lat' dir='ltr'><strong>F.</strong></span> <span class='ocrx_word' id='word_1_162' title='bbox 749 1470 803 1507; x_wconf 94' lang='lat' dir='ltr'><strong>H.</strong></span> 
     </span>
    </p>

    <p class='ocr_par' dir='ltr' id='par_1_5' title="bbox 274 1531 1687 2838">
     <span class='ocr_line' id='line_1_18' title="bbox 390 1531 1683 1586; baseline 0.002 -13"><span class='ocrx_word' id='word_1_163' title='bbox 390 1538 457 1574; x_wconf 86' lang='grc'><strong>26.</strong></span> <span class='ocrx_word' id='word_1_164' title='bbox 495 1531 796 1586; x_wconf 75' lang='grc' dir='ltr'><em>πλατύτεροι</em></span> <span class='ocrx_word' id='word_1_165' title='bbox 824 1541 959 1574; x_wconf 84' lang='lat' dir='ltr'><strong>verte:</strong></span> <span class='ocrx_word' id='word_1_166' title='bbox 1003 1537 1262 1574; x_wconf 71' lang='lat' dir='ltr'><strong>salsiuscula.</strong></span> <span class='ocrx_word' id='word_1_167' title='bbox 1317 1537 1402 1576; x_wconf 83' lang='lat' dir='ltr'><strong>Gfr.</strong></span> <span class='ocrx_word' id='word_1_168' title='bbox 1438 1537 1683 1576; x_wconf 78' lang='lat' dir='ltr'><strong>Herodot.</strong></span> 
     </span>
     <span class='ocr_line' id='line_1_19' title="bbox 279 1597 1685 1657; baseline 0.001 -17"><span class='ocrx_word' id='word_1_169' title='bbox 279 1602 335 1647; x_wconf 80' lang='grc' dir='ltr'><strong>ΙΙ,</strong></span> <span class='ocrx_word' id='word_1_170' title='bbox 361 1604 460 1640; x_wconf 84' lang='lat'>108:</span> <span class='ocrx_word' id='word_1_171' title='bbox 490 1597 577 1639; x_wconf 81' lang='grc' dir='ltr'><em>ὅσοι</em></span> <span class='ocrx_word' id='word_1_172' title='bbox 605 1601 685 1639; x_wconf 83' lang='grc' dir='ltr'><strong>τῶν</strong></span> <span class='ocrx_word' id='word_1_173' title='bbox 703 1599 936 1653; x_wconf 72' lang='grc' dir='ltr'><em>Αἰγυπτίων</em></span> <span class='ocrx_word' id='word_1_174' title='bbox 962 1598 1021 1653; x_wconf 82' lang='grc' dir='ltr'><strong>μὴ</strong></span> <span class='ocrx_word' id='word_1_175' title='bbox 1051 1599 1112 1640; x_wconf 70' lang='grc' dir='ltr'><strong>ἐπὶ</strong></span> <span class='ocrx_word' id='word_1_176' title='bbox 1143 1604 1200 1656; x_wconf 79' lang='grc' dir='ltr'><strong>τῷ</strong></span> <span class='ocrx_word' id='word_1_177' title='bbox 1227 1603 1394 1657; x_wconf 77' lang='grc' dir='ltr'><em>ποταμῷ</em></span> <span class='ocrx_word' id='word_1_178' title='bbox 1423 1599 1582 1654; x_wconf 65' lang='grc' dir='ltr'><em>ἔκτηντο</em></span> <span class='ocrx_word' id='word_1_179' title='bbox 1612 1601 1685 1649; x_wconf 85' lang='grc' dir='ltr'><strong>τὰς</strong></span> 
     </span>
     <span class='ocr_line' id='line_1_20' title="bbox 280 1659 1685 1718; baseline 0.001 -14"><span class='ocrx_word' id='word_1_180' title='bbox 280 1662 414 1716; x_wconf 83' lang='grc' dir='ltr'><em>πόλις,</em></span> <span class='ocrx_word' id='word_1_181' title='bbox 445 1661 528 1705; x_wconf 75' lang='grc' dir='ltr'><em>ἀλλ’</em></span> <span class='ocrx_word' id='word_1_182' title='bbox 553 1663 798 1718; x_wconf 75' lang='grc' dir='ltr'><em>ἀναμέσους,</em></span> <span class='ocrx_word' id='word_1_183' title='bbox 829 1659 951 1716; x_wconf 72' lang='grc' dir='ltr'><em>οὗτοι,</em></span> <span class='ocrx_word' id='word_1_184' title='bbox 983 1664 1087 1714; x_wconf 81' lang='grc' dir='ltr'><em>ὅκως</em></span> <span class='ocrx_word' id='word_1_185' title='bbox 1113 1682 1155 1707; x_wconf 87' lang='grc' dir='ltr'><em>τε</em></span> <span class='ocrx_word' id='word_1_186' title='bbox 1179 1665 1287 1707; x_wconf 83' lang='grc' dir='ltr'><em>ἀπίοι</em></span> <span class='ocrx_word' id='word_1_187' title='bbox 1315 1665 1514 1718; x_wconf 85' lang='grc' dir='ltr'><em>ποταμός,</em></span> <span class='ocrx_word' id='word_1_188' title='bbox 1545 1667 1685 1707; x_wconf 89' lang='grc' dir='ltr'><em>σπανί-</em></span> 
     </span>
     <span class='ocr_line' id='line_1_21' title="bbox 282 1728 1685 1787; baseline 0.001 -16"><span class='ocrx_word' id='word_1_189' title='bbox 282 1732 411 1781; x_wconf 84' lang='grc' dir='ltr'><em>ζοντες</em></span> <span class='ocrx_word' id='word_1_190' title='bbox 438 1728 621 1782; x_wconf 73' lang='grc' dir='ltr'><strong>ῧδάτων,</strong></span> <span class='ocrx_word' id='word_1_191' title='bbox 662 1731 1033 1787; x_wconf 82' lang='grc' dir='ltr'><em>πλατυτέροισι</em></span> <span class='ocrx_word' id='word_1_192' title='bbox 1071 1732 1266 1786; x_wconf 74' lang='grc' dir='ltr'><em>ἕχρειόντο</em></span> <span class='ocrx_word' id='word_1_193' title='bbox 1295 1739 1397 1773; x_wconf 81' lang='grc' dir='ltr'><em>τοῖσι</em></span> <span class='ocrx_word' id='word_1_194' title='bbox 1427 1730 1601 1784; x_wconf 82' lang='grc' dir='ltr'><em>πόμασι,</em></span> <span class='ocrx_word' id='word_1_195' title='bbox 1643 1732 1685 1772; x_wconf 75' lang='grc' dir='ltr'><strong>ἔκ</strong></span> 
     </span>
     <span class='ocr_line' id='line_1_22' title="bbox 281 1795 1685 1852; baseline 0.001 -16"><span class='ocrx_word' id='word_1_196' title='bbox 281 1795 467 1850; x_wconf 76' lang='grc' dir='ltr'><em>φρεάτων</em></span> <span class='ocrx_word' id='word_1_197' title='bbox 490 1795 722 1851; x_wconf 81' lang='grc' dir='ltr'><em>χρεώμενοι.</em></span> <span class='ocrx_word' id='word_1_198' title='bbox 763 1801 827 1838; x_wconf 91' lang='lat' dir='ltr'><strong>De</strong></span> <span class='ocrx_word' id='word_1_199' title='bbox 849 1801 1036 1848; x_wconf 88' lang='lat' dir='ltr'><strong>Tarento,</strong></span> <span class='ocrx_word' id='word_1_200' title='bbox 1068 1801 1173 1851; x_wconf 86' lang='lat' dir='ltr'><strong>quod</strong></span> <span class='ocrx_word' id='word_1_201' title='bbox 1191 1807 1357 1852; x_wconf 88' lang='lat' dir='ltr'><strong>propter</strong></span> <span class='ocrx_word' id='word_1_202' title='bbox 1376 1802 1494 1839; x_wconf 82' lang='lat' dir='ltr'><strong>situm</strong></span> <span class='ocrx_word' id='word_1_203' title='bbox 1515 1801 1685 1839; x_wconf 84' lang='lat' dir='ltr'><strong>maxime</strong></span> 
     </span>
     <span class='ocr_line' id='line_1_23' title="bbox 280 1865 1685 1918; baseline 0.002 -16"><span class='ocrx_word' id='word_1_204' title='bbox 280 1865 463 1902; x_wconf 84' lang='lat' dir='ltr'><strong>austrinis</strong></span> <span class='ocrx_word' id='word_1_205' title='bbox 484 1866 614 1903; x_wconf 88' lang='lat' dir='ltr'><strong>ventis</strong></span> <span class='ocrx_word' id='word_1_206' title='bbox 634 1866 856 1915; x_wconf 83' lang='lat' dir='ltr'><strong>expositum</strong></span> <span class='ocrx_word' id='word_1_207' title='bbox 874 1873 943 1914; x_wconf 85' lang='lat' dir='ltr'><strong>est,</strong></span> <span class='ocrx_word' id='word_1_208' title='bbox 971 1869 1024 1904; x_wconf 87' lang='lat' dir='ltr'><strong>ait</strong></span> <span class='ocrx_word' id='word_1_209' title='bbox 1054 1866 1452 1918; x_wconf 83' lang='lat' dir='ltr'><strong>Theophrastus</strong></span> <span class='ocrx_word' id='word_1_210' title='bbox 1483 1866 1531 1904; x_wconf 81' lang='lat' dir='ltr'><strong>de</strong></span> <span class='ocrx_word' id='word_1_211' title='bbox 1552 1878 1685 1905; x_wconf 77' lang='lat' dir='ltr'><strong>causs-</strong></span> 
     </span>
     <span class='ocr_line' id='line_1_24' title="bbox 274 1927 1686 1983; baseline 0.002 -17"><span class='ocrx_word' id='word_1_212' title='bbox 274 1931 460 1980; x_wconf 81' lang='lat' dir='ltr'><strong>plantar.</strong></span> <span class='ocrx_word' id='word_1_213' title='bbox 478 1932 536 1976; x_wconf 88' lang='lat' dir='ltr'><strong>H,</strong></span> <span class='ocrx_word' id='word_1_214' title='bbox 558 1934 597 1979; x_wconf 92' lang='lat'><strong>7,</strong></span> <span class='ocrx_word' id='word_1_215' title='bbox 621 1936 658 1969; x_wconf 89' lang='lat'><strong>5.</strong></span> <span class='ocrx_word' id='word_1_216' title='bbox 689 1945 727 1982; x_wconf 87' lang='lat' dir='ltr'><strong>p.</strong></span> <span class='ocrx_word' id='word_1_217' title='bbox 750 1930 855 1970; x_wconf 81' lang='lat'>404:</span> <span class='ocrx_word' id='word_1_218' title='bbox 886 1927 1004 1983; x_wconf 76' lang='grc' dir='ltr'><em>ἡγὰρ</em></span> <span class='ocrx_word' id='word_1_219' title='bbox 1034 1929 1178 1971; x_wconf 74' lang='grc' dir='ltr'><em>ἄπνοια</em></span> <span class='ocrx_word' id='word_1_220' title='bbox 1205 1929 1307 1971; x_wconf 77' lang='grc' dir='ltr'><em>κατοὶ</em></span> <span class='ocrx_word' id='word_1_221' title='bbox 1336 1929 1408 1982; x_wconf 74' lang='grc' dir='ltr'><strong>τὴν</strong></span> <span class='ocrx_word' id='word_1_222' title='bbox 1435 1928 1608 1981; x_wconf 68' lang='grc' dir='ltr'><em>ἄνθησιν</em></span> <span class='ocrx_word' id='word_1_223' title='bbox 1638 1929 1686 1969; x_wconf 81' lang='grc' dir='ltr'><strong>ἅ·-</strong></span> 
     </span>
     <span class='ocr_line' id='line_1_25' title="bbox 282 1991 1686 2049; baseline 0.001 -16"><span class='ocrx_word' id='word_1_224' title='bbox 282 1991 418 2034; x_wconf 64' lang='lat' dir='ltr'><em>nomia</em></span> <span class='ocrx_word' id='word_1_225' title='bbox 445 1992 495 2033; x_wconf 80' lang='grc' dir='ltr'><strong>τὰ</strong></span> <span class='ocrx_word' id='word_1_226' title='bbox 524 1993 666 2034; x_wconf 82' lang='grc' dir='ltr'><em>πολλά.</em></span> <span class='ocrx_word' id='word_1_227' title='bbox 705 1995 769 2034; x_wconf 80' lang='grc' dir='ltr'><em>καὶ</em></span> <span class='ocrx_word' id='word_1_228' title='bbox 799 1993 895 2035; x_wconf 82' lang='grc' dir='ltr'><em>ὅταν</em></span> <span class='ocrx_word' id='word_1_229' title='bbox 923 1995 1020 2049; x_wconf 83' lang='grc' dir='ltr'><em>πνέῃ</em></span> <span class='ocrx_word' id='word_1_230' title='bbox 1046 1999 1226 2036; x_wconf 83' lang='grc' dir='ltr'><em>τοιοῦτον</em></span> <span class='ocrx_word' id='word_1_231' title='bbox 1253 2001 1343 2035; x_wconf 79' lang='grc' dir='ltr'><em>πνεῖ</em></span> <span class='ocrx_word' id='word_1_232' title='bbox 1364 1993 1546 2046; x_wconf 85' lang='grc' dir='ltr'><em>πόντιον,</em></span> <span class='ocrx_word' id='word_1_233' title='bbox 1585 1993 1606 2035; x_wconf 83' lang='grc' dir='ltr'>ὃ</span> <span class='ocrx_word' id='word_1_234' title='bbox 1635 1997 1686 2048; x_wconf 84' lang='grc' dir='ltr'><strong>τῇ</strong></span> 
     </span>
     <span class='ocr_line' id='line_1_26' title="bbox 282 2055 1685 2115; baseline 0 -16"><span class='ocrx_word' id='word_1_235' title='bbox 282 2057 390 2113; x_wconf 82' lang='grc' dir='ltr'><em>ἅλμῃ</em></span> <span class='ocrx_word' id='word_1_236' title='bbox 418 2063 467 2114; x_wconf 84' lang='grc' dir='ltr'><strong>τῇ</strong></span> <span class='ocrx_word' id='word_1_237' title='bbox 495 2055 755 2115; x_wconf 67' lang='grc' dir='ltr'><em>ἐπιφερομένῃ</em></span> <span class='ocrx_word' id='word_1_238' title='bbox 784 2061 984 2101; x_wconf 76' lang='grc' dir='ltr'><em>κατεσθίει</em></span> <span class='ocrx_word' id='word_1_239' title='bbox 1012 2061 1076 2101; x_wconf 86' lang='grc' dir='ltr'><em>καὶ</em></span> <span class='ocrx_word' id='word_1_240' title='bbox 1098 2061 1323 2112; x_wconf 85' lang='grc' dir='ltr'><em>λυμαίνεται</em></span> <span class='ocrx_word' id='word_1_241' title='bbox 1344 2060 1395 2101; x_wconf 76' lang='grc' dir='ltr'><strong>τὰ</strong></span> <span class='ocrx_word' id='word_1_242' title='bbox 1416 2058 1534 2112; x_wconf 70' lang='grc' dir='ltr'><em>ἄνθη.</em></span> <span class='ocrx_word' id='word_1_243' title='bbox 1563 2063 1685 2099; x_wconf 88' lang='lat' dir='ltr'><strong>Recte</strong></span> 
     </span>
     <span class='ocr_line' id='line_1_27' title="bbox 282 2127 1687 2178; baseline 0 -13"><span class='ocrx_word' id='word_1_244' title='bbox 282 2142 323 2165; x_wconf 84' lang='lat' dir='ltr'><strong>se</strong></span> <span class='ocrx_word' id='word_1_245' title='bbox 340 2127 470 2174; x_wconf 85' lang='lat' dir='ltr'><strong>habet,</strong></span> <span class='ocrx_word' id='word_1_246' title='bbox 499 2128 604 2178; x_wconf 87' lang='lat' dir='ltr'><strong>quod</strong></span> <span class='ocrx_word' id='word_1_247' title='bbox 622 2130 761 2166; x_wconf 85' lang='lat' dir='ltr'><strong>Arist</strong></span> <span class='ocrx_word' id='word_1_248' title='bbox 774 2130 936 2167; x_wconf 89' lang='lat' dir='ltr'><strong>oteles</strong></span> <span class='ocrx_word' id='word_1_249' title='bbox 957 2129 1180 2178; x_wconf 77' lang='lat' dir='ltr'><strong>contendit3</strong></span> <span class='ocrx_word' id='word_1_250' title='bbox 1201 2130 1312 2167; x_wconf 87' lang='lat' dir='ltr'><strong>venti</strong></span> <span class='ocrx_word' id='word_1_251' title='bbox 1329 2129 1433 2166; x_wconf 88' lang='lat' dir='ltr'><strong>enim</strong></span> <span class='ocrx_word' id='word_1_252' title='bbox 1452 2135 1559 2166; x_wconf 84' lang='lat' dir='ltr'><strong>trans</strong></span> <span class='ocrx_word' id='word_1_253' title='bbox 1578 2137 1687 2166; x_wconf 85' lang='lat' dir='ltr'><strong>mare</strong></span> 
     </span>
     <span class='ocr_line' id='line_1_28' title="bbox 282 2194 1686 2246; baseline -0.001 -14"><span class='ocrx_word' id='word_1_254' title='bbox 282 2195 443 2244; x_wconf 88' lang='lat' dir='ltr'><strong>longum</strong></span> <span class='ocrx_word' id='word_1_255' title='bbox 461 2195 538 2232; x_wconf 89' lang='lat' dir='ltr'><strong>iter</strong></span> <span class='ocrx_word' id='word_1_256' title='bbox 557 2195 763 2241; x_wconf 80' lang='lat' dir='ltr'><strong>facientes,</strong></span> <span class='ocrx_word' id='word_1_257' title='bbox 792 2195 879 2232; x_wconf 85' lang='lat' dir='ltr'><strong>salis</strong></span> <span class='ocrx_word' id='word_1_258' title='bbox 898 2196 1106 2246; x_wconf 83' lang='lat' dir='ltr'><strong>particulas</strong></span> <span class='ocrx_word' id='word_1_259' title='bbox 1126 2209 1256 2233; x_wconf 88' lang='lat' dir='ltr'><strong>secum</strong></span> <span class='ocrx_word' id='word_1_260' title='bbox 1278 2196 1385 2234; x_wconf 86' lang='lat' dir='ltr'><strong>ferre</strong></span> <span class='ocrx_word' id='word_1_261' title='bbox 1405 2195 1550 2243; x_wconf 83' lang='lat' dir='ltr'><strong>solent,</strong></span> <span class='ocrx_word' id='word_1_262' title='bbox 1580 2194 1686 2244; x_wconf 83' lang='lat' dir='ltr'><strong>quod</strong></span> 
     </span>
     <span class='ocr_line' id='line_1_29' title="bbox 282 2260 1685 2312; baseline -0.001 -15"><span class='ocrx_word' id='word_1_263' title='bbox 282 2261 324 2297; x_wconf 85' lang='lat' dir='ltr'><strong>in</strong></span> <span class='ocrx_word' id='word_1_264' title='bbox 352 2260 535 2297; x_wconf 84' lang='lat' dir='ltr'><strong>austrinis</strong></span> <span class='ocrx_word' id='word_1_265' title='bbox 560 2260 602 2297; x_wconf 82' lang='lat' dir='ltr'><strong>in</strong></span> <span class='ocrx_word' id='word_1_266' title='bbox 623 2260 788 2298; x_wconf 86' lang='lat' dir='ltr'><strong>Graecia</strong></span> <span class='ocrx_word' id='word_1_267' title='bbox 818 2262 971 2310; x_wconf 80' lang='lat' dir='ltr'><strong>evenit,</strong></span> <span class='ocrx_word' id='word_1_268' title='bbox 1010 2275 1087 2312; x_wconf 88' lang='lat' dir='ltr'><strong>quo</strong></span> <span class='ocrx_word' id='word_1_269' title='bbox 1118 2262 1248 2299; x_wconf 86' lang='lat' dir='ltr'><strong>nescio</strong></span> <span class='ocrx_word' id='word_1_270' title='bbox 1277 2274 1327 2298; x_wconf 84' lang='lat' dir='ltr'><strong>an</strong></span> <span class='ocrx_word' id='word_1_271' title='bbox 1350 2266 1547 2311; x_wconf 83' lang='lat' dir='ltr'><strong>spectent,</strong></span> <span class='ocrx_word' id='word_1_272' title='bbox 1587 2273 1685 2310; x_wconf 82' lang='lat' dir='ltr'><strong>quae</strong></span> 
     </span>
     <span class='ocr_line' id='line_1_30' title="bbox 284 2325 1684 2375; baseline 0 -13"><span class='ocrx_word' id='word_1_273' title='bbox 284 2325 559 2365; x_wconf 82' lang='lat' dir='ltr'><strong>Pausanias</strong></span> <span class='ocrx_word' id='word_1_274' title='bbox 586 2329 637 2375; x_wconf 90' lang='lat' dir='ltr'><strong>H,</strong></span> <span class='ocrx_word' id='word_1_275' title='bbox 660 2327 713 2364; x_wconf 83' lang='lat'><strong>24</strong></span> <span class='ocrx_word' id='word_1_276' title='bbox 736 2327 802 2375; x_wconf 85' lang='lat' dir='ltr'><strong>ait,</strong></span> <span class='ocrx_word' id='word_1_277' title='bbox 832 2326 1013 2365; x_wconf 80' lang='lat' dir='ltr'><strong>Africum</strong></span> <span class='ocrx_word' id='word_1_278' title='bbox 1039 2328 1079 2365; x_wconf 84' lang='lat' dir='ltr'><strong>in</strong></span> <span class='ocrx_word' id='word_1_279' title='bbox 1096 2327 1192 2365; x_wconf 89' lang='lat' dir='ltr'><strong>locis</strong></span> <span class='ocrx_word' id='word_1_280' title='bbox 1209 2327 1311 2364; x_wconf 89' lang='lat' dir='ltr'><strong>circa</strong></span> <span class='ocrx_word' id='word_1_281' title='bbox 1328 2326 1539 2364; x_wconf 86' lang='lat' dir='ltr'><strong>Saronium</strong></span> <span class='ocrx_word' id='word_1_282' title='bbox 1558 2325 1684 2363; x_wconf 88' lang='lat' dir='ltr'><strong>sinum</strong></span> 
     </span>
     <span class='ocr_line' id='line_1_31' title="bbox 283 2390 1686 2443; baseline -0.003 -12"><span class='ocrx_word' id='word_1_283' title='bbox 283 2392 425 2432; x_wconf 84' lang='lat' dir='ltr'><strong>vitium</strong></span> <span class='ocrx_word' id='word_1_284' title='bbox 443 2392 616 2443; x_wconf 79' lang='lat' dir='ltr'><strong>germina</strong></span> <span class='ocrx_word' id='word_1_285' title='bbox 637 2395 818 2432; x_wconf 83' lang='lat' dir='ltr'><strong>adurere.</strong></span> <span class='ocrx_word' id='word_1_286' title='bbox 875 2393 991 2430; x_wconf 85' lang='lat' dir='ltr'><strong>Adde</strong></span> <span class='ocrx_word' id='word_1_287' title='bbox 1008 2390 1145 2430; x_wconf 79' lang='lat' dir='ltr'><strong>Prohl.</strong></span> <span class='ocrx_word' id='word_1_288' title='bbox 1165 2394 1197 2442; x_wconf 91' lang='lat' dir='ltr'><strong>I,</strong></span> <span class='ocrx_word' id='word_1_289' title='bbox 1215 2395 1279 2431; x_wconf 85' lang='lat'><strong>23.</strong></span> <span class='ocrx_word' id='word_1_290' title='bbox 1299 2405 1338 2443; x_wconf 86' lang='lat' dir='ltr'><strong>p.</strong></span> <span class='ocrx_word' id='word_1_291' title='bbox 1357 2396 1451 2442; x_wconf 79' lang='lat'><strong>862,</strong></span> <span class='ocrx_word' id='word_1_292' title='bbox 1471 2405 1505 2429; x_wconf 88' lang='lat' dir='ltr'><strong>a.</strong></span> <span class='ocrx_word' id='word_1_293' title='bbox 1559 2391 1622 2429; x_wconf 89' lang='lat' dir='ltr'><strong>De</strong></span> <span class='ocrx_word' id='word_1_294' title='bbox 1641 2403 1686 2427; x_wconf 89' lang='lat' dir='ltr'><strong>re</strong></span> 
     </span>
     <span class='ocr_line' id='line_1_32' title="bbox 284 2457 1685 2509; baseline -0.002 -12"><span class='ocrx_word' id='word_1_295' title='bbox 284 2457 443 2497; x_wconf 89' lang='lat' dir='ltr'><strong>uberius</strong></span> <span class='ocrx_word' id='word_1_296' title='bbox 474 2457 669 2508; x_wconf 86' lang='lat' dir='ltr'><strong>disputavi</strong></span> <span class='ocrx_word' id='word_1_297' title='bbox 697 2461 870 2497; x_wconf 85' lang='lat' dir='ltr'><strong>Meteor.</strong></span> <span class='ocrx_word' id='word_1_298' title='bbox 889 2466 967 2497; x_wconf 74' lang='lat' dir='ltr'><strong>vet.</strong></span> <span class='ocrx_word' id='word_1_299' title='bbox 988 2461 1018 2508; x_wconf 92' lang='lat' dir='ltr'><strong>I,</strong></span> <span class='ocrx_word' id='word_1_300' title='bbox 1039 2462 1076 2497; x_wconf 89' lang='lat'><strong>3.</strong></span> <span class='ocrx_word' id='word_1_301' title='bbox 1103 2471 1145 2509; x_wconf 87' lang='lat' dir='ltr'><strong>p.</strong></span> <span class='ocrx_word' id='word_1_302' title='bbox 1165 2461 1217 2498; x_wconf 85' lang='lat'><strong>28</strong></span> <span class='ocrx_word' id='word_1_303' title='bbox 1237 2464 1275 2496; x_wconf 87' lang='lat' dir='ltr'><strong>et</strong></span> <span class='ocrx_word' id='word_1_304' title='bbox 1293 2458 1334 2496; x_wconf 89' lang='lat' dir='ltr'><strong>in</strong></span> <span class='ocrx_word' id='word_1_305' title='bbox 1351 2458 1454 2496; x_wconf 90' lang='lat' dir='ltr'><strong>libro</strong></span> <span class='ocrx_word' id='word_1_306' title='bbox 1475 2457 1685 2496; x_wconf 83' lang='lat' dir='ltr'><strong>vernacule</strong></span> 
     </span>
     <span class='ocr_line' id='line_1_33' title="bbox 285 2521 1684 2576; baseline -0.002 -14"><span class='ocrx_word' id='word_1_307' title='bbox 285 2525 526 2575; x_wconf 86' lang='lat' dir='ltr'><strong>conscripto:</strong></span> <span class='ocrx_word' id='word_1_308' title='bbox 577 2524 709 2562; x_wconf 82' lang='lat' dir='ltr'><strong>Ueber</strong></span> <span class='ocrx_word' id='word_1_309' title='bbox 735 2524 812 2562; x_wconf 85' lang='lat' dir='ltr'><strong>den</strong></span> <span class='ocrx_word' id='word_1_310' title='bbox 848 2526 1064 2576; x_wconf 79' lang='lat' dir='ltr'><strong>Ursprung</strong></span> <span class='ocrx_word' id='word_1_311' title='bbox 1100 2524 1172 2561; x_wconf 83' lang='lat' dir='ltr'><strong>der</strong></span> <span class='ocrx_word' id='word_1_312' title='bbox 1205 2521 1478 2574; x_wconf 75' lang='lat' dir='ltr'><strong>Fouerkugeln</strong></span> <span class='ocrx_word' id='word_1_313' title='bbox 1512 2535 1551 2572; x_wconf 91' lang='lat' dir='ltr'><strong>p.</strong></span> <span class='ocrx_word' id='word_1_314' title='bbox 1578 2524 1601 2558; x_wconf 87' lang='lat'><strong>3</strong></span> <span class='ocrx_word' id='word_1_315' title='bbox 1628 2535 1684 2573; x_wconf 83' lang='lat' dir='ltr'><strong>sq.</strong></span> 
     </span>
     <span class='ocr_line' id='line_1_34' title="bbox 284 2584 1684 2639; baseline -0.003 -11"><span class='ocrx_word' id='word_1_316' title='bbox 284 2590 494 2628; x_wconf 84' lang='lat' dir='ltr'><strong>Praeterea</strong></span> <span class='ocrx_word' id='word_1_317' title='bbox 526 2589 581 2627; x_wconf 81' lang='lat' dir='ltr'><strong>ait</strong></span> <span class='ocrx_word' id='word_1_318' title='bbox 616 2590 934 2629; x_wconf 82' lang='lat' dir='ltr'><strong>Aristoteles</strong></span> <span class='ocrx_word' id='word_1_319' title='bbox 971 2587 1023 2629; x_wconf 81' lang='grc' dir='ltr'><strong>τὰ</strong></span> <span class='ocrx_word' id='word_1_320' title='bbox 1057 2585 1170 2629; x_wconf 85' lang='grc' dir='ltr'><em>νότια</em></span> <span class='ocrx_word' id='word_1_321' title='bbox 1207 2584 1337 2627; x_wconf 67' lang='grc' dir='ltr'><em>ὕδατα</em></span> <span class='ocrx_word' id='word_1_322' title='bbox 1362 2585 1411 2627; x_wconf 80' lang='grc' dir='ltr'><strong>τὰ</strong></span> <span class='ocrx_word' id='word_1_323' title='bbox 1438 2587 1576 2639; x_wconf 80' lang='grc' dir='ltr'><em>πρῶτα</em></span> <span class='ocrx_word' id='word_1_324' title='bbox 1605 2589 1684 2625; x_wconf 84' lang='grc' dir='ltr'><strong>τῶν</strong></span> 
     </span>
     <span class='ocr_line' id='line_1_35' title="bbox 285 2653 1683 2707; baseline -0.003 -13"><span class='ocrx_word' id='word_1_325' title='bbox 285 2656 567 2707; x_wconf 75' lang='grc' dir='ltr'><em>μετοπωρινῶν</em></span> <span class='ocrx_word' id='word_1_326' title='bbox 592 2669 689 2695; x_wconf 86' lang='lat' dir='ltr'><strong>esse.</strong></span> <span class='ocrx_word' id='word_1_327' title='bbox 743 2657 874 2695; x_wconf 83' lang='lat' dir='ltr'><strong>Etiam</strong></span> <span class='ocrx_word' id='word_1_328' title='bbox 901 2656 1101 2695; x_wconf 83' lang='lat' dir='ltr'><strong>Plinius</strong></span> <span class='ocrx_word' id='word_1_329' title='bbox 1136 2656 1211 2704; x_wconf 78' lang='lat' dir='ltr'><strong>ait,</strong></span> <span class='ocrx_word' id='word_1_330' title='bbox 1249 2660 1337 2706; x_wconf 88' lang='lat' dir='ltr'><strong>post</strong></span> <span class='ocrx_word' id='word_1_331' title='bbox 1362 2653 1513 2692; x_wconf 88' lang='lat' dir='ltr'><strong>Etesios</strong></span> <span class='ocrx_word' id='word_1_332' title='bbox 1540 2658 1683 2691; x_wconf 79' lang='lat' dir='ltr'><strong>ventos</strong></span> 
     </span>
     <span class='ocr_line' id='line_1_36' title="bbox 287 2715 1684 2773; baseline 0.001 -16"><span class='ocrx_word' id='word_1_333' title='bbox 287 2727 438 2759; x_wconf 81' lang='lat' dir='ltr'><strong>austros</strong></span> <span class='ocrx_word' id='word_1_334' title='bbox 460 2734 541 2760; x_wconf 85' lang='lat' dir='ltr'><strong>esse</strong></span> <span class='ocrx_word' id='word_1_335' title='bbox 556 2721 793 2772; x_wconf 82' lang='lat' dir='ltr'><strong>frequentes,</strong></span> <span class='ocrx_word' id='word_1_336' title='bbox 818 2734 942 2773; x_wconf 78' lang='lat' dir='ltr'><strong>usque</strong></span> <span class='ocrx_word' id='word_1_337' title='bbox 961 2722 1011 2760; x_wconf 77' lang='lat' dir='ltr'><strong>ad</strong></span> <span class='ocrx_word' id='word_1_338' title='bbox 1030 2722 1138 2761; x_wconf 72' lang='lat' dir='ltr'><strong>sidua</strong></span> <span class='ocrx_word' id='word_1_339' title='bbox 1155 2720 1317 2760; x_wconf 87' lang='lat' dir='ltr'><strong>Arcturi</strong></span> <span class='ocrx_word' id='word_1_340' title='bbox 1346 2715 1524 2769; x_wconf 77' lang='lat' dir='ltr'><strong>(Histor.</strong></span> <span class='ocrx_word' id='word_1_341' title='bbox 1544 2725 1684 2756; x_wconf 80' lang='lat' dir='ltr'><strong>natur.</strong></span> 
     </span>
     <span class='ocr_line' id='line_1_37' title="bbox 288 2784 1685 2838; baseline -0.004 -12"><span class='ocrx_word' id='word_1_342' title='bbox 288 2788 336 2836; x_wconf 91' lang='lat'><strong>11,</strong></span> <span class='ocrx_word' id='word_1_343' title='bbox 358 2786 451 2835; x_wconf 78' lang='lat'><strong>47),</strong></span> <span class='ocrx_word' id='word_1_344' title='bbox 478 2786 585 2838; x_wconf 86' lang='lat' dir='ltr'><strong>quod</strong></span> <span class='ocrx_word' id='word_1_345' title='bbox 608 2799 689 2824; x_wconf 88' lang='lat' dir='ltr'><strong>non</strong></span> <span class='ocrx_word' id='word_1_346' title='bbox 707 2785 760 2824; x_wconf 83' lang='lat' dir='ltr'><strong>de</strong></span> <span class='ocrx_word' id='word_1_347' title='bbox 775 2786 887 2825; x_wconf 76' lang='lat' dir='ltr'><strong>Italia</strong></span> <span class='ocrx_word' id='word_1_348' title='bbox 907 2786 1041 2837; x_wconf 79' lang='lat' dir='ltr'><strong>valere</strong></span> <span class='ocrx_word' id='word_1_349' title='bbox 1061 2792 1211 2827; x_wconf 79' lang='lat' dir='ltr'><strong>certum</strong></span> <span class='ocrx_word' id='word_1_350' title='bbox 1231 2790 1307 2832; x_wconf 82' lang='lat' dir='ltr'><strong>est,</strong></span> <span class='ocrx_word' id='word_1_351' title='bbox 1337 2795 1424 2822; x_wconf 85' lang='lat' dir='ltr'><strong>cum</strong></span> <span class='ocrx_word' id='word_1_352' title='bbox 1447 2796 1497 2820; x_wconf 86' lang='lat' dir='ltr'><strong>ex</strong></span> <span class='ocrx_word' id='word_1_353' title='bbox 1525 2784 1685 2822; x_wconf 79' lang='lat' dir='ltr'><strong>Graecis</strong></span> 
     </span>
    </p>
   </div>
  </div>
 </body>
</html>
