1812 3158
310 362 406 406 340
530 369 982 411 COMMENTARIUS
1012 372 1073 411 IN
1095 373 1496 415 METEOROLOG.

308 481 362 519 H.
381 480 434 519 N.
491 476 650 517 Deinde
677 475 946 529 περιείληπται
974 481 1020 519 Ρ.
1057 500 1112 509 -
1159 479 1235 528 εἷς
1271 480 1317 522 τὸ
1348 482 1526 535 περιέχον
1551 483 1722 538 μέγεθος

309 546 397 584 cod.
410 547 457 583 E.
479 544 609 582 nescio
629 555 679 580 an
701 542 822 582 bene:
847 546 969 583 Plat.
993 545 1143 584 Phileb.
1165 547 1279 594 §.21.
1302 551 1417 598 p.35.
1440 550 1502 587 ed.
1518 551 1721 591 Stallb.:

306 608 363 662 μὴ
388 606 515 659 εἰδώς,
547 605 602 654 ὥς
630 604 671 659 y'
694 605 787 653 ἔπος
815 608 946 657 εἰπεῖν,
977 609 1050 656 εἷς
1078 613 1207 651 ταῦτα
1229 610 1391 660 οὐδενὸς
1419 611 1527 661 ἄξιος
1550 613 1640 655 ἔσει.
1669 640 1724 647 -—

308 673 506 727 δρῶμεν
535 670 690 713 δὀὐκ
718 671 769 713 ἐν
798 673 1035 731 τοσούτῳ
1062 676 1280 730 μεγέθει
1312 707 1432 719 .....
1465 676 1723 733 ὑπεροχὴ-ν

307 756 330 780 τ
344 744 408 781 ῶν
439 738 619 793 ὄγκων.
679 741 884 790 Quaedam
907 748 1038 781 tamen
1058 744 1104 782 fit
1122 739 1313 797 ὑπεροχή.
1376 746 1454 784 Ubi
1473 748 1577 785 enim
1598 748 1647 785 de
1661 762 1726 786 ac-

305 808 482 847 cretione
505 803 701 858 (αῧξησις)
731 813 771 844 et
790 807 1016 847 decretione
1037 808 1228 863 (φθίσις)
1256 812 1435 862 loquitur
1463 812 1526 863 (cle
1544 823 1724 864 generat.

304 884 341 912 et
362 876 524 911 interitu
551 874 584 921 I,
609 873 648 911 5.
677 886 718 924 p.
740 877 831 922 321,
853 873 918 926 a),
946 875 1021 913 ait:
1061 872 1164 914 ἀλλὰ
1191 874 1273 928 μὴν
1302 874 1392 917 οὐδ’
1417 875 1545 925 οὕτως
1573 877 1724 929 ἐνδέχε-

304 954 371 979 ται
403 937 524 992 λέγειν
551 937 734 991 γίνεσθαι
761 937 836 992 τὴν
864 937 1029 991 αὔξησιν
1058 941 1123 980 καὶ
1152 939 1225 994 τὴν
1253 943 1418 997 φθίσιν,
1458 942 1590 999 ὥσπερ
1621 943 1719 985 ὅταν

305 1005 348 1054 ἐξ
374 1004 524 1052 ὕδατος
552 1002 644 1057 ἀήρ.
673 1001 763 1045 τότε
791 1004 867 1059 γὰρ
897 1006 1039 1057 μείζων
1068 1003 1089 1047 ὃ
1113 1005 1229 1060 ὄγκος
1255 1009 1421 1062 γέγονεν.
1459 1013 1578 1051 Adde
1601 1014 1720 1063 Phys.

304 1076 536 1111 Auscultat.
561 1071 637 1118 IV,
658 1076 697 1111 7.
728 1086 767 1123 p.
789 1073 883 1121 214,
905 1074 952 1111 b:
984 1073 1049 1112 καὶ
1073 1071 1320 1121 αὐξάνεσθαι
1350 1073 1398 1116 οὗ
1424 1074 1550 1127 μόνον
1580 1076 1723 1117 εἰσιόν-

303 1151 375 1184 τος
401 1135 527 1186 τινός,
565 1134 667 1176 ἀλλὰ
696 1137 761 1176 καὶ
785 1135 1005 1187 ἀλλοιώσει,
1036 1135 1120 1179 οἷον
1145 1141 1179 1181 εἲ
1207 1141 1249 1189 ἐξ
1276 1139 1425 1190 ὓδατος
1451 1143 1596 1195 γίνοιτο
1628 1141 1720 1195 ἀήρ.

305 1225 353 1233 —-
385 1203 539 1257 γίνηται
568 1204 656 1242 cod.
680 1205 734 1242 N.
777 1200 895 1256 λόγον
923 1202 1022 1255 ἔχειν
1047 1207 1209 1245 inverso
1235 1209 1374 1248 ordine
1393 1210 1507 1249 codd.
1526 1213 1574 1249 F.
1594 1212 1647 1249 H.
1668 1212 1721 1249 N.

304 1271 396 1310 edit.
416 1272 526 1310 Cam.
555 1269 600 1309 P.
625 1270 736 1321 sylb.
762 1271 848 1310 cas.
871 1274 965 1323 Bag.
994 1274 1137 1311 vertit:
1168 1277 1330 1312 eandem
1347 1279 1543 1313 rationem
1566 1276 1719 1314 habere.

304 1336 383 1376 Pro
407 1333 453 1376 ὃν
473 1339 521 1375 F.
544 1337 596 1374 H.
619 1337 673 1374 N.
703 1337 895 1387 praebent
917 1334 1026 1377 ὅσον.
1054 1361 1111 1368 -
1151 1335 1197 1377 τὸ
1229 1346 1319 1378 ante
1346 1340 1511 1380 τοσονδί
1533 1343 1721 1381 omittunt

304 1405 358 1443 H.
390 1404 446 1442 N.
505 1403 656 1453 Supple
693 1400 734 1449 ἐξ
763 1394 809 1441 οὗ
841 1401 1118 1458 ὁιακριθέντος
1147 1401 1224 1457 ἀὴρ
1254 1405 1412 1457 γίνεται.
1454 1429 1507 1435 -
1562 1409 1719 1447 Deinde

304 1468 368 1508 καὶ
397 1466 454 1520 μὴ
485 1465 597 1522 ὕδωρ
626 1482 688 1519 pr.
709 1482 812 1507 man.
839 1470 894 1509 N.
926 1492 977 1499 -
1015 1467 1118 1523 πρὸς
1144 1468 1216 1510 τὸν
1243 1469 1374 1511 πάντα
1404 1487 1507 1511 corr.
1534 1475 1605 1522 E.,
1646 1489 1719 1513 ex-

302 1536 442 1574 hibent
459 1536 511 1574 A.
533 1536 643 1574 Cam.
674 1533 738 1572 καὶ
763 1531 809 1573 τὸ
839 1537 919 1574 πᾶν
946 1533 1057 1588 ὕδωρ
1086 1534 1188 1589 πρὸς
1211 1534 1262 1576 τὰ
1281 1535 1412 1578 πάντα
1440 1539 1579 1578 habuit
1608 1544 1718 1592 Bag.

303 1611 341 1640 et
360 1609 444 1640 tota
469 1615 577 1652 aqua
597 1601 657 1638 ad
670 1608 818 1648 totum,
849 1608 889 1640 et
909 1603 964 1640 ita
991 1604 1196 1654 reperitur
1222 1605 1328 1655 apud
1346 1607 1418 1645 Er.
1444 1607 1528 1644 Cas.
1555 1607 1623 1657 qui
1644 1621 1719 1645 no-

303 1675 424 1707 stram
451 1668 688 1718 scripturam
714 1668 755 1705 in
773 1669 950 1719 margine
969 1669 1158 1708 enotavit.
1189 1668 1255 1709 καὶ
1271 1667 1321 1709 τὰ
1341 1668 1472 1710 πάντα
1493 1699 1504 1710 .
1521 1699 1532 1711 .
1549 1699 1557 1710 .
1575 1700 1586 1711 .
1606 1668 1716 1726 ὕδωρ

302 1736 397 1785 legit
415 1736 467 1773 G.
487 1734 557 1772 sed
576 1748 719 1772 verum
742 1735 820 1772 iam
843 1735 961 1774 vidit.

412 1804 451 1840 8.
481 1802 696 1851 Hucusque
724 1814 834 1838 suam
861 1802 912 1839 de
939 1803 1227 1842 elementorum
1257 1810 1394 1843 natura
1423 1811 1462 1843 et
1488 1804 1648 1844 alterius
1674 1805 1717 1844 in

300 1868 470 1905 alterum
505 1867 674 1904 transitu
708 1868 942 1904 sententiam
976 1875 1173 1919 tamquam
1213 1871 1536 1920 agumentationis
1572 1871 1716 1909 funda-

301 1939 479 1971 mentum
507 1932 796 1970 substraverat:
832 1933 910 1969 iam
937 1932 1123 1971 docturus
1147 1935 1313 1973 eandem
1333 1935 1382 1973 de
1399 1949 1565 1986 superae
1584 1937 1716 1986 regio-

300 2000 360 2037 nis
389 2005 528 2037 natura
558 1998 786 2049 opinionem
816 1999 1116 2048 proponendam
1135 2014 1233 2046 esse,
1259 2002 1292 2039 si
1314 2002 1399 2052 quis
1419 2015 1509 2039 cum
1530 2004 1564 2040 E
1578 2015 1715 2052 mpe-

302 2065 451 2103 docle
480 2065 674 2102 elementa
703 2060 963 2114 ἀμετάβλητα
991 2078 1153 2104 censere
1182 2066 1316 2105 vellet.
1387 2068 1478 2117 Qua
1502 2081 1549 2106 re
1581 2069 1714 2119 paucis

300 2132 434 2170 verbis
459 2131 702 2180 defungitur.
760 2131 793 2168 E
808 2130 1093 2180 mpedoclis
1121 2154 1177 2161 —
1201 2132 1234 2170 is
1253 2133 1359 2171 enim
1380 2139 1449 2182 est,
1482 2133 1532 2171 de
1551 2148 1628 2185 quo
1651 2136 1715 2173 lo-

299 2198 454 2249 quitur,
480 2203 524 2234 ut
547 2203 655 2234 recte
674 2196 909 2246 interpretes
928 2197 1075 2246 graeci,
1105 2211 1274 2249 quorum
1293 2200 1417 2238 verba
1436 2200 1714 2252 adscripsimus

300 2277 372 2300 suo
394 2265 493 2311 loco,
521 2276 602 2300 non
621 2262 797 2310 Plato,
829 2262 895 2312 qui
916 2268 1063 2300 tantum
1095 2264 1169 2315 γῆν
1194 2262 1250 2310 εἴς
1277 2278 1314 2303 τι
1342 2262 1496 2305 τούτων
1525 2265 1620 2318 (τῶν
1642 2265 1714 2306 ἄλ-

300 2330 380 2367 λων
400 2326 618 2379 στοιχείων)
640 2323 918 2379 ἀμετάβλητον
936 2330 1098 2379 censuit,
1119 2336 1163 2368 ut
1176 2330 1360 2368 discimus
1381 2345 1432 2369 ex
1445 2334 1553 2370 Plan.
1565 2333 1711 2373 Philos-

300 2395 407 2446 apud
427 2394 691 2434 Plutarch.
715 2396 754 2443 I,
780 2398 844 2433 17.
874 2396 990 2434 Tom.
1010 2397 1080 2436 IV.
1103 2409 1144 2447 p.
1172 2398 1261 2435 554.
1284 2397 1346 2435 ed.
1371 2398 1634 2448 Wyttenb.
1655 2419 1710 2427 --

297 2462 383 2499 Em
397 2461 635 2512 pedoclis
677 2461 765 2499 dico
815 2461 865 2499 de
895 2461 1100 2500 elementis
1136 2464 1370 2501 sententiam
1407 2464 1589 2514 exposuit
1626 2464 1709 2514 ipse

299 2527 624 2566 Aristoteles
652 2527 698 2566 de
718 2534 898 2577 generat.
926 2537 962 2565 et
986 2531 1135 2567 interit.
1168 2530 1232 2579 II,
1266 2533 1288 2567 6
1332 2534 1433 2567 extr.
1464 2528 1524 2566 his
1553 2529 1707 2567 verbis:

298 2593 332 2630 θ
363 2589 522 2643 υμάσειε
551 2589 594 2631 δ’
615 2590 664 2632 ἄν
681 2607 741 2639 τις
767 2595 847 2633 τῶν
876 2590 1070 2645 λεγόντων
1098 2593 1219 2633 πλείω
1244 2590 1331 2637 ἑνὸς
1357 2591 1407 2631 τὰ
1436 2598 1610 2644 στοιχεῖα
1627 2597 1707 2635 τῶν

299 2606 520 2708 σᾶιάτων,
558 2656 659 2698 ὥστε
684 2656 742 2711 μὴ
769 2656 1032 2710 μεταβάλλειν
1060 2658 1117 2705 εἰς
1144 2656 1317 2710 ἄλληλα,
1357 2655 1542 2711 καθάπερ
1565 2657 1707 2710 Ἔμπε-

299 2721 443 2773 δοκλῆς
471 2735 595 2777 φησι,
642 2727 727 2772 πῶς
755 2723 951 2776 ἐνδέχεται
978 2722 1100 2777 λέγειν
1128 2721 1264 2770 αὐτοῖς
1290 2719 1387 2763 εἶναι
1416 2723 1627 2777 συμβλητὰ
1655 2725 1706 2766 τὰ

299 2793 494 2838 στοιχεῖα·
523 2789 651 2830 καίτοι
679 2788 775 2842 λέγει
806 2787 936 2830 οὕτω·
965 2791 1125 2829 ταῦτα
1151 2787 1245 2842 γὰρ
1274 2786 1362 2828 ἴσα
1387 2787 1496 2843 (τὰ)
1524 2788 1702 2842 πάντα,
