1812 3158
437 396 663 438 LIBRUM
690 394 933 436 PRIMUM.
995 392 1116 434 cAP.
1148 393 1225 434 ΠΙ.
1452 381 1548 427 341

103 527 204 567 quse
234 512 285 552 ad
310 512 439 553 verba
461 511 558 552 vide
579 523 683 563 quae
705 508 893 548 disseruit
918 505 1185 548 Iohannes
1214 504 1551 559 Philoponus

101 583 175 622 fol.
202 586 271 629 57,
291 581 316 620 b
339 594 400 633 sq.
441 578 533 634 (ed.
556 578 697 619 Aldin.
729 579 852 617 1527.
880 572 985 629 fot).
1052 576 1250 614 Nostrum
1286 575 1421 614 locum
1457 579 1552 627 post

103 651 412 702 Scipionem
441 647 784 700 Aquilianum
822 644 870 683 de
890 645 1007 695 plac·-
1037 643 1183 694 philos.
1215 650 1310 681 ante
1343 643 1549 682 Aristotel·

102 732 144 771 p.
162 718 242 758 154
255 732 310 770 sq.
331 714 415 772 (ed.
437 716 608 758 Bruck
621 712 698 767 er)
726 712 885 753 abunde
904 712 1094 752 tractavit
1123 713 1150 751 S
1162 717 1215 750 tu
1227 725 1284 750 rz
1312 710 1547 762 Empedocl.

102 787 367 836 Agrigentin.
385 799 426 838 p.
444 789 539 832 182,
568 782 694 824 verba
713 778 866 835 ἀνάγκη
889 807 1010 822 .....
1029 775 1207 834 ὑπῆρχεν
1226 780 1283 819 sic
1302 780 1550 832 interpreta-

103 858 188 893 tus:
224 853 344 903 Quod
360 853 516 892 nullam
535 853 765 891 elementum
787 859 846 889 est
858 853 1065 900 potentius
1093 857 1166 887 aut
1186 847 1427 887 imbecillius
1452 847 1551 886 reli-

103 924 206 974 quis,
234 921 282 959 id
295 934 449 959 necesse
465 929 536 967 est,
568 923 650 958 vim
669 918 818 957 habeat
836 918 895 957 ad
909 932 1048 957 eorum
1067 917 1402 968 magnitudinem,
1423 917 1485 954 ita
1506 923 1552 954 ut

102 1004 174 1028 nec
203 992 336 1027 maius
361 991 415 1026 sit
443 989 526 1027 alio
547 988 687 1037 aliud,
715 1001 797 1026 non
812 989 945 1025 minus
964 1000 1085 1039 quam
1104 988 1141 1023 si
1160 985 1334 1023 alterum
1355 998 1403 1023 ex
1423 986 1551 1023 altero

104 1060 276 1097 oriatur.
333 1059 458 1096 Patet
477 1058 603 1107 igitur
623 1056 672 1093 id
686 1069 806 1106 agere
825 1055 1104 1103 Aristotelem,
1128 1061 1175 1091 ut
1193 1067 1242 1091 ex
1259 1055 1324 1102 iis,
1352 1066 1455 1105 quae
1471 1065 1548 1102 po-

102 1134 242 1164 suerat
271 1125 528 1175 Empedocles
537 1154 551 1172 ,
583 1123 804 1162 absurdam
822 1138 900 1162 esse
925 1125 1013 1161 eius
1037 1123 1278 1160 sententiam
1305 1120 1461 1172 sibique
1486 1133 1552 1158 re-

98 1208 288 1246 pugnare
308 1194 546 1230 demonstret
558 1219 568 1238 ,
592 1199 712 1243 atque
732 1193 832 1231 adeo
852 1193 961 1229 tueri
980 1190 1080 1228 velle
1100 1191 1336 1228 sententiam
1354 1188 1552 1238 Empedo-

102 1265 210 1301 cleae
228 1262 489 1300 contrariam.
523 1259 635 1310 Quid
654 1260 705 1298 sit
723 1256 813 1299 ἴσον
832 1259 1026 1311 explicuit
1044 1257 1308 1297 Aristotel
1321 1268 1370 1295 es
1391 1255 1551 1310 (Meta-

93 1330 218 1382 phys.
242 1331 301 1380 X,
324 1329 377 1382 5)
406 1328 589 1369 laudatus
620 1328 839 1367 sturzio
867 1342 910 1380 p.
935 1330 1037 1366 180:
1078 1324 1164 1365 ἐστὶ
1194 1322 1245 1378 δὴ
1276 1321 1323 1364 τὸ
1352 1321 1461 1375 ἴσον,
1505 1321 1553 1364 τὸ

100 1395 203 1450 μήτε
216 1395 349 1450 μέγα,
379 1393 481 1449 μήτε
509 1392 671 1450 μικρόν,
711 1392 892 1449 πεφυκὸς
921 1393 967 1435 δὲ
994 1392 1098 1448 μέγα
1122 1390 1149 1447 ἢ
1172 1390 1319 1448 μικρὸν
1340 1389 1454 1444 εἶναι,
1486 1391 1553 1432 καὶ

101 1462 318 1506 ἀντίκειται
350 1461 506 1518 ἀμφοῖν
538 1459 594 1511 ὡς
612 1460 822 1518 ἀπόφασις
841 1460 1069 1517 στερητική.
1092 1485 1149 1491 ——
1178 1462 1259 1502 Pro
1283 1458 1415 1516 φήσει,
1445 1461 1554 1514 quod

103 1534 268 1573 exhibet
296 1533 387 1573 cod.
410 1535 466 1573 H.
480 1562 493 1579 ,
524 1547 646 1585 quem
669 1539 828 1571 secutus
850 1539 910 1571 est
940 1533 1080 1571 Bekk
1092 1546 1168 1581 er,
1200 1531 1434 1582 scripsimus
1462 1543 1555 1568 cum

101 1605 151 1643 E.
173 1605 221 1642 F.
244 1612 358 1655 φησι,
387 1602 446 1639 uti
466 1600 616 1639 habent
643 1602 763 1639 etiam
782 1601 836 1639 A.
859 1600 971 1638 cam.
990 1601 1062 1638 Er.
1084 1620 1139 1626 —
1166 1599 1221 1637 N.
1243 1598 1412 1650 praebet
1436 1595 1554 1651 φαίη.

102 1671 230 1709 Recte
247 1683 290 1708 se
307 1669 477 1707 haberet
497 1665 631 1721 φήσει,
660 1668 694 1706 si
714 1667 954 1706 Aristoteles
972 1680 1056 1705 non
1076 1672 1326 1718 compertum
1342 1665 1556 1716 habuisset,

104 1738 189 1776 eius
207 1736 318 1775 modi
337 1736 576 1774 sententiam
591 1735 671 1773 iam
687 1748 735 1773 re
752 1748 852 1773 vera
866 1735 916 1772 ab
929 1734 1178 1786 Empedocle
1189 1735 1438 1787 propositam
1457 1748 1554 1773 esse.

102 1805 310 1856 Deinceps
345 1804 389 1843 S.
418 1808 460 1841 et
475 1803 576 1841 aliae
603 1802 823 1841 nonnullae
852 1802 950 1842 edit.
979 1797 1061 1841 ἶσα.
1084 1824 1140 1831 ——
1169 1797 1274 1841 κατὰ
1300 1799 1378 1855 γὰρ
1406 1802 1555 1841 τοῦτον

102 1869 176 1912 τὸν
204 1868 359 1925 τρόπον
386 1871 551 1910 inverso
571 1870 716 1909 ordine
737 1869 859 1909 habet
875 1871 928 1909 N.
953 1891 999 1899 -
1035 1866 1171 1923 ὥσπερ
1193 1866 1269 1910 κᾶν
1288 1869 1324 1909 εἲ
1348 1869 1456 1909 idem
1481 1875 1553 1919 est,

102 1954 149 1980 ac
177 1940 209 1978 si
241 1939 393 1978 dixerit
423 1933 558 1993 ὥσπερ
591 1933 641 1977 ἂν
671 1936 727 1987 εἴ,
769 1937 915 1990 quibus
949 1937 1002 1977 de
1032 1938 1240 1991 particulis
1269 1938 1344 1978 cfr.
1373 1937 1554 1978 Matth.

106 2010 179 2048 Gr.
194 2020 264 2058 gr.
288 2007 325 2058 §.
349 2008 444 2046 523.

217 2079 256 2115 9.
283 2070 571 2127 διαπορήσαντ’
591 2088 670 2127 pro
691 2071 1022 2129 διαπορήσαντας
1038 2076 1089 2115 F.
1119 2075 1281 2114 Deinde
1299 2071 1351 2115 τὰ
1369 2089 1433 2127 pr.
1447 2087 1551 2112 man.

104 2144 240 2182 omisit
256 2144 312 2183 N.
332 2165 385 2172 —
418 2139 519 2195 λέγω
539 2140 584 2182 δὲ
605 2139 706 2197 ἀέρα
735 2141 802 2183 καὶ
829 2144 923 2197 πῦρ,
954 2143 1102 2182 omisso
1122 2158 1178 2192 τε,
1195 2145 1239 2182 in
1258 2142 1444 2195 plurimis
1467 2141 1557 2179 edi-

104 2210 279 2250 tionibus
300 2211 506 2262 reperitur
524 2213 578 2250 A.
598 2212 708 2251 cam.
731 2212 779 2250 P.
801 2213 874 2250 Er.
897 2212 939 2250 S.
962 2212 1051 2250 Cas.
1078 2234 1136 2240 —
1172 2207 1198 2263 ἡ
1229 2206 1441 2263 θερμότης
1474 2204 1554 2247 ἀπὸ

104 2279 186 2318 τῶν
216 2273 379 2317 ἄνωθεν
407 2273 570 2330 ἄστρων
599 2278 750 2317 dictum
775 2285 835 2317 est
863 2292 938 2330 pro
968 2275 1131 2318 ἄνωθεν
1170 2275 1250 2317 ἀπὸ
1280 2279 1363 2316 τῶν
1392 2272 1477 2314 ἅνω
1506 2270 1556 2314 ὀί-

106 2358 255 2398 στρων.
312 2345 373 2382 Ita
408 2345 726 2397 Xenophon.
761 2345 947 2385 Anabas.
985 2347 1069 2385 VII
1085 2376 1095 2395 ,
1129 2349 1177 2395 7,
1210 2349 1256 2384 3:
1298 2341 1366 2383 ὅδε
1398 2338 1419 2382 ὅ
1451 2339 1554 2396 ἀνὴρ

106 2408 220 2465 παρὰ
249 2407 456 2463 Μηδόκου
495 2408 607 2463 ἥκων
643 2414 716 2452 τοῦ
747 2401 908 2452 ἄνωθεν
936 2409 1160 2463 βασιλέως,
1211 2412 1552 2463 quemadmodum

106 2480 300 2519 exhibent
323 2480 481 2518 codices
512 2480 839 2532 praestantissimi
866 2487 906 2519 et
932 2487 1093 2519 veteres
1117 2479 1340 2528 editiones,
1370 2479 1553 2531 quamvis

107 2547 469 2587 Schneiderus
498 2554 540 2586 et
567 2549 904 2587 Bornemann
933 2549 1007 2586 τοῦ
1038 2544 1122 2587 ἷίνω
1150 2544 1352 2599 βασιλέως
1389 2553 1553 2598 practu-

107 2617 242 2656 lerint.
263 2640 320 2646 -
348 2616 552 2668 Deinceps
567 2614 752 2668 γίνεσθαι
772 2615 828 2654 N.
851 2620 892 2654 et
910 2611 1075 2669 λέγομεν
1092 2630 1170 2669 pro
1193 2613 1367 2669 λέγωμεν
1387 2616 1433 2654 Ε.
1462 2615 1554 2666 qui-

108 2698 200 2723 cum
221 2685 372 2724 faciunt
390 2685 442 2724 A.
462 2685 571 2723 Cam.
593 2686 664 2723 Er.

224 2757 291 2792 10.
336 2748 460 2792 Κατὰ
485 2749 558 2792 τὸν
597 2747 808 2791 ἀνώτατον
846 2745 975 2789 τόπον
1012 2750 1164 2801 Olym
1177 2750 1314 2802 piod.
1352 2751 1425 2790 fol.
1454 2753 1494 2799 7,
1514 2765 1550 2789 a.

110 2833 171 2859 πο
184 2833 208 2873 ρ
220 2833 243 2873 ρ
255 2817 349 2860 ώτε
363 2834 418 2873 ρο
433 2834 453 2866 ς
480 2822 528 2860 F.
550 2820 602 2859 H.
621 2826 663 2858 et
679 2820 787 2858 inter
809 2818 939 2857 editos
956 2819 1003 2857 P.
1024 2818 1137 2870 Sylb.
1157 2818 1244 2858 Cas.
1273 2819 1405 2859 Male:
1433 2832 1552 2871 saepe

111 2888 218 2927 enim
238 2887 429 2928 adverbia
450 2895 490 2927 et
507 2888 704 2928 adiectiva
728 2887 806 2926 hoc
826 2885 946 2925 modo
969 2885 1076 2939 apud
1099 2886 1452 2926 Aristotelem
1481 2899 1552 2925 co-
