<?xml version="1.0" encoding="UTF-8"?>
<!DOCTYPE html PUBLIC "-//W3C//DTD XHTML 1.0 Transitional//EN"
    "http://www.w3.org/TR/xhtml1/DTD/xhtml1-transitional.dtd">
<html xmlns="http://www.w3.org/1999/xhtml" xml:lang="en" lang="en">
 <head>
  <title>
</title>
<meta http-equiv="Content-Type" content="text/html;charset=utf-8" />
  <meta name='ocr-system' content='tesseract 3.04.00' />
  <meta name='ocr-capabilities' content='ocr_page ocr_carea ocr_par ocr_line ocrx_word'/>
</head>
<body>
  <div class='ocr_page' id='page_1' title='image "./meteorologicorum01arisuoft_0596.png"; bbox 0 0 1774 3198; ppageno 0'>
   <div class='ocr_carea' id='block_1_1' title="bbox 338 364 355 373">
    <p class='ocr_par' dir='ltr' id='par_1_1' title="bbox 338 364 355 373">
     <span class='ocr_line' id='line_1_1' title="bbox 338 364 355 373; baseline 0 0"><span class='ocrx_word' id='word_1_1' title='bbox 338 364 355 373; x_wconf 67' lang='grc' dir='ltr'><strong><em>-ν</em></strong></span> 
     </span>
    </p>
   </div>
   <div class='ocr_carea' id='block_1_2' title="bbox 301 363 1471 413">
    <p class='ocr_par' dir='ltr' id='par_1_2' title="bbox 301 363 1471 413">
     <span class='ocr_line' id='line_1_2' title="bbox 301 363 1471 413; baseline 0.006 -7"><span class='ocrx_word' id='word_1_2' title='bbox 301 363 393 406; x_wconf 70' lang='grc' dir='ltr'><strong>5υῦ</strong></span> <span class='ocrx_word' id='word_1_3' title='bbox 512 367 955 408; x_wconf 82' lang='lat' dir='ltr'><strong>COMMENTARIUS</strong></span> <span class='ocrx_word' id='word_1_4' title='bbox 985 369 1043 408; x_wconf 90' lang='lat' dir='ltr'><strong>IN</strong></span> <span class='ocrx_word' id='word_1_5' title='bbox 1070 371 1471 413; x_wconf 85' lang='lat' dir='ltr'><strong>METEOROLOG.</strong></span> 
     </span>
    </p>
   </div>
   <div class='ocr_carea' id='block_1_3' title="bbox 241 473 1692 2843">
    <p class='ocr_par' dir='ltr' id='par_1_3' title="bbox 296 473 1689 717">
     <span class='ocr_line' id='line_1_3' title="bbox 300 473 1687 526; baseline 0 -5"><span class='ocrx_word' id='word_1_6' title='bbox 300 480 341 521; x_wconf 75' lang='grc' dir='ltr'><strong>ἓν</strong></span> <span class='ocrx_word' id='word_1_7' title='bbox 358 484 441 526; x_wconf 77' lang='grc' dir='ltr'><strong><em>τοῖς</em></strong></span> <span class='ocrx_word' id='word_1_8' title='bbox 457 476 594 523; x_wconf 82' lang='grc' dir='ltr'><strong><em>τόποις</em></strong></span> <span class='ocrx_word' id='word_1_9' title='bbox 619 473 775 523; x_wconf 72' lang='grc' dir='ltr'><strong><em>τούτοις</em></strong></span> <span class='ocrx_word' id='word_1_10' title='bbox 802 478 961 517; x_wconf 79' lang='lat' dir='ltr'><strong>inverso</strong></span> <span class='ocrx_word' id='word_1_11' title='bbox 990 479 1129 518; x_wconf 85' lang='lat' dir='ltr'><strong>ordine</strong></span> <span class='ocrx_word' id='word_1_12' title='bbox 1157 479 1206 520; x_wconf 87' lang='lat' dir='ltr'><strong>A.</strong></span> <span class='ocrx_word' id='word_1_13' title='bbox 1227 480 1335 518; x_wconf 74' lang='lat' dir='ltr'><strong>Cam.</strong></span> <span class='ocrx_word' id='word_1_14' title='bbox 1359 481 1411 524; x_wconf 62' lang='lat' dir='ltr'><strong>P.</strong></span> <span class='ocrx_word' id='word_1_15' title='bbox 1426 482 1465 520; x_wconf 91' lang='lat' dir='ltr'><strong>S.</strong></span> <span class='ocrx_word' id='word_1_16' title='bbox 1475 482 1562 521; x_wconf 86' lang='lat' dir='ltr'><strong>Cas.</strong></span> <span class='ocrx_word' id='word_1_17' title='bbox 1574 483 1687 521; x_wconf 77' lang='lat' dir='ltr'><strong>Alex.</strong></span> 
     </span>
     <span class='ocr_line' id='line_1_4' title="bbox 296 541 1689 598; baseline 0 -12"><span class='ocrx_word' id='word_1_18' title='bbox 296 549 367 587; x_wconf 86' lang='lat' dir='ltr'><strong>fol.</strong></span> <span class='ocrx_word' id='word_1_19' title='bbox 382 550 446 591; x_wconf 88' lang='lat'><strong>99,</strong></span> <span class='ocrx_word' id='word_1_20' title='bbox 458 546 496 582; x_wconf 92' lang='lat' dir='ltr'><strong>b.</strong></span> <span class='ocrx_word' id='word_1_21' title='bbox 509 566 563 573; x_wconf 94' lang='lat'>—</span> <span class='ocrx_word' id='word_1_22' title='bbox 580 546 680 582; x_wconf 85' lang='lat' dir='ltr'><strong>Mox</strong></span> <span class='ocrx_word' id='word_1_23' title='bbox 698 544 841 582; x_wconf 85' lang='lat' dir='ltr'><strong>iterum</strong></span> <span class='ocrx_word' id='word_1_24' title='bbox 855 551 1002 583; x_wconf 82' lang='lat' dir='ltr'><strong>mutato</strong></span> <span class='ocrx_word' id='word_1_25' title='bbox 1022 543 1162 584; x_wconf 86' lang='lat' dir='ltr'><strong>ordi&#39;ne</strong></span> <span class='ocrx_word' id='word_1_26' title='bbox 1180 541 1262 597; x_wconf 72' lang='grc' dir='ltr'><strong>ἣγῆ</strong></span> <span class='ocrx_word' id='word_1_27' title='bbox 1283 542 1392 598; x_wconf 71' lang='grc' dir='ltr'><strong><em>ὕδωρ</em></strong></span> <span class='ocrx_word' id='word_1_28' title='bbox 1412 546 1571 585; x_wconf 82' lang='lat' dir='ltr'><strong>exhibet</strong></span> <span class='ocrx_word' id='word_1_29' title='bbox 1582 550 1689 588; x_wconf 87' lang='lat' dir='ltr'><strong>F.—-</strong></span> 
     </span>
     <span class='ocr_line' id='line_1_5' title="bbox 298 604 1688 663; baseline 0 -12"><span class='ocrx_word' id='word_1_30' title='bbox 298 609 512 663; x_wconf 71' lang='grc' dir='ltr'><em>ἀναγκαίαν</em></span> <span class='ocrx_word' id='word_1_31' title='bbox 531 623 605 660; x_wconf 87' lang='lat' dir='ltr'><strong>pro</strong></span> <span class='ocrx_word' id='word_1_32' title='bbox 627 606 836 660; x_wconf 72' lang='grc' dir='ltr'><strong><em>ἀναγκαῖον</em></strong></span> <span class='ocrx_word' id='word_1_33' title='bbox 852 612 1014 661; x_wconf 83' lang='lat' dir='ltr'><strong>praebet</strong></span> <span class='ocrx_word' id='word_1_34' title='bbox 1031 614 1075 650; x_wconf 93' lang='lat' dir='ltr'><strong>E.</strong></span> <span class='ocrx_word' id='word_1_35' title='bbox 1094 632 1150 640; x_wconf 94' lang='lat'>—</span> <span class='ocrx_word' id='word_1_36' title='bbox 1177 605 1247 651; x_wconf 72' lang='grc' dir='ltr'><strong>οὗν</strong></span> <span class='ocrx_word' id='word_1_37' title='bbox 1274 611 1339 651; x_wconf 86' lang='grc' dir='ltr'><strong>καὶ</strong></span> <span class='ocrx_word' id='word_1_38' title='bbox 1367 625 1440 663; x_wconf 85' lang='lat' dir='ltr'><strong>pro</strong></span> <span class='ocrx_word' id='word_1_39' title='bbox 1463 604 1532 651; x_wconf 72' lang='grc' dir='ltr'><strong><em>σ’ὗν</em></strong></span> <span class='ocrx_word' id='word_1_40' title='bbox 1553 610 1600 651; x_wconf 73' lang='grc' dir='ltr'><strong>ἄν</strong></span> <span class='ocrx_word' id='word_1_41' title='bbox 1619 613 1688 651; x_wconf 85' lang='lat' dir='ltr'><strong>ha-</strong></span> 
     </span>
     <span class='ocr_line' id='line_1_6' title="bbox 296 667 1246 717; baseline 0.001 -1"><span class='ocrx_word' id='word_1_42' title='bbox 296 679 362 717; x_wconf 84' lang='lat' dir='ltr'><strong>bct</strong></span> <span class='ocrx_word' id='word_1_43' title='bbox 382 679 427 715; x_wconf 80' lang='lat' dir='ltr'><strong>F.</strong></span> <span class='ocrx_word' id='word_1_44' title='bbox 454 699 497 704; x_wconf 85' lang='lat'><strong>—-</strong></span> <span class='ocrx_word' id='word_1_45' title='bbox 531 672 578 714; x_wconf 80' lang='grc' dir='ltr'><strong>ἂν</strong></span> <span class='ocrx_word' id='word_1_46' title='bbox 599 667 669 714; x_wconf 70' lang='grc' dir='ltr'><strong>οὖν</strong></span> <span class='ocrx_word' id='word_1_47' title='bbox 688 676 737 713; x_wconf 87' lang='grc' dir='ltr'><strong>Α.</strong></span> <span class='ocrx_word' id='word_1_48' title='bbox 761 677 871 715; x_wconf 84' lang='lat' dir='ltr'><strong>Cam.</strong></span> <span class='ocrx_word' id='word_1_49' title='bbox 894 678 937 716; x_wconf 92' lang='lat' dir='ltr'><strong>P.</strong></span> <span class='ocrx_word' id='word_1_50' title='bbox 961 679 999 716; x_wconf 89' lang='lat' dir='ltr'><strong>S.</strong></span> <span class='ocrx_word' id='word_1_51' title='bbox 1022 679 1109 717; x_wconf 82' lang='lat' dir='ltr'><strong>Cas.</strong></span> <span class='ocrx_word' id='word_1_52' title='bbox 1128 678 1246 717; x_wconf 83' lang='lat' dir='ltr'><strong>Alex.</strong></span> 
     </span>
    </p>

    <p class='ocr_par' dir='ltr' id='par_1_4' title="bbox 293 738 1690 991">
     <span class='ocr_line' id='line_1_7' title="bbox 404 738 1690 795; baseline 0.001 -13"><span class='ocrx_word' id='word_1_53' title='bbox 404 747 471 782; x_wconf 81' lang='grc'><strong>23.</strong></span> <span class='ocrx_word' id='word_1_54' title='bbox 501 742 636 779; x_wconf 88' lang='lat' dir='ltr'><strong>Verba</strong></span> <span class='ocrx_word' id='word_1_55' title='bbox 659 738 737 779; x_wconf 77' lang='grc' dir='ltr'><strong><em>ἀπὸ</em></strong></span> <span class='ocrx_word' id='word_1_56' title='bbox 765 743 835 792; x_wconf 72' lang='grc' dir='ltr'><strong>τῆς</strong></span> <span class='ocrx_word' id='word_1_57' title='bbox 863 744 1007 781; x_wconf 83' lang='lat' dir='ltr'><strong>omittit</strong></span> <span class='ocrx_word' id='word_1_58' title='bbox 1033 746 1078 782; x_wconf 89' lang='lat' dir='ltr'><strong>E.</strong></span> <span class='ocrx_word' id='word_1_59' title='bbox 1097 765 1152 785; x_wconf 71' lang='lat' dir='ltr'><strong>—s-</strong></span> <span class='ocrx_word' id='word_1_60' title='bbox 1181 742 1311 783; x_wconf 80' lang='grc' dir='ltr'><strong><em>αὗτῶν</em></strong></span> <span class='ocrx_word' id='word_1_61' title='bbox 1331 741 1424 795; x_wconf 78' lang='grc' dir='ltr'><strong><em>λοξή</em></strong></span> <span class='ocrx_word' id='word_1_62' title='bbox 1442 745 1600 784; x_wconf 86' lang='lat' dir='ltr'><strong>inverso</strong></span> <span class='ocrx_word' id='word_1_63' title='bbox 1623 759 1690 783; x_wconf 79' lang='lat'><strong>01·—</strong></span> 
     </span>
     <span class='ocr_line' id='line_1_8' title="bbox 297 806 1687 862; baseline 0 -14"><span class='ocrx_word' id='word_1_64' title='bbox 297 810 387 848; x_wconf 86' lang='lat' dir='ltr'><strong>dine</strong></span> <span class='ocrx_word' id='word_1_65' title='bbox 411 809 529 846; x_wconf 83' lang='lat' dir='ltr'><strong>habet</strong></span> <span class='ocrx_word' id='word_1_66' title='bbox 548 810 594 846; x_wconf 81' lang='lat' dir='ltr'><strong>F.</strong></span> <span class='ocrx_word' id='word_1_67' title='bbox 621 829 666 835; x_wconf 89' lang='lat'>—</span> <span class='ocrx_word' id='word_1_68' title='bbox 704 808 796 845; x_wconf 84' lang='lat' dir='ltr'>Post</span> <span class='ocrx_word' id='word_1_69' title='bbox 824 806 1005 848; x_wconf 72' lang='grc' dir='ltr'><strong><em>πνέουσιν</em></strong></span> <span class='ocrx_word' id='word_1_70' title='bbox 1033 810 1141 848; x_wconf 81' lang='lat' dir='ltr'><strong>addit</strong></span> <span class='ocrx_word' id='word_1_71' title='bbox 1170 809 1207 849; x_wconf 80' lang='grc' dir='ltr'><strong>οἶ</strong></span> <span class='ocrx_word' id='word_1_72' title='bbox 1236 807 1370 861; x_wconf 70' lang='grc' dir='ltr'><strong><em>ἄνεμοι</em></strong></span> <span class='ocrx_word' id='word_1_73' title='bbox 1399 811 1687 862; x_wconf 86' lang='lat' dir='ltr'><strong>Olympiod.</strong></span> 
     </span>
     <span class='ocr_line' id='line_1_9' title="bbox 295 870 1688 928; baseline -0.001 -13"><span class='ocrx_word' id='word_1_74' title='bbox 295 878 362 916; x_wconf 84' lang='lat' dir='ltr'><strong>sol.</strong></span> <span class='ocrx_word' id='word_1_75' title='bbox 382 880 495 923; x_wconf 77' lang='lat' dir='ltr'><strong>39‚a.</strong></span> <span class='ocrx_word' id='word_1_76' title='bbox 525 896 579 902; x_wconf 87' lang='lat'><strong>-—</strong></span> <span class='ocrx_word' id='word_1_77' title='bbox 611 870 670 912; x_wconf 83' lang='grc' dir='ltr'><strong>ὅτι</strong></span> <span class='ocrx_word' id='word_1_78' title='bbox 703 871 750 925; x_wconf 68' lang='grc' dir='ltr'><strong>δὴ</strong></span> <span class='ocrx_word' id='word_1_79' title='bbox 782 876 859 920; x_wconf 84' lang='grc' dir='ltr'><strong><em>πᾶς</em></strong></span> <span class='ocrx_word' id='word_1_80' title='bbox 886 875 1018 914; x_wconf 84' lang='lat' dir='ltr'><strong>addito</strong></span> <span class='ocrx_word' id='word_1_81' title='bbox 1050 874 1100 928; x_wconf 77' lang='grc' dir='ltr'><strong>δή</strong></span> <span class='ocrx_word' id='word_1_82' title='bbox 1129 879 1175 915; x_wconf 89' lang='lat' dir='ltr'><strong>F.</strong></span> <span class='ocrx_word' id='word_1_83' title='bbox 1194 878 1248 915; x_wconf 90' lang='lat' dir='ltr'><strong>H.</strong></span> <span class='ocrx_word' id='word_1_84' title='bbox 1273 877 1327 916; x_wconf 94' lang='lat' dir='ltr'><strong>N.</strong></span> <span class='ocrx_word' id='word_1_85' title='bbox 1358 897 1410 906; x_wconf 90' lang='lat'>—</span> <span class='ocrx_word' id='word_1_86' title='bbox 1449 880 1512 916; x_wconf 93' lang='lat' dir='ltr'><strong>De</strong></span> <span class='ocrx_word' id='word_1_87' title='bbox 1539 891 1584 915; x_wconf 80' lang='lat' dir='ltr'><strong>re</strong></span> <span class='ocrx_word' id='word_1_88' title='bbox 1617 879 1688 916; x_wconf 82' lang='lat' dir='ltr'><strong>cfr.</strong></span> 
     </span>
     <span class='ocr_line' id='line_1_10' title="bbox 293 944 562 991; baseline -0.015 -9"><span class='ocrx_word' id='word_1_89' title='bbox 293 944 344 982; x_wconf 80' lang='lat' dir='ltr'><strong>ad</strong></span> <span class='ocrx_word' id='word_1_90' title='bbox 367 945 405 990; x_wconf 89' lang='grc' dir='ltr'><strong>Ι,</strong></span> <span class='ocrx_word' id='word_1_91' title='bbox 429 947 475 991; x_wconf 85' lang='grc'><strong>3,</strong></span> <span class='ocrx_word' id='word_1_92' title='bbox 501 945 562 979; x_wconf 87' lang='grc'><strong>16.</strong></span> 
     </span>
    </p>

    <p class='ocr_par' dir='ltr' id='par_1_5' title="bbox 293 999 1691 1586">
     <span class='ocr_line' id='line_1_11' title="bbox 405 999 1687 1060; baseline 0 -14"><span class='ocrx_word' id='word_1_93' title='bbox 405 1008 470 1047; x_wconf 79' lang='grc'><strong>24.</strong></span> <span class='ocrx_word' id='word_1_94' title='bbox 511 1008 582 1046; x_wconf 78' lang='grc' dir='ltr'><strong>τοῦ</strong></span> <span class='ocrx_word' id='word_1_95' title='bbox 611 1001 832 1057; x_wconf 64' lang='grc' dir='ltr'><strong><em>πνεύματος</em></strong></span> <span class='ocrx_word' id='word_1_96' title='bbox 854 999 944 1059; x_wconf 54' lang='grc' dir='ltr'><strong><em>ῬΙ-ο</em></strong></span> <span class='ocrx_word' id='word_1_97' title='bbox 982 1009 1062 1046; x_wconf 82' lang='grc' dir='ltr'><strong>τῶν</strong></span> <span class='ocrx_word' id='word_1_98' title='bbox 1102 1005 1335 1059; x_wconf 75' lang='grc' dir='ltr'><em>πνευμάτων</em></span> <span class='ocrx_word' id='word_1_99' title='bbox 1371 1008 1456 1049; x_wconf 69' lang='grc' dir='ltr'><strong>ἔστί</strong></span> <span class='ocrx_word' id='word_1_100' title='bbox 1491 1011 1637 1060; x_wconf 85' lang='lat' dir='ltr'><strong>Olym</strong></span> <span class='ocrx_word' id='word_1_101' title='bbox 1649 1023 1687 1060; x_wconf 86' lang='lat' dir='ltr'><strong>p.</strong></span> 
     </span>
     <span class='ocr_line' id='line_1_12' title="bbox 295 1069 1686 1125; baseline -0.001 -12"><span class='ocrx_word' id='word_1_102' title='bbox 295 1076 364 1115; x_wconf 80' lang='lat' dir='ltr'><strong>fol.</strong></span> <span class='ocrx_word' id='word_1_103' title='bbox 395 1080 465 1121; x_wconf 84' lang='lat'><strong>39,</strong></span> <span class='ocrx_word' id='word_1_104' title='bbox 496 1075 532 1112; x_wconf 89' lang='lat' dir='ltr'><strong>b.</strong></span> <span class='ocrx_word' id='word_1_105' title='bbox 563 1094 616 1100; x_wconf 90' lang='lat'>—</span> <span class='ocrx_word' id='word_1_106' title='bbox 656 1069 677 1110; x_wconf 83' lang='grc' dir='ltr'>ὅ</span> <span class='ocrx_word' id='word_1_107' title='bbox 706 1069 747 1111; x_wconf 77' lang='grc' dir='ltr'><strong>τ’</strong></span> <span class='ocrx_word' id='word_1_108' title='bbox 773 1071 850 1125; x_wconf 60' lang='grc' dir='ltr'><strong>ἀὴρ</strong></span> <span class='ocrx_word' id='word_1_109' title='bbox 883 1073 1068 1125; x_wconf 73' lang='grc' dir='ltr'><strong>ἐπίδηλος</strong></span> <span class='ocrx_word' id='word_1_110' title='bbox 1103 1088 1178 1125; x_wconf 89' lang='lat' dir='ltr'><strong>pro</strong></span> <span class='ocrx_word' id='word_1_111' title='bbox 1207 1071 1227 1114; x_wconf 80' lang='grc' dir='ltr'><em>ὖ</em></span> <span class='ocrx_word' id='word_1_112' title='bbox 1252 1073 1293 1113; x_wconf 73' lang='grc' dir='ltr'><strong>δ’</strong></span> <span class='ocrx_word' id='word_1_113' title='bbox 1327 1076 1381 1114; x_wconf 90' lang='grc' dir='ltr'><strong>Η.</strong></span> <span class='ocrx_word' id='word_1_114' title='bbox 1411 1076 1465 1114; x_wconf 88' lang='grc' dir='ltr'><strong>Ν.</strong></span> <span class='ocrx_word' id='word_1_115' title='bbox 1498 1077 1548 1114; x_wconf 95' lang='grc' dir='ltr'><strong>Α.</strong></span> <span class='ocrx_word' id='word_1_116' title='bbox 1577 1075 1686 1113; x_wconf 81' lang='lat' dir='ltr'><strong>Cam.</strong></span> 
     </span>
     <span class='ocr_line' id='line_1_13' title="bbox 293 1136 1689 1193; baseline -0.002 -13"><span class='ocrx_word' id='word_1_117' title='bbox 293 1141 488 1192; x_wconf 84' lang='lat' dir='ltr'><strong>Equidem</strong></span> <span class='ocrx_word' id='word_1_118' title='bbox 524 1139 772 1176; x_wconf 84' lang='lat' dir='ltr'><strong>scribendum</strong></span> <span class='ocrx_word' id='word_1_119' title='bbox 802 1154 960 1178; x_wconf 87' lang='lat' dir='ltr'><strong>censeo:</strong></span> <span class='ocrx_word' id='word_1_120' title='bbox 1004 1136 1028 1190; x_wconf 71' lang='grc' dir='ltr'><em>ἣ</em></span> <span class='ocrx_word' id='word_1_121' title='bbox 1055 1138 1128 1189; x_wconf 75' lang='grc' dir='ltr'><strong>μὲν</strong></span> <span class='ocrx_word' id='word_1_122' title='bbox 1155 1139 1229 1192; x_wconf 76' lang='grc' dir='ltr'><strong><em>γὰρ</em></strong></span> <span class='ocrx_word' id='word_1_123' title='bbox 1259 1140 1407 1193; x_wconf 83' lang='grc' dir='ltr'><strong><em>κίνησις</em></strong></span> <span class='ocrx_word' id='word_1_124' title='bbox 1442 1138 1598 1180; x_wconf 71' lang='grc' dir='ltr'><strong><em>ἄνωθεν</em></strong></span> <span class='ocrx_word' id='word_1_125' title='bbox 1625 1139 1689 1179; x_wconf 83' lang='grc' dir='ltr'><strong>καὶ</strong></span> 
     </span>
     <span class='ocr_line' id='line_1_14' title="bbox 294 1200 1691 1260; baseline -0.001 -15"><span class='ocrx_word' id='word_1_126' title='bbox 294 1206 386 1259; x_wconf 80' lang='grc' dir='ltr'><strong><em>πρὶν</em></strong></span> <span class='ocrx_word' id='word_1_127' title='bbox 416 1209 522 1243; x_wconf 73' lang='grc' dir='ltr'><strong><em>πνεῖν</em></strong></span> <span class='ocrx_word' id='word_1_128' title='bbox 552 1200 572 1242; x_wconf 84' lang='grc' dir='ltr'><em>ὃ</em></span> <span class='ocrx_word' id='word_1_129' title='bbox 603 1201 679 1255; x_wconf 67' lang='grc' dir='ltr'><strong>ἀὴρ</strong></span> <span class='ocrx_word' id='word_1_130' title='bbox 711 1203 894 1255; x_wconf 72' lang='grc' dir='ltr'><strong><em>ἐπίδηλος</em></strong></span> <span class='ocrx_word' id='word_1_131' title='bbox 923 1204 1078 1256; x_wconf 71' lang='grc' dir='ltr'><strong><em>γίνεται,</em></strong></span> <span class='ocrx_word' id='word_1_132' title='bbox 1110 1203 1182 1244; x_wconf 77' lang='grc' dir='ltr'><strong>κᾶν</strong></span> <span class='ocrx_word' id='word_1_133' title='bbox 1206 1200 1368 1260; x_wconf 79' lang='grc' dir='ltr'><strong><em>ᾖνέφος</em></strong></span> <span class='ocrx_word' id='word_1_134' title='bbox 1385 1204 1409 1258; x_wconf 77' lang='grc' dir='ltr'><strong><em>ἢ</em></strong></span> <span class='ocrx_word' id='word_1_135' title='bbox 1429 1205 1550 1257; x_wconf 79' lang='grc' dir='ltr'><strong><em>ἀχλύς</em></strong></span> <span class='ocrx_word' id='word_1_136' title='bbox 1576 1214 1691 1258; x_wconf 83' lang='lat' dir='ltr'><strong>atque</strong></span> 
     </span>
     <span class='ocr_line' id='line_1_15' title="bbox 294 1270 1690 1320; baseline -0.001 -9"><span class='ocrx_word' id='word_1_137' title='bbox 294 1276 348 1311; x_wconf 81' lang='lat' dir='ltr'><strong>ita</strong></span> <span class='ocrx_word' id='word_1_138' title='bbox 364 1274 477 1310; x_wconf 86' lang='lat' dir='ltr'><strong>ctiam</strong></span> <span class='ocrx_word' id='word_1_139' title='bbox 498 1271 633 1320; x_wconf 81' lang='lat' dir='ltr'><strong>legisse</strong></span> <span class='ocrx_word' id='word_1_140' title='bbox 653 1270 814 1308; x_wconf 82' lang='lat' dir='ltr'><strong>videtur</strong></span> <span class='ocrx_word' id='word_1_141' title='bbox 837 1272 1234 1319; x_wconf 80' lang='lat' dir='ltr'><strong>Vicomercatus‚</strong></span> <span class='ocrx_word' id='word_1_142' title='bbox 1265 1287 1354 1310; x_wconf 80' lang='lat' dir='ltr'><strong>curn</strong></span> <span class='ocrx_word' id='word_1_143' title='bbox 1375 1280 1522 1312; x_wconf 83' lang='lat' dir='ltr'><strong>vertat:</strong></span> <span class='ocrx_word' id='word_1_144' title='bbox 1551 1276 1690 1311; x_wconf 79' lang='lat' dir='ltr'><em>Motus</em></span> 
     </span>
     <span class='ocr_line' id='line_1_16' title="bbox 297 1339 1691 1387; baseline -0.001 -11"><span class='ocrx_word' id='word_1_145' title='bbox 297 1342 403 1377; x_wconf 82' lang='lat' dir='ltr'><strong>enim</strong></span> <span class='ocrx_word' id='word_1_146' title='bbox 425 1352 444 1374; x_wconf 90' lang='lat' dir='ltr'><strong>e</strong></span> <span class='ocrx_word' id='word_1_147' title='bbox 462 1350 606 1385; x_wconf 77' lang='lat' dir='ltr'><strong>supero</strong></span> <span class='ocrx_word' id='word_1_148' title='bbox 633 1344 692 1373; x_wconf 72' lang='lat' dir='ltr'><strong>eet</strong></span> <span class='ocrx_word' id='word_1_149' title='bbox 714 1344 753 1372; x_wconf 83' lang='lat' dir='ltr'><strong>et</strong></span> <span class='ocrx_word' id='word_1_150' title='bbox 771 1344 992 1387; x_wconf 76' lang='lat' dir='ltr'><em>antequam</em></span> <span class='ocrx_word' id='word_1_151' title='bbox 1017 1339 1172 1386; x_wconf 71' lang='lat' dir='ltr'><strong>spirent</strong></span> <span class='ocrx_word' id='word_1_152' title='bbox 1194 1339 1426 1375; x_wconf 77' lang='lat' dir='ltr'><strong>illu-stratur</strong></span> <span class='ocrx_word' id='word_1_153' title='bbox 1453 1339 1535 1387; x_wconf 67' lang='grc' dir='ltr'><strong><em>αἰέν,</em></strong></span> <span class='ocrx_word' id='word_1_154' title='bbox 1562 1341 1691 1375; x_wconf 78' lang='lat' dir='ltr'><strong>etiam</strong></span> 
     </span>
     <span class='ocr_line' id='line_1_17' title="bbox 293 1401 1691 1455; baseline -0.001 -13"><span class='ocrx_word' id='word_1_155' title='bbox 293 1408 330 1442; x_wconf 81' lang='lat' dir='ltr'><strong>si</strong></span> <span class='ocrx_word' id='word_1_156' title='bbox 351 1403 509 1442; x_wconf 70' lang='lat' dir='ltr'><strong>nubilus</strong></span> <span class='ocrx_word' id='word_1_157' title='bbox 530 1409 600 1439; x_wconf 82' lang='lat' dir='ltr'><strong>aut</strong></span> <span class='ocrx_word' id='word_1_158' title='bbox 618 1402 871 1451; x_wconf 60' lang='lat' dir='ltr'><strong>ealigine-ms</strong></span> <span class='ocrx_word' id='word_1_159' title='bbox 881 1401 1033 1455; x_wconf 72' lang='lat' dir='ltr'><strong>fuerit.</strong></span> <span class='ocrx_word' id='word_1_160' title='bbox 1088 1403 1216 1441; x_wconf 85' lang='lat' dir='ltr'><strong>Etiam</strong></span> <span class='ocrx_word' id='word_1_161' title='bbox 1242 1406 1332 1454; x_wconf 81' lang='lat' dir='ltr'><strong>Bag.</strong></span> <span class='ocrx_word' id='word_1_162' title='bbox 1363 1405 1492 1442; x_wconf 86' lang='lat' dir='ltr'><strong>omisit</strong></span> <span class='ocrx_word' id='word_1_163' title='bbox 1517 1404 1691 1455; x_wconf 85' lang='lat' dir='ltr'><strong>particu-</strong></span> 
     </span>
     <span class='ocr_line' id='line_1_18' title="bbox 293 1467 1689 1521; baseline -0.001 -13"><span class='ocrx_word' id='word_1_164' title='bbox 293 1472 371 1508; x_wconf 78' lang='lat' dir='ltr'><strong>lam</strong></span> <span class='ocrx_word' id='word_1_165' title='bbox 393 1467 439 1508; x_wconf 78' lang='grc' dir='ltr'><em>ὸέ</em></span> <span class='ocrx_word' id='word_1_166' title='bbox 457 1474 634 1508; x_wconf 80' lang='lat' dir='ltr'><strong>vertens:</strong></span> <span class='ocrx_word' id='word_1_167' title='bbox 674 1471 760 1504; x_wconf 63' lang='lat' dir='ltr'><strong>aer</strong></span> <span class='ocrx_word' id='word_1_168' title='bbox 793 1469 960 1506; x_wconf 79' lang='lat' dir='ltr'><strong>clarus</strong></span> <span class='ocrx_word' id='word_1_169' title='bbox 998 1474 1084 1507; x_wconf 83' lang='lat' dir='ltr'><strong>est.</strong></span> <span class='ocrx_word' id='word_1_170' title='bbox 1114 1489 1168 1498; x_wconf 92' lang='lat'><strong>—-</strong></span> <span class='ocrx_word' id='word_1_171' title='bbox 1197 1468 1401 1518; x_wconf 74' lang='grc' dir='ltr'>συμβαίνει</span> <span class='ocrx_word' id='word_1_172' title='bbox 1419 1483 1491 1521; x_wconf 84' lang='lat' dir='ltr'><strong>pro</strong></span> <span class='ocrx_word' id='word_1_173' title='bbox 1511 1467 1689 1521; x_wconf 71' lang='grc' dir='ltr'><strong><em>σημαίνει</em></strong></span> 
     </span>
     <span class='ocr_line' id='line_1_19' title="bbox 294 1524 1359 1586; baseline -0.003 -10"><span class='ocrx_word' id='word_1_174' title='bbox 294 1537 348 1576; x_wconf 79' lang='lat' dir='ltr'><strong>N.</strong></span> <span class='ocrx_word' id='word_1_175' title='bbox 372 1557 419 1564; x_wconf 89' lang='lat'><strong>--</strong></span> <span class='ocrx_word' id='word_1_176' title='bbox 452 1531 657 1584; x_wconf 73' lang='grc' dir='ltr'><strong><em>κινουμένη</em></strong></span> <span class='ocrx_word' id='word_1_177' title='bbox 688 1547 762 1584; x_wconf 86' lang='lat' dir='ltr'><strong>pro</strong></span> <span class='ocrx_word' id='word_1_178' title='bbox 790 1531 1020 1585; x_wconf 78' lang='grc' dir='ltr'><strong><em>κινουμένην</em></strong></span> <span class='ocrx_word' id='word_1_179' title='bbox 1049 1536 1154 1573; x_wconf 82' lang='lat' dir='ltr'><strong>Cam.</strong></span> <span class='ocrx_word' id='word_1_180' title='bbox 1183 1524 1247 1586; x_wconf 63' lang='lat'><strong>{1—0.</strong></span> <span class='ocrx_word' id='word_1_181' title='bbox 1277 1537 1359 1573; x_wconf 80' lang='lat' dir='ltr'><strong>Cas.</strong></span> 
     </span>
    </p>

    <p class='ocr_par' dir='ltr' id='par_1_6' title="bbox 241 1598 1692 2843">
     <span class='ocr_line' id='line_1_20' title="bbox 404 1598 1688 1652; baseline -0.002 -12"><span class='ocrx_word' id='word_1_182' title='bbox 404 1606 468 1643; x_wconf 85' lang='lat'><strong>25.</strong></span> <span class='ocrx_word' id='word_1_183' title='bbox 507 1602 578 1651; x_wconf 73' lang='grc' dir='ltr'><strong>τῆς</strong></span> <span class='ocrx_word' id='word_1_184' title='bbox 605 1600 727 1651; x_wconf 81' lang='grc' dir='ltr'><strong><em>ξηρᾶς</em></strong></span> <span class='ocrx_word' id='word_1_185' title='bbox 756 1598 798 1638; x_wconf 75' lang='grc' dir='ltr'><strong>ἐκ</strong></span> <span class='ocrx_word' id='word_1_186' title='bbox 825 1602 896 1652; x_wconf 72' lang='grc' dir='ltr'><strong>γῆς</strong></span> <span class='ocrx_word' id='word_1_187' title='bbox 933 1606 1082 1638; x_wconf 84' lang='lat' dir='ltr'><strong>mutato</strong></span> <span class='ocrx_word' id='word_1_188' title='bbox 1109 1601 1324 1638; x_wconf 86' lang='lat' dir='ltr'><strong>verborum</strong></span> <span class='ocrx_word' id='word_1_189' title='bbox 1354 1601 1494 1639; x_wconf 83' lang='lat' dir='ltr'><strong>ordine</strong></span> <span class='ocrx_word' id='word_1_190' title='bbox 1530 1601 1582 1639; x_wconf 87' lang='lat' dir='ltr'><strong>H.</strong></span> <span class='ocrx_word' id='word_1_191' title='bbox 1611 1600 1688 1648; x_wconf 88' lang='lat' dir='ltr'><strong>N.;</strong></span> 
     </span>
     <span class='ocr_line' id='line_1_21' title="bbox 293 1665 1690 1718; baseline -0.004 -8"><span class='ocrx_word' id='word_1_192' title='bbox 293 1671 417 1710; x_wconf 86' lang='lat' dir='ltr'><strong>verba</strong></span> <span class='ocrx_word' id='word_1_193' title='bbox 444 1669 516 1718; x_wconf 75' lang='grc' dir='ltr'><strong>τῆς</strong></span> <span class='ocrx_word' id='word_1_194' title='bbox 545 1665 588 1706; x_wconf 72' lang='grc' dir='ltr'><strong>ἐκ</strong></span> <span class='ocrx_word' id='word_1_195' title='bbox 617 1669 689 1718; x_wconf 75' lang='grc' dir='ltr'><strong>γῆς</strong></span> <span class='ocrx_word' id='word_1_196' title='bbox 722 1680 886 1717; x_wconf 84' lang='lat' dir='ltr'><strong>prorsus</strong></span> <span class='ocrx_word' id='word_1_197' title='bbox 913 1667 1058 1704; x_wconf 84' lang='lat' dir='ltr'><strong>omittit</strong></span> <span class='ocrx_word' id='word_1_198' title='bbox 1078 1668 1123 1704; x_wconf 90' lang='lat' dir='ltr'><strong>F.</strong></span> <span class='ocrx_word' id='word_1_199' title='bbox 1150 1680 1278 1717; x_wconf 85' lang='lat' dir='ltr'><strong>neque</strong></span> <span class='ocrx_word' id='word_1_200' title='bbox 1298 1668 1457 1718; x_wconf 84' lang='lat' dir='ltr'><strong>reliquis</strong></span> <span class='ocrx_word' id='word_1_201' title='bbox 1481 1666 1690 1714; x_wconf 83' lang='lat' dir='ltr'><strong>codicibus,</strong></span> 
     </span>
     <span class='ocr_line' id='line_1_22' title="bbox 295 1732 1690 1788; baseline -0.006 -10"><span class='ocrx_word' id='word_1_202' title='bbox 295 1751 422 1788; x_wconf 76' lang='lat' dir='ltr'><strong>neque</strong></span> <span class='ocrx_word' id='word_1_203' title='bbox 450 1735 691 1782; x_wconf 76' lang='lat' dir='ltr'><strong>Stobaeo,</strong></span> <span class='ocrx_word' id='word_1_204' title='bbox 723 1734 829 1770; x_wconf 84' lang='lat' dir='ltr'><strong>cuius</strong></span> <span class='ocrx_word' id='word_1_205' title='bbox 854 1733 977 1771; x_wconf 86' lang='lat' dir='ltr'><strong>verba</strong></span> <span class='ocrx_word' id='word_1_206' title='bbox 1004 1745 1123 1784; x_wconf 77' lang='lat' dir='ltr'><strong>supra</strong></span> <span class='ocrx_word' id='word_1_207' title='bbox 1139 1732 1407 1780; x_wconf 80' lang='lat' dir='ltr'>laudavimus,</span> <span class='ocrx_word' id='word_1_208' title='bbox 1437 1732 1690 1770; x_wconf 84' lang='lat' dir='ltr'><strong>adsentienti-</strong></span> 
     </span>
     <span class='ocr_line' id='line_1_23' title="bbox 291 1794 1692 1853; baseline -0.005 -11"><span class='ocrx_word' id='word_1_209' title='bbox 291 1807 376 1843; x_wconf 81' lang='lat' dir='ltr'><strong>bus.</strong></span> <span class='ocrx_word' id='word_1_210' title='bbox 402 1825 449 1831; x_wconf 81' lang='lat'><strong>—-</strong></span> <span class='ocrx_word' id='word_1_211' title='bbox 484 1799 572 1853; x_wconf 74' lang='grc' dir='ltr'><strong><em>περὶ</em></strong></span> <span class='ocrx_word' id='word_1_212' title='bbox 599 1802 670 1852; x_wconf 69' lang='grc' dir='ltr'><strong><em>γῆν</em></strong></span> <span class='ocrx_word' id='word_1_213' title='bbox 699 1800 839 1837; x_wconf 82' lang='lat' dir='ltr'><strong>omisso</strong></span> <span class='ocrx_word' id='word_1_214' title='bbox 867 1795 939 1849; x_wconf 64' lang='grc' dir='ltr'><strong><em>τήν</em></strong></span> <span class='ocrx_word' id='word_1_215' title='bbox 967 1799 1012 1836; x_wconf 91' lang='lat' dir='ltr'><strong>F.</strong></span> <span class='ocrx_word' id='word_1_216' title='bbox 1042 1822 1097 1828; x_wconf 91' lang='lat'><strong>——-</strong></span> <span class='ocrx_word' id='word_1_217' title='bbox 1124 1798 1325 1837; x_wconf 73' lang='lat' dir='ltr'><strong>Articulus</strong></span> <span class='ocrx_word' id='word_1_218' title='bbox 1351 1805 1440 1836; x_wconf 74' lang='lat' dir='ltr'><strong>ante</strong></span> <span class='ocrx_word' id='word_1_219' title='bbox 1460 1794 1560 1850; x_wconf 75' lang='grc' dir='ltr'><strong><em>ἀρχή</em></strong></span> <span class='ocrx_word' id='word_1_220' title='bbox 1584 1798 1692 1835; x_wconf 81' lang='lat' dir='ltr'><strong>deest</strong></span> 
     </span>
     <span class='ocr_line' id='line_1_24' title="bbox 293 1856 1689 1917; baseline -0.005 -9"><span class='ocrx_word' id='word_1_221' title='bbox 293 1873 335 1909; x_wconf 84' lang='lat' dir='ltr'><strong>in</strong></span> <span class='ocrx_word' id='word_1_222' title='bbox 358 1869 443 1907; x_wconf 85' lang='lat' dir='ltr'><strong>cod.</strong></span> <span class='ocrx_word' id='word_1_223' title='bbox 467 1869 534 1914; x_wconf 88' lang='lat' dir='ltr'><strong>E.,</strong></span> <span class='ocrx_word' id='word_1_224' title='bbox 565 1868 630 1917; x_wconf 71' lang='lat' dir='ltr'><strong>qui</strong></span> <span class='ocrx_word' id='word_1_225' title='bbox 656 1880 750 1904; x_wconf 86' lang='lat' dir='ltr'><strong>mox</strong></span> <span class='ocrx_word' id='word_1_226' title='bbox 775 1879 849 1916; x_wconf 85' lang='lat' dir='ltr'><strong>pro</strong></span> <span class='ocrx_word' id='word_1_227' title='bbox 871 1856 896 1917; x_wconf 72' lang='grc' dir='ltr'><strong><em>ᾗ</em></strong></span> <span class='ocrx_word' id='word_1_228' title='bbox 918 1864 1076 1902; x_wconf 78' lang='lat' dir='ltr'><strong>exhibet</strong></span> <span class='ocrx_word' id='word_1_229' title='bbox 1100 1863 1146 1902; x_wconf 73' lang='grc' dir='ltr'><strong>εἴ.</strong></span> <span class='ocrx_word' id='word_1_230' title='bbox 1185 1865 1256 1902; x_wconf 83' lang='lat' dir='ltr'><strong>cfr.</strong></span> <span class='ocrx_word' id='word_1_231' title='bbox 1282 1879 1401 1915; x_wconf 87' lang='lat' dir='ltr'><strong>supra</strong></span> <span class='ocrx_word' id='word_1_232' title='bbox 1420 1865 1469 1901; x_wconf 85' lang='lat' dir='ltr'><strong>ad</strong></span> <span class='ocrx_word' id='word_1_233' title='bbox 1489 1866 1542 1909; x_wconf 88' lang='grc' dir='ltr'><strong>ΙΙ,</strong></span> <span class='ocrx_word' id='word_1_234' title='bbox 1565 1867 1602 1912; x_wconf 84' lang='grc'><strong>1,</strong></span> <span class='ocrx_word' id='word_1_235' title='bbox 1626 1867 1689 1901; x_wconf 86' lang='grc'><strong>11.</strong></span> 
     </span>
     <span class='ocr_line' id='line_1_25' title="bbox 291 1926 1692 1983; baseline -0.006 -10"><span class='ocrx_word' id='word_1_236' title='bbox 291 1957 343 1964; x_wconf 87' lang='lat'><strong>——</strong></span> <span class='ocrx_word' id='word_1_237' title='bbox 373 1931 419 1974; x_wconf 75' lang='grc' dir='ltr'><strong>τό</strong></span> <span class='ocrx_word' id='word_1_238' title='bbox 449 1931 575 1971; x_wconf 78' lang='grc' dir='ltr'><strong><em>αἴτιον</em></strong></span> <span class='ocrx_word' id='word_1_239' title='bbox 602 1929 677 1983; x_wconf 79' lang='grc' dir='ltr'><strong><em>γὰρ</em></strong></span> <span class='ocrx_word' id='word_1_240' title='bbox 707 1928 917 1980; x_wconf 72' lang='grc' dir='ltr'><strong><em>καθὸ’μὲν</em></strong></span> <span class='ocrx_word' id='word_1_241' title='bbox 948 1926 1140 1981; x_wconf 75' lang='grc' dir='ltr'><strong><em>ῥευσεῖται</em></strong></span> <span class='ocrx_word' id='word_1_242' title='bbox 1168 1927 1213 1968; x_wconf 86' lang='grc' dir='ltr'><strong>τὸ</strong></span> <span class='ocrx_word' id='word_1_243' title='bbox 1246 1927 1356 1968; x_wconf 84' lang='grc' dir='ltr'><strong><em>ἀνιὸν</em></strong></span> <span class='ocrx_word' id='word_1_244' title='bbox 1385 1928 1535 1967; x_wconf 73' lang='grc' dir='ltr'><strong><em>ἐκεῖθεν</em></strong></span> <span class='ocrx_word' id='word_1_245' title='bbox 1577 1928 1692 1966; x_wconf 77' lang='lat' dir='ltr'><strong>exhi-</strong></span> 
     </span>
     <span class='ocr_line' id='line_1_26' title="bbox 241 1993 1691 2050; baseline -0.005 -12"><span class='ocrx_word' id='word_1_246' title='bbox 241 2036 243 2038; x_wconf 82' lang='grc'><strong>.</strong></span> <span class='ocrx_word' id='word_1_247' title='bbox 291 2003 359 2040; x_wconf 85' lang='lat' dir='ltr'><strong>bet</strong></span> <span class='ocrx_word' id='word_1_248' title='bbox 377 1999 430 2038; x_wconf 90' lang='lat' dir='ltr'><strong>N.</strong></span> <span class='ocrx_word' id='word_1_249' title='bbox 451 2020 506 2029; x_wconf 49' lang='lat'><strong>*—</strong></span> <span class='ocrx_word' id='word_1_250' title='bbox 542 1993 668 2050; x_wconf 80' lang='grc' dir='ltr'><strong><em>ῥεύσει</em></strong></span> <span class='ocrx_word' id='word_1_251' title='bbox 685 2010 758 2047; x_wconf 85' lang='lat' dir='ltr'><strong>pro</strong></span> <span class='ocrx_word' id='word_1_252' title='bbox 777 1993 968 2048; x_wconf 74' lang='grc' dir='ltr'><strong><em>ῥευσεῖται</em></strong></span> <span class='ocrx_word' id='word_1_253' title='bbox 986 1995 1148 2046; x_wconf 80' lang='lat' dir='ltr'><strong>praebet</strong></span> <span class='ocrx_word' id='word_1_254' title='bbox 1169 1997 1359 2045; x_wconf 83' lang='lat' dir='ltr'><strong>Olymp.</strong></span> <span class='ocrx_word' id='word_1_255' title='bbox 1380 1996 1446 2045; x_wconf 89' lang='lat' dir='ltr'><strong>qui</strong></span> <span class='ocrx_word' id='word_1_256' title='bbox 1462 1995 1581 2045; x_wconf 84' lang='lat' dir='ltr'><strong>paulo</strong></span> <span class='ocrx_word' id='word_1_257' title='bbox 1601 2000 1691 2045; x_wconf 84' lang='lat' dir='ltr'><strong>post</strong></span> 
     </span>
     <span class='ocr_line' id='line_1_27' title="bbox 293 2058 1692 2119; baseline -0.006 -13"><span class='ocrx_word' id='word_1_258' title='bbox 293 2064 432 2119; x_wconf 81' lang='grc' dir='ltr'><em>πόρρω</em></span> <span class='ocrx_word' id='word_1_259' title='bbox 471 2065 631 2103; x_wconf 79' lang='lat' dir='ltr'><strong>exhibet</strong></span> <span class='ocrx_word' id='word_1_260' title='bbox 664 2076 738 2114; x_wconf 86' lang='lat' dir='ltr'><strong>pro</strong></span> <span class='ocrx_word' id='word_1_261' title='bbox 767 2058 1021 2113; x_wconf 77' lang='grc' dir='ltr'><strong>πορρωτέρω.</strong></span> <span class='ocrx_word' id='word_1_262' title='bbox 1059 2082 1114 2089; x_wconf 88' lang='lat'>—</span> <span class='ocrx_word' id='word_1_263' title='bbox 1151 2062 1231 2099; x_wconf 80' lang='grc' dir='ltr'><strong>τῶν</strong></span> <span class='ocrx_word' id='word_1_264' title='bbox 1259 2058 1497 2112; x_wconf 71' lang='grc' dir='ltr'><strong><em>πορρωτέρω</em></strong></span> <span class='ocrx_word' id='word_1_265' title='bbox 1524 2060 1596 2109; x_wconf 76' lang='grc' dir='ltr'><strong>τῆς</strong></span> <span class='ocrx_word' id='word_1_266' title='bbox 1622 2061 1692 2110; x_wconf 75' lang='grc' dir='ltr'><strong>γῆς</strong></span> 
     </span>
     <span class='ocr_line' id='line_1_28' title="bbox 293 2127 1692 2185; baseline -0.007 -13"><span class='ocrx_word' id='word_1_267' title='bbox 293 2132 411 2185; x_wconf 76' lang='grc' dir='ltr'><strong><em>κυρία</em></strong></span> <span class='ocrx_word' id='word_1_268' title='bbox 428 2130 575 2169; x_wconf 52' lang='lat' dir='ltr'><strong>*habuit</strong></span> <span class='ocrx_word' id='word_1_269' title='bbox 604 2132 692 2180; x_wconf 84' lang='lat' dir='ltr'><strong>Bag.</strong></span> <span class='ocrx_word' id='word_1_270' title='bbox 711 2134 890 2167; x_wconf 84' lang='lat' dir='ltr'><strong>vertens:</strong></span> <span class='ocrx_word' id='word_1_271' title='bbox 921 2139 1261 2177; x_wconf 85' lang='lat' dir='ltr'><strong>eorum,-quae</strong></span> <span class='ocrx_word' id='word_1_272' title='bbox 1288 2127 1497 2176; x_wconf 83' lang='lat' dir='ltr'><strong>longius</strong></span> <span class='ocrx_word' id='word_1_273' title='bbox 1525 2131 1643 2163; x_wconf 84' lang='lat' dir='ltr'><strong>suut</strong></span> <span class='ocrx_word' id='word_1_274' title='bbox 1669 2138 1692 2162; x_wconf 81' lang='lat' dir='ltr'><strong>a</strong></span> 
     </span>
     <span class='ocr_line' id='line_1_29' title="bbox 290 2190 1691 2245; baseline -0.007 -7"><span class='ocrx_word' id='word_1_275' title='bbox 290 2207 453 2245; x_wconf 82' lang='lat' dir='ltr'><strong>terra,</strong></span> <span class='ocrx_word' id='word_1_276' title='bbox 485 2197 697 2235; x_wconf 85' lang='lat' dir='ltr'><strong>domina.</strong></span> <span class='ocrx_word' id='word_1_277' title='bbox 755 2194 1100 2243; x_wconf 87' lang='lat' dir='ltr'><strong>Koenigmann</strong></span> <span class='ocrx_word' id='word_1_278' title='bbox 1119 2191 1568 2243; x_wconf 78' lang='lat' dir='ltr'><strong>Geograph.Aristotel.</strong></span> <span class='ocrx_word' id='word_1_279' title='bbox 1587 2190 1691 2241; x_wconf 75' lang='lat' dir='ltr'><strong>p.74</strong></span> 
     </span>
     <span class='ocr_line' id='line_1_30' title="bbox 291 2256 1414 2314; baseline -0.012 -9"><span class='ocrx_word' id='word_1_280' title='bbox 291 2273 374 2305; x_wconf 86' lang='lat' dir='ltr'><strong>not.</strong></span> <span class='ocrx_word' id='word_1_281' title='bbox 391 2267 466 2303; x_wconf 82' lang='lat'><strong>185</strong></span> <span class='ocrx_word' id='word_1_282' title='bbox 487 2265 617 2314; x_wconf 83' lang='lat' dir='ltr'><strong>legere</strong></span> <span class='ocrx_word' id='word_1_283' title='bbox 638 2257 766 2300; x_wconf 80' lang='lat' dir='ltr'><strong>volu&#39;it</strong></span> <span class='ocrx_word' id='word_1_284' title='bbox 786 2256 990 2312; x_wconf 74' lang='grc' dir='ltr'><strong><em>ῥυήσεται,</em></strong></span> <span class='ocrx_word' id='word_1_285' title='bbox 1019 2271 1096 2308; x_wconf 89' lang='lat' dir='ltr'><strong>quo</strong></span> <span class='ocrx_word' id='word_1_286' title='bbox 1119 2271 1201 2296; x_wconf 85' lang='lat' dir='ltr'><strong>non</strong></span> <span class='ocrx_word' id='word_1_287' title='bbox 1223 2271 1322 2308; x_wconf 84' lang='lat' dir='ltr'><strong>opus</strong></span> <span class='ocrx_word' id='word_1_288' title='bbox 1342 2263 1414 2296; x_wconf 81' lang='lat' dir='ltr'><strong>est.</strong></span> 
     </span>
     <span class='ocr_line' id='line_1_31' title="bbox 273 2322 1690 2380; baseline -0.008 -9"><span class='ocrx_word' id='word_1_289' title='bbox 273 2322 277 2327; x_wconf 42' lang='lat'><strong><em>¹</em></strong></span> <span class='ocrx_word' id='word_1_290' title='bbox 404 2336 469 2371; x_wconf 85' lang='lat'><strong>26.</strong></span> <span class='ocrx_word' id='word_1_291' title='bbox 497 2327 621 2380; x_wconf 83' lang='grc' dir='ltr'><strong><em>πηγαί</em></strong></span> <span class='ocrx_word' id='word_1_292' title='bbox 647 2328 835 2379; x_wconf 85' lang='lat' dir='ltr'><strong>praebent</strong></span> <span class='ocrx_word' id='word_1_293' title='bbox 859 2328 905 2366; x_wconf 87' lang='lat' dir='ltr'><strong>E.</strong></span> <span class='ocrx_word' id='word_1_294' title='bbox 926 2326 975 2364; x_wconf 90' lang='lat' dir='ltr'><strong>A.</strong></span> <span class='ocrx_word' id='word_1_295' title='bbox 1005 2325 1122 2363; x_wconf 83' lang='lat' dir='ltr'><strong>Alex.</strong></span> <span class='ocrx_word' id='word_1_296' title='bbox 1146 2325 1216 2364; x_wconf 83' lang='lat' dir='ltr'><strong>sol.</strong></span> <span class='ocrx_word' id='word_1_297' title='bbox 1240 2327 1332 2370; x_wconf 91' lang='lat'>100,</span> <span class='ocrx_word' id='word_1_298' title='bbox 1348 2325 1387 2361; x_wconf 91' lang='lat' dir='ltr'><strong>b.</strong></span> <span class='ocrx_word' id='word_1_299' title='bbox 1413 2325 1505 2373; x_wconf 77' lang='lat' dir='ltr'><strong>Bag.</strong></span> <span class='ocrx_word' id='word_1_300' title='bbox 1526 2323 1567 2360; x_wconf 90' lang='lat' dir='ltr'><strong>in</strong></span> <span class='ocrx_word' id='word_1_301' title='bbox 1587 2335 1690 2359; x_wconf 80' lang='lat' dir='ltr'><strong>mar-</strong></span> 
     </span>
     <span class='ocr_line' id='line_1_32' title="bbox 295 2383 1690 2451; baseline -0.009 -15"><span class='ocrx_word' id='word_1_302' title='bbox 295 2401 384 2451; x_wconf 80' lang='lat' dir='ltr'><strong>gine</strong></span> <span class='ocrx_word' id='word_1_303' title='bbox 413 2399 469 2435; x_wconf 84' lang='lat' dir='ltr'><strong>al.</strong></span> <span class='ocrx_word' id='word_1_304' title='bbox 501 2397 683 2435; x_wconf 82' lang='lat' dir='ltr'><strong>fontes.</strong></span> <span class='ocrx_word' id='word_1_305' title='bbox 739 2393 895 2443; x_wconf 84' lang='lat' dir='ltr'><strong>Reliqui</strong></span> <span class='ocrx_word' id='word_1_306' title='bbox 924 2405 1011 2429; x_wconf 89' lang='lat' dir='ltr'><strong>cum</strong></span> <span class='ocrx_word' id='word_1_307' title='bbox 1031 2394 1078 2430; x_wconf 92' lang='lat' dir='ltr'><strong>B.</strong></span> <span class='ocrx_word' id='word_1_308' title='bbox 1113 2387 1307 2442; x_wconf 67' lang='grc' dir='ltr'><strong><em>ἀρχαί-</em></strong></span> <span class='ocrx_word' id='word_1_309' title='bbox 1335 2387 1492 2427; x_wconf 69' lang='grc' dir='ltr'><strong><em>ἕκαστοι</em></strong></span> <span class='ocrx_word' id='word_1_310' title='bbox 1510 2401 1583 2439; x_wconf 86' lang='lat' dir='ltr'><strong>pro</strong></span> <span class='ocrx_word' id='word_1_311' title='bbox 1601 2383 1690 2425; x_wconf 65' lang='grc' dir='ltr'><strong>ἑκά-</strong></span> 
     </span>
     <span class='ocr_line' id='line_1_33' title="bbox 295 2451 1687 2509; baseline -0.009 -5"><span class='ocrx_word' id='word_1_312' title='bbox 295 2478 407 2504; x_wconf 68' lang='lat' dir='ltr'><strong>&lt;itote</strong></span> <span class='ocrx_word' id='word_1_313' title='bbox 428 2466 536 2502; x_wconf 78' lang='lat' dir='ltr'><strong>Cam.</strong></span> <span class='ocrx_word' id='word_1_314' title='bbox 557 2464 599 2499; x_wconf 91' lang='lat' dir='ltr'><strong>P.</strong></span> <span class='ocrx_word' id='word_1_315' title='bbox 621 2462 703 2499; x_wconf 82' lang='lat' dir='ltr'><strong>cas.</strong></span> <span class='ocrx_word' id='word_1_316' title='bbox 725 2479 780 2486; x_wconf 81' lang='lat'><strong>——-</strong></span> <span class='ocrx_word' id='word_1_317' title='bbox 819 2453 1085 2509; x_wconf 76' lang='grc' dir='ltr'><strong><em>λαμπρότεροι</em></strong></span> <span class='ocrx_word' id='word_1_318' title='bbox 1116 2469 1189 2507; x_wconf 86' lang='lat' dir='ltr'><strong>pro</strong></span> <span class='ocrx_word' id='word_1_319' title='bbox 1216 2453 1394 2507; x_wconf 84' lang='grc' dir='ltr'><strong><em>λαμπροί</em></strong></span> <span class='ocrx_word' id='word_1_320' title='bbox 1422 2454 1541 2493; x_wconf 83' lang='lat' dir='ltr'><strong>Alex.</strong></span> <span class='ocrx_word' id='word_1_321' title='bbox 1566 2451 1613 2489; x_wconf 82' lang='lat' dir='ltr'><strong>A.</strong></span> <span class='ocrx_word' id='word_1_322' title='bbox 1632 2471 1687 2491; x_wconf 77' lang='grc'><strong>,--</strong></span> 
     </span>
     <span class='ocr_line' id='line_1_34' title="bbox 293 2517 1687 2577; baseline -0.01 -8"><span class='ocrx_word' id='word_1_323' title='bbox 293 2532 446 2570; x_wconf 85' lang='lat' dir='ltr'><strong>Ventos</strong></span> <span class='ocrx_word' id='word_1_324' title='bbox 474 2529 586 2566; x_wconf 88' lang='lat' dir='ltr'><strong>initio</strong></span> <span class='ocrx_word' id='word_1_325' title='bbox 619 2527 767 2564; x_wconf 82' lang='lat' dir='ltr'><strong>debiles</strong></span> <span class='ocrx_word' id='word_1_326' title='bbox 799 2538 883 2562; x_wconf 76' lang='lat' dir='ltr'><strong>esse</strong></span> <span class='ocrx_word' id='word_1_327' title='bbox 911 2523 964 2577; x_wconf 85' lang='lat' dir='ltr'><strong>de</strong></span> <span class='ocrx_word' id='word_1_328' title='bbox 988 2524 1075 2561; x_wconf 88' lang='lat' dir='ltr'><strong>loco</strong></span> <span class='ocrx_word' id='word_1_329' title='bbox 1106 2521 1444 2572; x_wconf 81' lang='lat' dir='ltr'><strong>interpretandum</strong></span> <span class='ocrx_word' id='word_1_330' title='bbox 1462 2524 1548 2564; x_wconf 59' lang='lat' dir='ltr'><strong>«est,</strong></span> <span class='ocrx_word' id='word_1_331' title='bbox 1583 2517 1687 2555; x_wconf 87' lang='lat' dir='ltr'><strong>unde</strong></span> 
     </span>
     <span class='ocr_line' id='line_1_35' title="bbox 294 2582 1686 2647; baseline -0.011 -13"><span class='ocrx_word' id='word_1_332' title='bbox 294 2598 462 2647; x_wconf 76' lang='lat' dir='ltr'><strong>spirant:</strong></span> <span class='ocrx_word' id='word_1_333' title='bbox 493 2594 600 2645; x_wconf 81' lang='lat' dir='ltr'>quod</span> <span class='ocrx_word' id='word_1_334' title='bbox 619 2605 701 2630; x_wconf 85' lang='lat' dir='ltr'><strong>non</strong></span> <span class='ocrx_word' id='word_1_335' title='bbox 718 2590 821 2630; x_wconf 87' lang='lat' dir='ltr'><strong>vidit</strong></span> <span class='ocrx_word' id='word_1_336' title='bbox 834 2590 892 2628; x_wconf 91' lang='lat' dir='ltr'><strong>Vi</strong></span> <span class='ocrx_word' id='word_1_337' title='bbox 905 2594 1228 2636; x_wconf 83' lang='lat' dir='ltr'><strong>comercatus‚</strong></span> <span class='ocrx_word' id='word_1_338' title='bbox 1245 2587 1317 2625; x_wconf 82' lang='lat' dir='ltr'><strong>sibi</strong></span> <span class='ocrx_word' id='word_1_339' title='bbox 1336 2587 1409 2637; x_wconf 85' lang='lat' dir='ltr'><strong>ipsi</strong></span> <span class='ocrx_word' id='word_1_340' title='bbox 1422 2582 1686 2622; x_wconf 78' lang='lat' dir='ltr'><strong>contradicere</strong></span> 
     </span>
     <span class='ocr_line' id='line_1_36' title="bbox 293 2649 1685 2704; baseline -0.011 -4"><span class='ocrx_word' id='word_1_341' title='bbox 293 2669 401 2701; x_wconf 80' lang='lat' dir='ltr'>ratus</span> <span class='ocrx_word' id='word_1_342' title='bbox 419 2663 454 2700; x_wconf 94' lang='lat' dir='ltr'><strong>A</strong></span> <span class='ocrx_word' id='word_1_343' title='bbox 467 2659 763 2704; x_wconf 82' lang='lat' dir='ltr'><strong>ristotelem,</strong></span> <span class='ocrx_word' id='word_1_344' title='bbox 781 2670 871 2694; x_wconf 87' lang='lat' dir='ltr'><strong>cum</strong></span> <span class='ocrx_word' id='word_1_345' title='bbox 887 2655 989 2692; x_wconf 80' lang='lat' dir='ltr'>dicat</span> <span class='ocrx_word' id='word_1_346' title='bbox 1007 2654 1209 2693; x_wconf 85' lang='lat' dir='ltr'><strong>Problem.</strong></span> <span class='ocrx_word' id='word_1_347' title='bbox 1219 2654 1379 2699; x_wconf 88' lang='lat' dir='ltr'>XXVI,</span> <span class='ocrx_word' id='word_1_348' title='bbox 1401 2649 1465 2687; x_wconf 80' lang='lat'><strong>41.</strong></span> <span class='ocrx_word' id='word_1_349' title='bbox 1483 2661 1523 2699; x_wconf 88' lang='lat' dir='ltr'><strong>p.</strong></span> <span class='ocrx_word' id='word_1_350' title='bbox 1539 2649 1631 2696; x_wconf 75' lang='lat'><strong>945,</strong></span> <span class='ocrx_word' id='word_1_351' title='bbox 1644 2661 1685 2685; x_wconf 85' lang='lat' dir='ltr'><strong>a:</strong></span> 
     </span>
     <span class='ocr_line' id='line_1_37' title="bbox 294 2708 1686 2776; baseline -0.012 -10"><span class='ocrx_word' id='word_1_352' title='bbox 294 2726 377 2767; x_wconf 57' lang='lat' dir='ltr'><strong>Aa)</strong></span> <span class='ocrx_word' id='word_1_353' title='bbox 404 2726 447 2765; x_wconf 83' lang='grc' dir='ltr'><strong>τί</strong></span> <span class='ocrx_word' id='word_1_354' title='bbox 471 2721 491 2765; x_wconf 79' lang='grc' dir='ltr'><strong>ὃ</strong></span> <span class='ocrx_word' id='word_1_355' title='bbox 517 2723 591 2776; x_wconf 74' lang='grc' dir='ltr'><strong>μὲν</strong></span> <span class='ocrx_word' id='word_1_356' title='bbox 618 2720 764 2776; x_wconf 70' lang='grc' dir='ltr'><strong><em>βορέας</em></strong></span> <span class='ocrx_word' id='word_1_357' title='bbox 790 2717 1010 2773; x_wconf 70' lang='grc' dir='ltr'><strong><em>ἀρχόμενος</em></strong></span> <span class='ocrx_word' id='word_1_358' title='bbox 1035 2717 1175 2771; x_wconf 68' lang='grc' dir='ltr'><strong>μέγας,</strong></span> <span class='ocrx_word' id='word_1_359' title='bbox 1203 2714 1333 2768; x_wconf 76' lang='grc' dir='ltr'><strong><em>λήγων</em></strong></span> <span class='ocrx_word' id='word_1_360' title='bbox 1351 2713 1394 2754; x_wconf 76' lang='grc' dir='ltr'><strong>δὲ</strong></span> <span class='ocrx_word' id='word_1_361' title='bbox 1409 2708 1568 2764; x_wconf 87' lang='grc' dir='ltr'><strong><em>μικρός·</em></strong></span> <span class='ocrx_word' id='word_1_362' title='bbox 1601 2709 1621 2751; x_wconf 76' lang='grc' dir='ltr'><em>ὃ</em></span> <span class='ocrx_word' id='word_1_363' title='bbox 1643 2710 1686 2750; x_wconf 75' lang='grc' dir='ltr'><strong>δὲ</strong></span> 
     </span>
     <span class='ocr_line' id='line_1_38' title="bbox 294 2775 1686 2843; baseline -0.014 -9"><span class='ocrx_word' id='word_1_364' title='bbox 294 2791 408 2839; x_wconf 72' lang='grc' dir='ltr'><strong><em>νότος</em></strong></span> <span class='ocrx_word' id='word_1_365' title='bbox 435 2789 653 2843; x_wconf 71' lang='grc' dir='ltr'><strong><em>ἀρχόμενος</em></strong></span> <span class='ocrx_word' id='word_1_366' title='bbox 677 2786 841 2841; x_wconf 83' lang='grc' dir='ltr'><strong><em>μικρός,</em></strong></span> <span class='ocrx_word' id='word_1_367' title='bbox 871 2783 1000 2838; x_wconf 48' lang='grc' dir='ltr'><strong><em>λέγων</em></strong></span> <span class='ocrx_word' id='word_1_368' title='bbox 1021 2784 1064 2824; x_wconf 77' lang='grc' dir='ltr'><strong>δὲ</strong></span> <span class='ocrx_word' id='word_1_369' title='bbox 1079 2782 1222 2837; x_wconf 69' lang='grc' dir='ltr'><strong><em>μὲγαςς</em></strong></span> <span class='ocrx_word' id='word_1_370' title='bbox 1250 2779 1274 2833; x_wconf 76' lang='grc' dir='ltr'>ἢ</span> <span class='ocrx_word' id='word_1_371' title='bbox 1292 2779 1353 2820; x_wconf 81' lang='grc' dir='ltr'><strong>ὅτι</strong></span> <span class='ocrx_word' id='word_1_372' title='bbox 1374 2775 1558 2832; x_wconf 73' lang='grc' dir='ltr'><strong><em>ὃβορέας</em></strong></span> <span class='ocrx_word' id='word_1_373' title='bbox 1576 2777 1686 2830; x_wconf 66' lang='grc' dir='ltr'><strong><em>ἔγγὺς</em></strong></span> 
     </span>
    </p>
   </div>
  </div>
 </body>
</html>
