1774 3198
333 351 428 394 580
547 340 989 398 οόΜΜΕΝΤΑΒῙυε
1013 357 1076 397 m
1099 357 1499 399 METEOROLOG.
1554 412 1557 415 ῃ

334 467 713 519 Theophrastus
743 465 792 505 de
811 468 915 518 sign.
935 469 973 514 Ι,
990 466 1072 519 21)
1099 464 1228 520 ῥοπήν
1251 469 1443 519 χειμῶνος
1470 465 1624 519 ἐποίησε
1653 468 1716 508 καὶ

334 531 499 583 ὄμβρον.
540 527 561 571 ὃ
585 530 660 584 γὰρ
689 529 839 583 ὄμβρος
863 531 1010 583 χειμών
1038 531 1142 573 ἔστιν
1170 531 1407 580 οἴκειότατος
1432 536 1488 588 τῷ
1515 531 1719 574 πνεύσαντι

334 595 536 650 πνεύματι.
593 599 693 637 Inde
719 599 948 637 Rutilius
975 601 1166 638 Itinerar.
1187 602 1226 650 Ι,
1246 604 1347 639 631:

555 666 725 703 Interea
756 664 935 702 madidis
961 680 1044 704 non
1071 668 1221 705 desinit
1237 666 1409 718 Africus
1437 667 1512 704 alis

628 731 849 768 Continuo-s
872 732 997 780 picea
1025 733 1129 770 nube
1156 745 1309 782 negare
1334 732 1441 778 die-35

334 798 427 836 inde
453 796 644 835 humidus
671 796 839 834 Plinio
873 796 1032 835 Histor.
1053 805 1190 836 natur.
1208 800 1256 845 Π,
1279 798 1349 846 48,
1378 798 1514 835 creber
1528 797 1722 846 procellis

334 863 565 914 Virgilio
592 862 692 900 Aen.
720 865 753 911 Ι,
773 865 822 900 85
851 860 938 913 (cfr.
968 863 1107 901 Shaw
1141 864 1323 902 Travels.
1351 864 1520 902 London
1541 866 1658 902 1757.
1681 863 1718 900 4.

334 944 376 981 Ρ.
403 926 517 980 134),
545 941 743 978 praeceps
772 929 994 966 Horatio
1025 930 1162 966 carm.
1192 931 1230 978 Ι,
1255 932 1300 978 3,
1324 931 1374 967 12
1403 929 1606 978 eidemque
1625 942 1722 977 pro-

334 1004 470 1034 tervus
486 994 593 1031 audit
611 991 738 1044 Epocl.
757 995 872 1041 XVI,
893 996 956 1032 15.
1011 995 1185 1033 Maxime
1205 995 1306 1037 circa
1323 994 1510 1032 Rhodum
1530 993 1724 1032 Cnidum-

333 1064 410 1113 q'ue
434 1060 649 1098 violentem
675 1073 757 1097 esse
780 1059 961 1098 Africum
990 1060 1161 1098 affirmat
1189 1062 1223 1098 T
1235 1060 1525 1111 heophrast.
1555 1061 1601 1097 de
1622 1067 1724 1097 vent.

334 1133 370 1175 ᾖ.
390 1128 452 1165 51.
480 1139 520 1176 p.
539 1129 631 1173 777,
659 1125 725 1162 ubi
745 1125 861 1162 etiam
881 1126 1086 1175 proverbii
1108 1127 1345 1164 mentionem
1366 1127 1476 1165 facit:

443 1190 542 1240 Λὶψ
563 1186 705 1240 ἄνεμος
731 1186 832 1239 ταχὺ
861 1188 935 1239 μὲν
963 1188 1149 1241 νεφέλας,
1184 1189 1283 1240 ταχὺ
1313 1189 1353 1229 ‹5’
1375 1189 1516 1244 αἶ’θρια
1544 1193 1666 1229 ποιεῖ’·

517 1253 705 1308 Ἀργέστῃ
734 1251 774 1293 δ’
797 1251 927 1308 ἀνέμῳ
956 1253 1052 1293 πᾶσ’
1073 1254 1203 1294 ἕπεται
1232 1255 1387 1308 νεφέλη.

335 1344 389 1352 -
409 1324 474 1362 De
495 1322 634 1360 Caecia
661 1321 775 1371 paulo
800 1327 889 1358 ante
907 1320 1089 1360 diximus.
1130 1323 1178 1360 In
1196 1322 1306 1360 Italia
1324 1335 1483 1360 serenus
1504 1327 1597 1370 erat,
1620 1321 1725 1371 quod

337 1402 388 1426 ex
419 1386 582 1427 Plinii
613 1386 758 1425 verbis'
777 1391 885 1436 patet
914 1385 1076 1423 Histor.
1097 1394 1232 1425 natur.
1261 1390 1321 1432 II,
1351 1388 1427 1427 48:
1461 1389 1653 1425 Narrant
1681 1389 1726 1424 13¹1.

334 1456 467 1494 Ponto
486 1455 678 1492 Caeciam
699 1452 743 1488 in
760 1464 800 1488 se
818 1450 978 1489 trahere
996 1452 1135 1491 nubes,
1176 1454 1239 1490 De
1258 1453 1549 1503 Hellespontiae
1568 1452 1726 1490 nomine

335 1521 405 1560 cfr.
425 1519 474 1557 ad
495 1520 527 1572 ξ.
541 1524 605 1558 12.
624 1539 679 1547 --
706 1516 905 1565 Solanum,
933 1518 986 1555 ita
1004 1518 1108 1555 enim
1127 1518 1322 1569 apelioten
1339 1519 1502 1556 Romani
1521 1524 1726 1563 vocarunt,

337 1598 535 1638 aquosum
563 1599 645 1624 esse
674 1597 725 1621 ex
759 1583 954 1622 Ovidio
991 1585 1161 1621 Metam.
1198 1585 1286 1630 XI,
1314 1583 1405 1622 481.
1448 1585 1545 1630 XV,
1579 1588 1655 1622 603
1687 1590 1728 1622 et

335 1653 556 1692 Horatio
583 1651 852 1701 Epod.1XV1,
871 1649 922 1688 54
955 1650 1090 1687 elucet.
1116 1669 1170 1677 —-
1208 1645 1373 1701 ἀργὲτης
1396 1648 1585 1687 exhibent
1611 1651 1655 1688 F.
1674 1650 1726 1687 N.

336 1720 401 1757 De
419 1718 586 1768 Argeste
613 1723 652 1754 et
671 1719 780 1755 Euro
802 1728 963 1767 prorsus
991 1727 1042 1752 ex
1062 1720 1193 1752 mente
1218 1715 1544 1760 Aristotelis,
1575 1728 1627 1752 ex
1650 1728 1726 1766 quo

336 1797 406 1821 sua
435 1784 615 1835 repetiit,
653 1788 788 1820 monet
815 1781 1019 1820 Plinius
1048 1782 1264 1818 Hist.nat.
1296 1781 1356 1828 II,
1386 1780 1459 1819 48:
1501 1781 1641 1817 Siccus
1669 1788 1729 1818 est

338 1850 478 1897 Corus,
506 1851 612 1886 sicut
632 1849 876 1893 Vulturnus,
898 1853 1199 1896 praeterquam
1217 1845 1412 1883 desinens.
1457 1846 1505 1884 In
1521 1847 1631 1885 Italia
1649 1846 1729 1885 Co-

335 1926 404 1951 rus
434 1912 490 1962 (is
511 1914 616 1951 enim
637 1914 743 1950 idem
766 1918 841 1960 est,
870 1912 937 1961 qui
957 1911 1116 1948 Graecis
1135 1917 1299 1948 vocatur
1318 1909 1517 1962 Argestes)
1535 1911 1729 1961 frigidas

336 1976 508 2029 (Ovid.
537 1979 657 2017 Fast.
682 1981 733 2027 V,
757 1974 872 2030 161),
902 1976 1007 2014 unde
1023 1973 1202 2029 frigora
1222 1976 1353 2011 Cauri
1374 1982 1729 2013 commemorantur

337 2044 442 2095 apud
467 2044 746 2094 Virgilium
776 2044 921 2093 Georg.
949 2043 1016 2088 III,
1041 2042 1141 2089 356,
1170 2039 1238 2077 ubi
1265 2041 1337 2078 cfr.
1359 2041 1472 2090 Voss,
1502 2046 1541 2078 et
1573 2039 1728 2078 Clau—

288 2103 291 2109 *
339 2109 516 2148 dianus
542 2112 583 2158 Ι,
614 2112 691 2147 132
719 2110 799 2147 ait:
1068 2108 1071 2110 ’

449 2177 780 2226 Sarmaticosque
798 2174 896 2224 pati
923 2172 1053 2210 medio
1083 2170 1155 2208 sub
1171 2170 1343 2222 frigore
1371 2173 1530 2209 Cauros
1549 2191 1605 2201 —-

337 2246 618 2292 praetereaque
662 2240 835 2290 rapidus
881 2236 978 2291 (cfr.
1016 2237 1173 2275 Rutil.
1221 2235 1507 2275 Numatian.
1547 2238 1589 2285 Ι,
1631 2236 1726 2275 463.

339 2308 366 2345 S
379 2320 435 2344 en
445 2321 466 2344 e
476 2321 509 2346 c.
519 2307 757 2357 Agamemn.
771 2303 869 2357 484)
890 2311 930 2342 et
947 2303 1137 2353 imbrifer
1166 2300 1218 2354 (S
1230 2316 1250 2340 e
1261 2316 1287 2340 n
1299 2316 1320 2340 e
1330 2316 1362 2340 c.
1378 2303 1585 2352 Hippoh‘t.
1603 2300 1726 2352 1131)

338 2373 431 2412 fuit.
485 2375 549 2411 De
568 2374 675 2411 Euro
696 2373 769 2410 cfr.
793 2369 987 2408 Problem.
1005 2370 1167 2417 XXVI,
1185 2372 1250 2407 27.
1281 2382 1319 2418 p.
1333 2369 1421 2414 943,
1433 2381 1466 2406 a.
1482 2389 1537 2397 —
1562 2364 1727 2418 νιφετώ-

342 2437 423 2483 ‹5214-
451 2439 614 2489 Olymp.
642 2438 712 2475 fol.
736 2436 811 2485 44,
834 2448 874 2484 a,
904 2435 962 2472 uti
990 2434 1106 2472 etiam
1133 2447 1229 2472 mox
1253 2428 1492 2483 χαλαζώὸεις
1522 2438 1560 2470 et
1586 2431 1726 2469 deinde

341 2501 612 2553 καυματώδεις
627 2502 891 2541 consentiente
911 2499 996 2537 cod.
1012 2498 1066 2537 N.
1084 2520 1139 2529 —
1165 2499 1388 2537 Articulum
1406 2504 1493 2536 ante
1509 2493 1727 2548 ἀπαρκτίας

341 2569 490 2607 addunt
509 2570 559 2607 H.
578 2569 627 2607 A.
647 2570 752 2607 Cam.
772 2568 815 2605 P.
835 2567 875 2604 S.
897 2565 985 2603 Cas.
998 2586 1051 2594 —-
1080 2561 1244 2617 ἀργέτης
1259 2566 1401 2603 iterum
1421 2562 1604 2600 exhibent
1620 2565 1663 2600 F.
1673 2564 1724 2600 N.

341 2654 396 2662 —-
423 2631 663 2687 ἀραιοτὲρως
685 2647 760 2684 pro
783 2628 1030 2684 ἀραιοτέροις
1053 2633 1098 2669 F.
1121 2632 1227 2669 Cam.
1251 2632 1294 2669 P.
1312 2632 1350 2669 S.
1371 2630 1457 2667 cas.
1477 2647 1527 2655 —
1556 2626 1619 2665 καὶ
1640 2642 1725 2666 και-

343 2698 431 2745 κίας
458 2700 591 2738 addito
611 2698 678 2738 καί
694 2700 745 2737 Η.
769 2721 818 2726 —-—
854 2698 946 2735 Post
965 2693 1062 2748 ἀέρα
1084 2696 1232 2733 addunt
1251 2694 1346 2746 νέφη
1369 2694 1483 2731 Alex.
1506 2696 1594 2741 106,
1613 2707 1646 2731 a.
1672 2695 1723 2732 A.

344 2763 397 2808 εἷς
422 2762 518 2815 νέφη
549 2765 658 2804 Cam.
686 2765 728 2802 P.
755 2765 791 2801 S.
819 2763 903 2802 cas.
938 2762 1041 2812 quod
1067 2767 1200 2799 contra
1223 2759 1508 2799 Aristotelicam
1531 2758 1721 2797 theoriam
