1760 3138
235 364 309 403 ET
331 361 546 402 OLYMP.
579 360 640 400 IN
659 358 842 399 ARIST.
865 355 1199 397 METEOROL.
1228 354 1399 395 LIB.II.
1467 346 1564 392 299

231 478 295 526 V,
336 475 387 514 4.,
432 470 689 526 Ἐπιζητὴσαι
707 469 748 525 *)
774 467 816 511 δ’
845 467 896 511 ἄν
924 485 1011 522 τις,
1051 471 1138 517 πῶς
1165 466 1286 510 εῗπῶν
1319 464 1398 523 πρὸ
1427 463 1565 522 ὀλίγου

118 544 207 598 περὶ
233 541 431 597 Ὠρίωνος
459 538 664 594 ἀνατολὴν
695 538 762 580 καὶ
789 536 969 592 μάλιστα
1002 537 1190 592 γίνεσθαι
1230 534 1445 590 νηνεμίαν,
1492 537 1565 576 νῦν

119 610 218 665 λέγει
248 610 314 651 καὶ
344 607 636 656 ἀνατέλλοντος
661 610 738 648 τοῦ
762 605 959 662 Ὠρίωνος
987 605 1054 648 καὶ
1084 603 1308 658 δυομένου,
1338 601 1484 658 ἄκριτα
1504 602 1566 658 γί-

118 682 265 720 νεσθαι
295 678 361 719 καὶ
384 673 544 730 χαλεπὰ
571 674 623 717 τὰ
663 673 884 729 πνεύματα.
944 672 1050 723 δόξει
1089 671 1166 727 γὰρ
1205 670 1317 728 αὐτῷ
1352 669 1566 724 μαχόμενα

119 745 258 800 λέγειν.
309 743 442 799 ἢόὐχ
478 742 500 787 ὅ
531 742 656 792 αὐτὸς
690 743 885 797 δηλοῦται
919 741 1093 796 χρόνος,
1139 737 1218 781 ὑπό
1257 755 1299 781 τε
1336 742 1410 780 τοῦ
1447 739 1566 794 περὶ

113 813 371 868 Ὠρίωνος
401 810 688 866 ἀνατολήν,
727 811 794 852 καὶ
821 807 903 852 ὑπὸ
933 812 1007 851 τοῦ
1031 808 1217 864 Ὠρίων
1245 805 1564 849 ἀνατέλλων.

117 881 199 924 Διὸ
232 880 351 922 οὐδὲν
379 878 529 932 κωλύει
551 879 742 934 νηνεμίας
767 877 979 934 γινομένης
1006 876 1085 933 πρὸ
1115 879 1191 931 τῆς
1218 875 1408 930 ἕπιτολῆς
1427 874 1568 926 αὐτοῦ,

118 950 162 991 ἐν
189 953 240 1006 τῇ
270 949 435 1005 ἐπιτολῇ
463 947 826 1004 ἅκριταψγίνεσθαι
855 946 922 987 καὶ
949 936 1131 1000 χειμέρια
1160 941 1384 997 πνεύματα.
1433 944 1568 985 αἰτίαν

119 1017 164 1058 δὲ
192 1021 268 1059 τοῦ
298 1018 364 1059 καὶ
396 1014 595 1070 δυομένου
634 1016 700 1056 καὶ
727 1014 1006 1061 ε’πιτέλλοντος
1034 1011 1185 1062 αὐτοῦ,
1224 1011 1416 1066 γίνεσθαί
1441 1027 1568 1067 φησιν

119 1084 267 1142 ἄκριτα
294 1084 347 1126 τὰ
375 1084 587 1138 πνεύματα
615 1082 662 1124 τὸ
694 1079 887 1136 ἑκατέραν
916 1081 983 1122 καὶ
1011 1078 1089 1134 τὴν
1116 1078 1233 1121 δύσιν
1263 1077 1389 1120 αὐτοῦ
1409 1080 1475 1121 καὶ
1493 1079 1568 1134 τὴν

119 1151 308 1206 ἐπιτολὴν
335 1153 379 1193 ἐν
401 1153 651 1206 μεταβολαῖς
680 1147 798 1205 ὡρῶν
825 1150 1027 1204 γίνεσθαι.
1066 1145 1203 1189 δύεται
1231 1146 1308 1200 μὲν
1337 1146 1416 1203 γὰρ
1445 1147 1488 1189 ἓν
1516 1151 1568 1204 τῇ

118 1220 175 1268 εἷς
199 1222 380 1273 χειμῶνα
400 1221 632 1274 μεταβολῇ,
663 1217 854 1259 ἐπιτέλλει
881 1216 926 1259 δὲ
956 1215 999 1258 ἓν
1027 1219 1078 1272 τῇ
1108 1215 1153 1256 ἐκ
1182 1215 1335 1272 θέρους
1363 1217 1421 1266 εἰς
1447 1216 1569 1270 μετό-

117 1303 270 1342 πωρον.
301 1286 343 1328 αἷ
373 1286 418 1328 δὲ
441 1287 667 1340 μεταβολαὶ
697 1289 780 1328 τῶν
810 1282 928 1341 ὡρῶν
942 1284 998 1340 *²‘)
1028 1283 1211 1334 ἅστατοι,
1242 1287 1302 1341 τῷ
1321 1283 1568 1341 ἀμφοτέρων

117 1371 204 1403 πως
230 1354 410 1408 μετέχειν
439 1355 506 1397 καὶ
536 1353 588 1396 τὰ
617 1353 719 1408 μηδ’
754 1351 895 1410 ἑτέρας
922 1351 1023 1407 ἔχειν
1053 1352 1275 1407 εἰλικρινῶς
1290 1354 1381 1408 Μ’).
1412 1353 1455 1395 ἓν
1483 1359 1570 1403 τοῖς

116 1422 318 1472 τοιούτοις
345 1422 397 1478 δὴ
429 1428 585 1478 καιροῖς
612 1421 829 1464 ἒπιτέλλων
857 1438 900 1463 τε
933 1421 1000 1463 καὶ
1028 1419 1248 1473 δυόμενος,
1294 1420 1337 1470 ἐξ
1366 1419 1500 1463 αἰτῶν
1521 1424 1569 1478 -1-)

117 1489 252 1544 ἔχουσι
282 1490 328 1533 τὸ
360 1489 566 1545 εὖκίνητόν
595 1506 639 1532 τε
668 1490 735 1532 καὶ
767 1488 1007 1547 εὔτρεπτον,
1053 1488 1342 1543 ε’πιδηλότερον
1377 1488 1450 1530 τὸν
1482 1505 1569 1542 χει-

116 1562 235 1611 μῶνα
261 1564 377 1602 ποιεῒ.
408 1559 475 1602 καὶ
508 1555 780 1615 Θεόφραστος
809 1557 853 1599 δὲ
876 1557 918 1599 ἐν
938 1560 997 1614 τῷ
1026 1557 1116 1612 περὶ
1147 1555 1306 1610 ἀνέμων
1325 1554 1446 1611 ††)‚
1477 1558 1568 1614 περὶ

163 1736 197 1780 *)
221 1738 307 1774 Ald.
328 1734 585 1784 Ἑπιζητῆσαι.’

164 1818 218 1861 **)
246 1817 330 1852 Am.
355 1815 460 1866 ὁρῶν.

165 1895 240 1941 ***)
265 1898 318 1946 Ite
341 1896 426 1933 Ald.
475 1898 550 1934 Cfr.
575 1896 815 1933 Commentar.
840 1898 883 1931 ad
911 1898 947 1941 1,
972 1895 1007 1933 4.

163 1976 204 2021 Ἠ
230 1973 476 2030 Ald.-a15w‘}v.

162 2054 227 2100 -1-†)
250 2057 489 2104 Diogenes
510 2056 733 2091 Laertius
755 2056 804 2101 V,
817 2055 875 2090 42.
894 2057 1014 2091 laudat
1034 2057 1118 2100 περὶ
1136 2045 1339 2100 α’νὲμωνῖ
1357 2061 1392 2091 et
1408 2055 1566 2092 sect.45.

207 2117 293 2157 περὶ
317 2110 540 2159 πνευμάτων
557 2105 603 2158 ἶ,
624 2119 766 2158 praeter
789 2113 912 2150 varios
936 2114 981 2148 de
998 2113 1167 2148 meteoris
1186 2112 1309 2155 libros,
1337 2115 1432 2148 unde
1459 2119 1568 2158 patet,

210 2177 416 2215 comparato
440 2171 512 2205 hoc
533 2172 630 2215 loco,
658 2171 839 2214 libellum,
865 2182 971 2216 quem
993 2181 1090 2211 nunc
1110 2170 1304 2213 habemus,
1329 2170 1478 2205 seorsim
1502 2182 1570 2205 ex-

210 2226 353 2261 stitisse.
402 2227 591 2262 Caeterum
623 2234 704 2262 sunt
730 2229 844 2264 verba
875 2239 923 2263 ex
955 2227 990 2272 §.
1017 2227 1074 2263 55.
1109 2238 1146 2271 p.
1172 2230 1241 2262 779
1273 2228 1330 2261 ed.
1361 2227 1471 2261 Schn.
1508 2227 1569 2272 qui

211 2283 247 2316 h.
271 2284 296 2318 l.
319 2294 526 2327 comparare
549 2285 722 2330 neglexit.
755 2306 802 2313 —-
847 2285 954 2319 Initio
980 2284 1120 2318 additur
1148 2278 1191 2317 αἶ
1214 2300 1261 2307 -—
1283 2281 1324 2317 ἐν
1350 2280 1571 2329 μεταβολαῖς

214 2339 347 2374 omisso
384 2339 466 2374 ταῖς
499 2356 542 2365 -
576 2338 699 2375 πάντα
724 2338 885 2384 μάλιστα
914 2342 1079 2384 πέφυκεν
1111 2339 1230 2374 addito
1257 2340 1436 2375 vocabulo
1460 2339 1569 2374 inter-

211 2396 341 2432 medio.
365 2412 412 2419 -·
444 2396 586 2431 Deinde
613 2396 652 2431 ἐν
678 2392 776 2444 ἆρχῇ
797 2398 852 2432 bis
879 2397 1044 2442 positum.
1070 2415 1114 2420 -—
1145 2397 1218 2431 Pro
1245 2392 1431 2440 μηδεμίαν
1455 2397 1571 2431 editur

210 2453 313 2497 μίαν,
338 2454 516 2488 vocabulo
540 2450 634 2497 μηδέ
659 2454 761 2487 uncis
782 2454 933 2489 incluso.
959 2474 1007 2480 —
1041 2455 1112 2487 Pro
1134 2448 1230 2487 ὅθεν
1253 2449 1298 2496 δὴ
1322 2456 1384 2486 καὶ
1408 2451 1570 2495 χαλεπὸς

213 2508 358 2554 λέγεται
383 2511 475 2554 apud
499 2511 583 2544 Sch
595 2521 631 2543 11.
657 2516 712 2544 est
733 2515 794 2545 καὶ
815 2508 974 2554 χαλεπὸς
1002 2506 1040 2545 δὲ
1066 2507 1222 2554 λέγεται.
1263 2529 1310 2536 —
1357 2511 1438 2554 Ipse
1461 2509 1569 2544 etiam

147 2583 151 2587 -
212 2566 481 2602 Aristotele
492 2578 509 2601 s
532 2567 743 2614 singularem
767 2570 853 2610 περὶ
868 2563 1013 2609 ιίνέμων
1035 2566 1196 2601 libellum
1213 2566 1468 2611 conscripsisse
1492 2568 1569 2602 fer-

213 2629 271 2657 tur
293 2624 336 2658 ab
359 2623 554 2658 Achille
580 2624 721 2658 Tatio
746 2634 777 2657 c.
788 2625 845 2658 33.
862 2635 897 2667 p.
908 2624 951 2658 91
978 2623 1034 2657 ed.
1055 2624 1214 2659 Petav.
1261 2624 1388 2659 Obiter
1401 2634 1569 2660 moneam

214 2679 320 2714 etiam
342 2679 370 2715 C
382 2680 468 2714 alli
479 2692 514 2714 m
524 2692 544 2715 a
555 2692 575 2715 c
583 2682 607 2714 h
616 2692 683 2714 um
717 2681 788 2714 tale
812 2681 1021 2724 opusculum
1047 2679 1206 2715 eiusdem
1231 2681 1428 2728 argumenti
1454 2686 1489 2716 et
1510 2681 1568 2716 in-

214 2736 303 2771 dicis
331 2737 483 2772 edidisse
496 2761 507 2779 ,
545 2748 594 2771 ex
619 2748 691 2781 quo
714 2748 828 2781 pauca
855 2737 1016 2773 servavit
1042 2737 1067 2772 S
1076 2749 1100 2771 ιι
1108 2737 1120 2771 i
1132 2739 1155 2771 d
1164 2749 1184 2772 a
1194 2749 1211 2771 s
1235 2744 1271 2773 et
1295 2739 1340 2772 ad
1367 2740 1464 2784 quod
1486 2750 1568 2784 per·

216 2792 329 2828 tinere
352 2794 507 2829 arbitror
534 2795 773 2841 fragmentum
798 2794 891 2839 apud
914 2794 964 2829 St
973 2806 994 2829 e
1005 2806 1028 2839 p
1039 2795 1062 2828 h
1073 2806 1093 2829 a
1103 2806 1127 2828 ιι
1136 2806 1159 2828 ιι
1168 2806 1204 2829 ιιι
1230 2796 1260 2830 Β
1273 2807 1299 2840 y
1310 2807 1332 2830 z
1344 2807 1365 2830 a
1374 2807 1398 2830 n
1411 2802 1426 2830 t
1437 2796 1450 2830 i
1462 2807 1487 2830 n
1496 2808 1520 2830 u
1531 2808 1567 2830 m

215 2859 244 2884 s,
260 2861 294 2884 v.
307 2847 425 2895 Θήβη,
451 2853 548 2896 quod
570 2822 613 2886 Be,
610 2863 631 2886 e
640 2863 664 2885 n
673 2853 739 2886 tle
750 2851 794 2886 iu
805 2863 821 2885 s
846 2852 891 2886 ad
916 2850 1074 2886 eiusdem
1096 2852 1225 2887 librum
1248 2856 1330 2897 περὶ
1346 2853 1568 2896 θαυμασίων
