1820 3158
263 362 354 404 100
399 368 781 411 —12-363‚a-Bekk-—
818 368 923 407 LIB.
938 369 986 406 11.
1016 368 1128 407 cAP.
1142 370 1213 408 v1.
1242 358 1248 364 ’
1275 366 1495 410 —p.346‚F.
1515 367 1636 401 eas.-

256 493 348 530 κειν,
382 478 463 519 ἐπεὶ
491 478 580 531 περὶ
607 475 679 528 τὴν
708 474 784 525 ἔξω
808 471 976 529 Λιβύης
1003 474 1214 517 θάλατταν
1243 474 1316 528 τὴν
1340 476 1495 525 νοτίαν,
1529 475 1659 530 ὥσπερ

255 544 436 586 ἐνταῦθα
464 543 501 584 οἱ
531 541 671 596 βορέαι
709 543 774 583 καὶ
809 542 847 583 οἶ
875 540 983 583 νότοι
1013 540 1216 592 πνέουσιν,
1276 539 1404 589 οὕτως
1440 541 1522 582 ἐκεῖ
1554 536 1662 596 εὖροι

203 611 328 652 19καὶ
357 610 516 663 ζέφυροι
547 606 818 661 διαδεχόμενοι
847 615 1018 661 συνεχεῖς
1049 607 1107 649 ἀεὶ
1136 607 1330 648 πνέουσιν.
1391 614 1456 649 19.
1479 606 1568 648 ’Ότι
1590 607 1663 659 μὲν

255 670 326 716 οὗν
354 674 471 721 νότος
500 673 571 715 οὔκ
600 674 706 715 ἔστιν
735 672 755 716 ὃ
788 673 865 715 ἀπὸ
903 679 975 716 τοῦ
1016 674 1151 728 ἑτέρου
1189 673 1316 715 πόλου
1353 674 1481 715 πνέων
1521 672 1664 725 ἄνεμος

254 743 397 794 δῆλον,
437 740 519 781 ἐπεὶ
551 739 639 782 οὔτ’
672 741 817 788 ἐκεῖνος
845 739 944 782 οὗθ’
979 738 1100 782 ὃάπὸ
1125 743 1351 795 χειμερινῆς
1379 743 1542 796 τροπῆς.
1583 738 1664 780 δέοι

252 806 327 862 γὰρ
361 805 409 848 ἂν
438 805 559 848 ἄλλον
590 805 668 849 ἀπὸ
698 810 863 862 θερινῆς
896 804 993 847 εἶναι
1029 810 1202 862 τροπῆς·
1250 805 1356 848 οὕτω
1385 806 1461 861 γὰρ
1490 805 1535 847 τὸ
1566 803 1665 846 ἀνά-

251 876 368 927 λογον
398 872 610 914 ἀποδώσει.
668 877 738 915 νῦν
776 873 817 914 δ’
856 872 929 914 οὐκ
967 873 1084 915 ἔστιν.
1142 870 1198 921 εἷς
1227 872 1303 928 γὰρ
1331 873 1456 926 μόνος
1482 873 1663 927 φαίνεται

251 938 379 980 πνέων
406 939 449 980 ἔκ
476 942 557 980 τῶν
586 940 737 980 ἐκεῖθεν
764 939 900 980 τόπων
927 938 1027 981 ὥστ)
1061 939 1210 994 ἀνάγκη
1239 939 1310 981 τὸν
1338 938 1414 981 ἀπὸ
1441 943 1511 980 τοῦ
1541 953 1664 979 κατα-

198 1005 502 1058 2Οκεκαυμένου
530 1003 658 1046 τόπου
688 1005 856 1046 πνέοντα
887 997 1032 1058 όίνεμον
1061 1004 1159 1048 εἶναι
1187 1005 1317 1048 νότον.
1391 1013 1458 1047 20.
1493 1004 1665 1049 Ἐκεῖνος

251 1069 292 1111 δ’
327 1068 347 1111 ὃ
377 1070 501 1119 τόπος
530 1070 597 1112 διὰ
625 1070 698 1125 τὴν
726 1075 797 1112 τοῦ
826 1069 941 1125 ἡλίου
971 1074 1181 1126 γειτνίασιν
1217 1072 1289 1114 οὐκ
1321 1072 1396 1125 ἔχει
1433 1070 1564 1112 ὕδατα
1600 1069 1664 1110 καὶ

251 1136 378 1191 νομάς
387 1170 399 1190 ,
430 1137 558 1178 awa>
587 1138 659 1192 τὴν
686 1141 802 1192 πῆξιν
831 1137 1065 1191 ποιήσουσιν
1094 1139 1265 1192 ἐτησίας.
1306 1137 1408 1179 ἀλλὰ
1441 1139 1507 1178 διὰ
1529 1135 1574 1177 τὸ
1594 1134 1664 1176 τὸν

249 1203 375 1246 τόπον
403 1202 502 1246 εἶναι
530 1204 632 1245 πολὺ
661 1205 782 1246 πλείω
810 1204 956 1245 ἐκεῖνον
984 1206 1049 1245 καὶ
1069 1203 1419 1257 &vanaenvapce'vovs
1435 1204 1578 1256 μείζων
1599 1202 1664 1242 καὶ

251 1271 395 1312 πλείων
415 1270 480 1311 καὶ
497 1274 652 1322 μᾶλλον
673 1268 848 1318 ἃλεεινὸς
867 1269 1013 1323 ἄνεμος
1035 1267 1055 1311 ὅ
1073 1270 1191 1319 νότος
1221 1271 1304 1312 ἐστὶ
1325 1273 1397 1311 τοῦ
1417 1269 1577 1324 βορέου,
1598 1267 1663 1308 καὶ

198 1340 247 1395 21
265 1335 388 1390 διήκει
416 1339 572 1389 μᾶλλον
603 1338 721 1392 δεῦρο
742 1335 766 1390 ἢ
786 1330 904 1384 οὗτος
925 1337 1015 1377 ἐκεῖ.
1073 1343 1140 1378 21.
1165 1338 1238 1385 Τίς
1257 1337 1331 1390 μὲν
1352 1330 1422 1377 οὖν
1443 1335 1550 1376 αἰτία
1569 1331 1665 1374 τού-

251 1418 333 1443 των
352 1402 436 1443 ἔστὶ
455 1406 536 1444 τῶν
556 1402 724 1455 ἀνέμων,
752 1403 818 1443 καὶ
837 1405 923 1450 πῶς
951 1401 1083 1454 ἔχουσι
1102 1401 1203 1458 πρὸς
1222 1400 1441 1456 ἀλλήλους,
1471 1401 1634 1455 εἴρηται.

200 1475 218 1508 1
358 1472 434 1510 VI.
491 1470 596 1524 Περὶ
627 1469 672 1509 δὲ
698 1469 852 1517 θέσεως
881 1467 1026 1519 αὐτῶν,
1054 1469 1119 1509 καὶ
1142 1469 1243 1516 τίνες
1270 1468 1438 1509 ἐναντίοι
1468 1468 1569 1516 τίσι,
1599 1466 1664 1506 καὶ

250 1534 390 1582 ποίους
427 1532 514 1587 ἅμα
551 1540 660 1575 πνεῖν
696 1535 892 1587 ἐνδέχεται
930 1535 995 1575 καὶ
1033 1535 1173 1583 ποίους
1199 1533 1267 1586 οὔ,
1315 1534 1371 1575 ἔτι
1401 1533 1443 1574 δὲ
1472 1534 1573 1580 τίνες
1600 1533 1665 1573 καὶ

250 1600 368 1642 πόσοι
408 1600 670 1655 τυγχάνουσιν
709 1600 843 1653 ὄντες,
895 1602 960 1642 καὶ
992 1600 1095 1657 πρὸς
1123 1600 1283 1649 τούτοις
1309 1601 1398 1654 περὶ
1425 1603 1507 1641 τῶν
1534 1598 1665 1640 ἄλλων

251 1732 374 1782 gitur,
402 1738 447 1770 ut
474 1733 538 1771 hic
566 1735 768 1785 aquilones
795 1741 836 1773 et
865 1736 1011 1784 austri,
1038 1736 1093 1773 ita
1111 1735 1194 1774 illic
1212 1735 1436 1774 Vulturnus
1466 1726 1665 1770 etFavo-

250 1797 340 1835 nius
380 1798 552 1836 vicissim
591 1814 750 1850 semper
789 1801 860 1838 sibi
908 1801 1160 1838 succedentes
1208 1800 1456 1837 continenter
1501 1798 1663 1848 spirant.

252 1867 316 1902 19.
350 1864 609 1914 Perspicuum
642 1867 762 1916 igitur
789 1872 868 1914 est,
904 1880 984 1903 non
1017 1867 1065 1904 ab
1092 1868 1216 1904 altero
1248 1867 1341 1916 polo
1371 1871 1548 1902 austrum
1581 1863 1664 1914 spi-

249 1941 359 1978 rare,
390 1931 573 1979 quoniam
596 1945 724 1981 neque
744 1932 778 1969 is
798 1938 875 1979 est,
905 1945 1034 1982 neque
1057 1934 1174 1970 etiam
1193 1932 1281 1979 ille,
1312 1931 1378 1981 qui
1398 1943 1420 1968 a
1438 1929 1661 1968 conversio-

250 1995 364 2033 nibus
380 1996 781 2047 brumalibus'spirat.
840 1998 978 2036 Alium
1011 1999 1115 2036 enim
1148 1998 1195 2036 ab
1223 1997 1370 2035 aestiva
1404 1995 1663 2033 conversione

251 2075 334 2099 esse
367 2069 587 2113 oporteret,
636 2069 680 2101 ut
715 2064 879 2102 rationis
918 2066 1130 2115 aequalitas
1166 2068 1468 2114 provocaretur.
1545 2061 1663 2098 Nunc

253 2133 382 2166 autem
411 2129 543 2166 nullus
577 2136 654 2178 est,
695 2130 841 2180 quippe
872 2143 961 2168 cum
989 2144 1092 2168 unus
1111 2136 1262 2169 tantum
1288 2142 1339 2166 ex
1359 2129 1436 2166 illis
1459 2127 1554 2165 locis
1581 2127 1664 2177 spi-

249 2206 340 2232 rare
359 2194 556 2233 videatur.
618 2197 709 2246 Qua
729 2209 775 2234 re
796 2209 955 2234 necesse
982 2202 1040 2234 est
1062 2210 1151 2234 eum
1173 2187 1337 2235 ventum
1349 2222 1360 2241 ,
1392 2194 1460 2245 qui
1490 2206 1540 2230 ex
1568 2193 1663 2230 locis

248 2258 396 2298 adustis
421 2259 512 2309 flat,
561 2269 737 2300 austrum
776 2276 873 2301 esse.
957 2266 1022 2301 20.
1073 2264 1208 2301 Locus
1238 2268 1367 2300 autem
1398 2261 1465 2297 ille
1496 2265 1663 2310 propter

247 2326 339 2363 solis
379 2327 716 2378 propinquitatem
755 2342 874 2380 aquas
914 2342 995 2366 non
1034 2328 1177 2377 habet,
1226 2318 1294 2366 aut
1331 2327 1518 2378 pabulum
1558 2323 1663 2376 quod

246 2391 498 2441 liquefactum
525 2394 675 2432 Etesias
703 2395 877 2433 excitare
905 2401 1051 2446 posset.
1136 2395 1193 2433 At
1223 2394 1408 2445 quoniam
1449 2393 1557 2429 locus
1594 2390 1662 2426 ille

247 2457 372 2495 multo
391 2459 562 2509 amplior
581 2466 657 2508 est,
687 2466 727 2498 et
744 2461 860 2511 longe
882 2460 1038 2511 lateque
1057 2467 1185 2512 patet,
1215 2465 1347 2497 auster
1369 2458 1493 2494 maior
1515 2461 1554 2493 et
1574 2468 1662 2492 cre-

246 2521 376 2571 brior,
403 2524 646 2576 calidiorque
672 2533 749 2575 est,
790 2541 910 2578 quam
934 2527 1088 2576 aquilo,
1127 2527 1325 2576 magisque
1350 2523 1427 2560 huc
1454 2532 1568 2567 quam
1595 2517 1660 2554 hic

248 2585 343 2622 illuc
374 2586 474 2624 solet
497 2593 724 2637 pervenire.
783 2596 849 2630 21.
888 2593 1094 2642 Quaenam
1123 2592 1243 2638 igitur
1271 2590 1416 2622 horum
1446 2588 1657 2620 ventorum

249 2663 360 2688 causa
380 2652 449 2698 sit,
480 2658 519 2690 et
539 2654 870 2703 quemadmodum
892 2668 934 2692 se
954 2655 1126 2693 invicem
1146 2651 1334 2697 habeant,
1358 2647 1513 2685 dictum
1532 2655 1603 2686 est.

360 2717 456 2755 CAP-
479 2718 554 2756 VI.
621 2721 683 2756 De
715 2721 795 2757 situ
825 2726 955 2758 autem
994 2731 1134 2758 eorum
1170 2723 1210 2754 et
1243 2715 1310 2765 qui
1336 2714 1532 2756 contrarii
1565 2714 1657 2760 sint,

248 2795 399 2834 quosve
420 2783 536 2820 simul
553 2782 650 2821 flare
669 2785 877 2834 contingat,
907 2790 947 2822 et
968 2797 1070 2834 quos
1086 2795 1167 2820 non
1186 2781 1327 2826 simul,
1359 2787 1443 2818 tum
1465 2781 1596 2830 quales
1619 2786 1657 2817 et
