1774 3198
262 361 354 404 488
474 366 919 425 ΟΟΜΜΕΝΤΑΒΙΠΕ
946 367 1006 405 ΙΝ
1030 367 1435 408 METEOROLOG.

260 476 448 531 θαλάττῃ
467 477 616 516 addunt
632 479 677 515 F.
698 477 750 515 H.
769 478 821 515 N.
845 497 893 503 -
924 473 1136 529 ὃιαξήρους
1161 478 1382 528 recepimus
1401 490 1452 516 ex
1469 478 1571 517 E.A.
1588 479 1657 517 Er.

261 545 413 595 Reliqui
433 539 588 594 ξηρούς.

368 614 433 649 26.
462 606 742 661 ἀρχαιοτέρους
762 610 817 647 Η.
838 609 890 646 Ν.
911 629 964 637 --
992 609 1055 647 De
1071 621 1118 646 re
1136 608 1208 646 cfr.
1229 607 1277 645 ad
1294 610 1325 656 Ι,
1350 610 1413 659 14,
1434 612 1498 648 12.
1543 611 1659 649 Adde

260 675 471 712 Rhetoric.
495 677 586 724 VH,
612 679 680 712 1οε
711 671 772 713 ὅτι
801 673 845 713 δὲ
873 671 1002 713 πάντα
1032 671 1193 726 ἀρχαῖα,
1224 672 1458 725 σημεῖον-τὰ
1476 674 1563 729 περὶ
1584 674 1662 714 Αἴ-

258 737 405 791 γυπτόν
425 738 541 779 ἔστιν.
574 731 683 779 οὗτοι
702 738 777 793 γὰρ
803 737 1059 794 ἀρχαιότατοι
1085 738 1159 791 μὲν
1189 739 1372 780 δοκοῦσιν
1391 737 1500 790 εἶναι,
1527 739 1662 792 νόμων

260 803 303 844 δὲ
330 804 562 857 τετυχήκασι
591 806 656 845 καὶ
683 804 833 854 τάξεως
858 808 1074 858 πολιτικῆς.
1118 807 1308 846 Sacerdos
1319 806 1540 858 Aegyptius
1557 808 1664 859 apud

258 872 526 911 Platonem
572 876 673 912 Tim.
703 888 741 924 p.
766 878 818 912 23
841 876 873 912 Ε
903 874 975 911 ait:
1024 874 1095 923 τῆς
1126 870 1169 911 δὲ
1197 871 1339 912 ἐνθαδὶ
1369 869 1665 924 διακοσμήσεως

258 933 353 990 παρ’
385 934 478 989 ἡμῖν
508 938 548 978 ἓν
577 944 661 985 τοῖς
687 936 916 992 γράμμασιν
943 936 1240 989 ὀκτακισχιλίων
1269 938 1366 978 ἐτῶν
1395 936 1573 992 ἀριθμὸς
1599 937 1664 992 γέ-

256 1017 440 1056 γραπται.
489 1005 577 1058 περὶ
606 1003 655 1057 δὴ
683 1008 761 1045 τῶν
790 1005 1030 1056 ἐνακισχιλιά
1060 1003 1125 1056 ἔτη
1155 1001 1371 1057 γεγονότων
1399 1006 1571 1045 πολιτῶν
1600 1019 1664 1045 σοι

259 1067 427 1120 δηλώσω
455 1069 520 1110 διὰ
546 1070 729 1123 βραχέων
753 1070 903 1123 νόμους
929 1086 971 1111 τε
1001 1070 1064 1110 καὶ
1094 1072 1173 1110 τῶν
1203 1070 1326 1123 ἕργῶν
1355 1070 1490 1119 αὐτοῖς
1517 1070 1538 1112 ὃ
1568 1070 1665 1111 κάλ-

258 1136 391 1174 λιστον
421 1135 620 1190 ε’πράχθη.
678 1139 758 1177 Adi
781 1140 896 1176 etiam
920 1137 1158 1177 Tzetzam
1190 1136 1368 1177 chiliani.
1387 1141 1546 1177 Histor-
1566 1141 1662 1190 XII,

257 1206 336 1240 269
361 1223 412 1229 ——
436 1207 529 1242 296.
573 1211 610 1242 et
652 1206 820 1244 Vales.
850 1204 901 1241 ad
931 1205 1171 1242 Ammian.
1200 1206 1488 1244 Marcellin.
1516 1207 1662 1252 XXII,

260 1271 323 1316 15,
349 1272 383 1305 2.
417 1271 532 1308 Tom.
551 1272 601 1309 II.
639 1284 678 1320 p.
707 1270 785 1309 495
825 1270 887 1307 ed.
916 1271 1154 1319 VVagner.
1210 1271 1411 1320 Imprimis
1435 1278 1572 1309 notatu
1600 1272 1663 1309 di-

257 1347 353 1384 gnus
368 1342 424 1372 est
437 1337 545 1374 locus
565 1338 792 1386 Pompon.
805 1337 919 1375 Mel.
939 1336 986 1373 de
1007 1338 1071 1374 sit.
1083 1336 1170 1373 orb.
1183 1337 1214 1382 I,
1229 1339 1272 1386 9:
1289 1336 1381 1385 Ipsi
1400 1333 1664 1374 vetustissimi

257 1400 320 1451 (ut
336 1399 621 1453 praedicant),
643 1402 872 1447 hominum,
911 1409 1107 1439 trecentos
1135 1409 1172 1438 et
1199 1403 1378 1452 triginta
1411 1416 1528 1454 reges
1563 1411 1662 1440 ante

257 1467 450 1514 Amasin,
480 1475 517 1518 εξ
533 1481 660 1518 supra
687 1467 881 1505 tredecim
904 1468 1077 1504 millium
1099 1480 1306 1504 annorum
1332 1475 1506 1514 aetates,
1540 1471 1664 1506 certis

258 1532 478 1570 annalibus
498 1533 703 1589 referunt:
732 1533 1055 1584 mandatumque
1075 1531 1224 1571 litteris
1247 1541 1436 1581 servant,
1469 1534 1562 1570 dum
1578 1534 1665 1571 Ae-

254 1601 391 1649 gyptii
413 1608 529 1649 sunt,
566 1610 704 1652 quater
730 1614 871 1639 cursus
893 1614 985 1638 suo-s·
1005 1601 1172 1638 vertisse
1200 1599 1340 1636 sidera
1373 1611 1424 1637 ac
1449 1600 1572 1637 solem
1601 1600 1664 1637 bis

258 1666 342 1702 iam
363 1667 573 1712 occidisse,
603 1668 708 1705 unde
733 1681 833 1705 nunc
852 1667 1003 1716 oritur3
1032 1679 1111 1717 quo
1130 1665 1180 1703 de
1202 1665 1291 1703 loeo
1315 1666 1387 1703 cfr.
1417 1667 1550 1703 Hero
1563 1666 1663 1704 dot.

259 1733 308 1779 ΙΙ,
334 1732 425 1779 142,
453 1733 560 1771 unde
580 1735 724 1786 petitus
744 1740 812 1783 est,
833 1739 872 1770 et
896 1733 1074 1771 Ideler
1101 1732 1265 1771 Handb.
1284 1733 1352 1770 der
1365 1729 1613 1782 Chronolog.
1632 1734 1664 1771 Ι.

257 1810 297 1847 p.
321 1801 407 1836 138.
463 1800 777 1851 Aristoteles
805 1813 893 1838 cum
922 1799 962 1837 h.
985 1800 1014 1837 l.
1046 1799 1150 1837 dicat
1177 1805 1300 1836 totam
1320 1794 1552 1848 Aegyptum
1582 1799 1665 1837 Nili

258 1876 341 1900 esse
369 1877 466 1914 opus
482 1893 493 1913 ,
532 1866 702 1917 ideoque
731 1867 835 1904 illam
866 1866 970 1903 orbis
1001 1871 1199 1903 terrarum
1226 1870 1381 1915 partem
1403 1865 1564 1902 subiisse
1592 1866 1666 1902 ali-

258 1929 413 1979 quando
432 1944 513 1968 non
531 1932 688 1989 exiguas
707 1933 952 1979 mutationes,
981 1932 1082 1968 eain
1105 1945 1151 1968 re
1179 1931 1355 1968 dissentit
1382 1943 1404 1966 a
1431 1931 1663 1977 Platone,

257 1995 365 2032 cuius
385 1997 508 2034 verba
529 2010 579 2034 ex
605 2000 769 2035 Timaeo
796 2011 832 2048 p.
855 2001 907 2036 22
930 1997 962 2035 C
982 2010 1037 2047 sq.
1055 1997 1208 2047 integra
1222 1996 1420 2043 adscribo,
1452 2009 1541 2033 cum
1564 2009 1665 2034 non—

256 2060 356 2100 nihil
375 2063 516 2100 faciant
532 2063 582 2100 ad
601 2064 902 2114 explicationem
913 2063 1280 2102 Aristotelicorum:
1301 2060 1460 2101 Πολλαὶ
1480 2060 1544 2100 καὶ
1563 2059 1666 2104 κατὰ

257 2125 385 2166 πολλὰ
414 2127 571 2181 φθοραὶ
588 2125 800 2181 -γεγόνασιν
830 2126 1058 2181 ἀνθρώπων
1087 2129 1152 2168 καὶ
1174 2127 1352 2174 ἔσονται,
1381 2126 1475 2180 πυρὶ
1497 2125 1570 2178 μὲν
1599 2126 1665 2166 καὶ

256 2190 372 2233 ὕδατι
399 2192 598 2246 μέγισται,
633 2194 791 2249 μυρίοις
821 2194 864 2234 δὲ
893 2192 1028 2241 ἄλλοις
1055 2193 1182 2249 ἕτεραι
1209 2191 1475 2248 βραχυτέραν
1513 2190 1559 2232 τὸ
1588 2190 1663 2246 γὰρ

259 2253 328 2299 οὗν
358 2259 423 2299 καὶ
452 2259 541 2313 παρ’
575 2256 668 2311 ’ὑμῖν
697 2258 926 2314 λεγόμενον,
957 2260 1010 2308 ὣς
1038 2277 1132 2302 ποτε
1165 2259 1364 2319 Φαέθων,
1399 2255 1545 2299 εΗλιόυ
1573 2263 1666 2305 παῖς

257 2323 302 2365 τὸ
335 2329 407 2366 τοῦ
439 2325 591 2380 πατρὸς
631 2324 741 2380 ἅρμα
778 2326 938 2377 ζεύξας,
986 2326 1051 2368 διὰ
1079 2326 1124 2368 τὸ
1153 2325 1210 2379 μὴ
1239 2323 1406 2372 δυνατὸς
1438 2321 1534 2364 εἶναι
1563 2322 1664 2364 κατὰ

256 2389 330 2443 τὴν
358 2394 431 2431 τοῦ
459 2391 612 2446 πατρὸς
653 2389 746 2433 ὁδὸν
784 2392 960 2434 ἐλαύνειν
989 2391 1041 2434 τά
1068 2391 1108 2434 τ’
1145 2392 1208 2432 ἐπὶ
1243 2395 1314 2445 γῆς
1352 2390 1559 2439 ξυνέκαυσε
1599 2389 1663 2430 καὶ

259 2455 379 2504 αὐτὸς
407 2459 675 2511 κεραυνωθεὶς
700 2458 902 2514 διεφθάρη
941 2460 1038 2513 (cfr.
1064 2460 1115 2499 ad
1142 2463 1181 2509 Ι,
1206 2463 1250 2508 8,
1273 2457 1346 2510 2),
1376 2459 1494 2497 τοῦτο
1523 2453 1662 2507 μύθου

257 2523 331 2574 μὲν
359 2527 491 2576 σχῆμα
519 2523 607 2576 ἔχον
639 2524 862 2577 ἐλαύνεται,
903 2526 949 2566 τὸ
983 2524 1023 2565 δ’
1058 2523 1210 2578 ἀληθές
1247 2524 1330 2564 ἔστι
1359 2526 1438 2564 τῶν
1468 2522 1555 2575 περὶ
1592 2525 1662 2574 γῆν

259 2589 446 2647 καὶχκαθ
480 2589 649 2644 οὐρανὸν
678 2590 817 2633 ῗὸντων
852 2590 1097 2646 παράλλαξις
1133 2591 1197 2631 καὶ
1227 2588 1293 2630 διὰ
1319 2590 1482 2641 μακρῶν
1504 2586 1662 2650 χρόνων

258 2655 461 2708 γιγνομένη
491 2654 569 2697 τῶν
598 2657 661 2696 ἐπὶ
689 2661 760 2711 γῆς
788 2659 882 2713 πυρὶ
909 2660 1045 2713 πολλῷ
1073 2655 1229 2712 φθορά.
1259 2653 1348 2695 τότε
1368 2647 1436 2694 οὖν
1463 2650 1549 2692 ὅσοι
1575 2650 1658 2692 κατ’

260 2718 332 2772 39⁷7
363 2722 427 2761 καὶ
453 2722 494 2763 ἓν
513 2720 696 2776 ffumlnis
722 2720 856 2771 τόποις
885 2723 949 2763 καὶ
972 2723 1012 2764 ἒν
1031 2725 1165 2776 ξηροῖς
1194 2723 1344 2763 οἲκοῢσι
1371 2720 1524 2770 μᾶλλον
1554 2716 1663 2758 διόλ-

260 2789 395 2827 λυνται
424 2791 503 2827 τῶν
531 2795 725 2840 ποταμοῖς
763 2790 824 2830 καὶ
855 2787 1042 2842 θαλάττῃ
1072 2785 1400 2842 προσοικούντων.
1445 2781 1539 2836 ἡμῖν
1568 2782 1611 2824 δὲ
1639 2781 1661 2823 ὃ
