1774 3198
408 353 631 396 LIBRUM
659 350 991 393 SECUNDUM.
1049 346 1166 388 CAP.
1187 348 1256 394 III.
1459 337 1554 382 527

117 473 259 523 fragm.
285 485 324 522 p.
348 472 442 509 133.
466 469 558 507 178.
593 466 771 505 Ritter
802 462 1048 503 Gesclziohte
1072 459 1387 521 derIioniechen
1405 459 1556 499 Philo-

117 539 262 591 sophia
289 551 330 590 p.
353 540 436 576 278
461 549 547 587 sqq.
844 521 849 527 ‚

231 607 298 646 19.
327 602 542 659 φαίνονται
571 615 648 654 pro
667 599 851 655 φαίνεται
870 600 923 639 Η.
945 599 1001 638 N.
1030 598 1105 638 cfr.
1129 596 1182 636 ad
1202 597 1232 648 1,
1250 600 1289 648 3,
1309 600 1343 636 1.
1372 597 1427 647 II,
1451 600 1490 644 1,
1512 600 1555 636 9.

120 695 171 704 -
205 671 370 726 λέγομεν
398 686 476 724 pro
505 666 679 722 λέγωμεν
706 671 755 709 E.
777 669 833 708 Η.
864 668 939 710 cfr.
962 670 1023 716 Π,
1043 667 1090 716 4,
1112 669 1157 705 1:
1186 664 1276 719 περὶ
1305 662 1350 705 δὲ
1377 660 1558 716 πνευμά-

118 755 201 780 των
230 738 430 793 λέγωμεν,
470 734 664 789 λαβόντες
695 732 825 789 ἀρχὴν
853 733 927 788 τὴν
955 732 1167 789 εἴρημένην
1204 729 1302 786 ἢμΐν
1337 729 1416 785 ἤδη
1451 727 1558 786 πρό-

117 822 250 862 τερον.
268 828 325 836 --
352 803 477 860 ἥνπερ
498 819 574 858 pro
595 801 644 856 ἣν
660 805 828 858 praebet
847 805 901 844 N.
929 824 986 831 -—
1014 801 1084 842 καί
1101 808 1194 855 post
1213 798 1263 854 ἣν
1283 801 1433 841 omittit
1451 802 1500 841 E.

232 879 302 916 20.
340 876 438 914 Plus
467 873 591 912 semel
617 874 807 925 exposuit
830 872 1032 925 duplicem
1057 871 1241 924 generari
1266 876 1400 910 terrae
1426 883 1558 922 vapo-

116 958 231 992 rem,
259 945 431 982 alterum
453 941 689 990 humidum,
718 941 892 980 alterum
919 941 1078 979 siccum.
1136 938 1219 978 Sed
1242 939 1353 978 nullo
1385 951 1438 977 ex
1465 938 1556 977 loco

117 1012 275 1064 aptiore
294 1012 420 1064 petita
438 1024 526 1049 esse
544 1009 745 1059 videntur,
773 1023 874 1061 quae
894 1022 947 1047 ex
976 1007 1277 1047 Aristotele
1306 1020 1350 1045 se
1379 1005 1557 1045 hausisse

116 1085 285 1119 testatur
314 1081 510 1118 Seneca
540 1079 712 1129 Quaem.
732 1085 825 1115 nat.
847 1078 880 1125 I,
905 1080 942 1125 1,
971 1080 1018 1124 6,
1049 1088 1229 1128 quaeque
1246 1075 1291 1113 in
1308 1074 1434 1123 libris,
1464 1075 1558 1126 qui-

116 1146 191 1186 bus
207 1137 315 1185 nunc
334 1147 499 1195 utimur,
519 1158 715 1196 nusquam
734 1150 951 1183 occurrunt
968 1145 1034 1192 ita,
1056 1149 1102 1182 ut
1122 1144 1347 1181 Senecae
1364 1142 1491 1181 verba
1504 1155 1559 1181 ex

116 1215 166 1253 iis
182 1215 372 1253 translata
388 1212 521 1253 videri
538 1218 704 1264 queant:
722 1211 973 1251 Aristoteles
992 1212 1081 1248 eius·
1099 1209 1216 1248 modi
1231 1211 1442 1248 rationem
1460 1209 1558 1248 red·

118 1282 207 1321 dit.-
263 1282 443 1322 Varia
479 1288 528 1318 et
565 1279 736 1317 multa
774 1287 1052 1317 terrarum
1090 1276 1240 1316 orbis
1281 1278 1556 1329 exspirat,

116 1349 379 1404 quaedam
404 1347 645 1396 humida,
678 1347 948 1399 quaedam
974 1347 1152 1395 sicea,
1181 1345 1441 1397 quaedam
1474 1345 1558 1383 al-

110 1415 328 1470 gentia,
370 1416 631 1468 quaedam
658 1414 1043 1465 concipiendis
1083 1412 1311 1465 ignibus
1346 1410 1554 1452 idonea.

115 1487 302 1525 Fortasse
321 1484 414 1523 talia
433 1484 477 1522 in
502 1483 627 1521 altera
647 1482 768 1520 huius
791 1482 884 1521 libri
910 1482 1144 1520 recensione
1165 1481 1378 1529 exstitere,
1407 1493 1485 1532 qua
1506 1479 1558 1519 de
1607 1515 1617 1520 ,

113 1566 163 1592 re
192 1559 234 1592 et
260 1566 382 1604 supra
410 1551 562 1603 egimus
587 1556 628 1589 et
650 1550 756 1589 infra
783 1550 850 1588 hic
875 1550 959 1589 illic
990 1549 1120 1588 acturi
1148 1536 1300 1589 suiuus.
1330 1569 1387 1577 ——-
1417 1544 1554 1601 ἐπειδή

115 1633 192 1673 pro
213 1617 299 1659 ἐπεί
316 1622 361 1659 F.
386 1619 438 1658 H.
457 1619 511 1658 N.
530 1640 587 1646 -—
615 1613 714 1657 εἶναι
736 1613 865 1670 ἀρχήν
892 1617 1058 1656 inverso
1086 1616 1231 1656 ordine
1257 1618 1304 1656 F.
1334 1636 1390 1646 —
1419 1616 1558 1656 Verba

114 1689 198 1727 τῶν
225 1683 424 1726 τοιούτων
451 1686 599 1724 omittit
617 1685 728 1725 Cam.
748 1705 807 1713 —
832 1686 1120 1739 προαπορῆσαι
1139 1698 1217 1738 pro
1237 1684 1410 1741 simplici
1427 1685 1558 1725 verbo

113 1757 164 1796 E.
185 1776 243 1783 —
270 1751 446 1805 διαμένει
469 1750 534 1793 ἀεί
552 1753 698 1792 ordine
718 1752 938 1793 verborum
960 1760 1113 1792 mutato
1133 1753 1185 1793 A.
1200 1753 1311 1793 Cam.
1339 1753 1458 1792 Alex.
1484 1753 1558 1793 fol.

117 1827 192 1872 96,
215 1822 254 1861 b.
284 1823 332 1862 P.
362 1823 406 1860 S.
435 1822 524 1861 Cas.
554 1844 612 1852 ——
655 1818 717 1860 ἀεὶ
745 1821 827 1860 τῶν
853 1819 1011 1876 μορίων
1039 1834 1117 1876 pro
1145 1817 1208 1861 ἀεὶ
1233 1822 1316 1862 τῶν
1342 1818 1480 1876 μέρων
1504 1834 1559 1860 ex

114 1897 339 1942 antegressa
367 1889 474 1928 linea
499 1891 548 1929 F.
567 1889 618 1929 H.
643 1889 696 1928 N.

226 1959 294 1996 21.
324 1954 474 1997 τούτου
501 1958 573 1996 τοῦ
596 1953 808 2008 πλήθους,
838 1956 986 1996 omisso
1006 1957 1155 1997 deinde
1176 1954 1335 1998 τούτων
1354 1959 1400 1997 F.
1421 1979 1479 1987 —-
1509 1954 1557 1997 τὸ

113 2032 207 2066 ante
234 2027 316 2065 τῶν
345 2021 521 2079 ῥεόντων
548 2019 712 2064 ὑδάτων
739 2024 851 2063 deest
865 2024 974 2078 apud
990 2026 1044 2064 H.
1063 2026 1118 2065 N.
1134 2047 1191 2054 —
1221 2021 1400 2079 φανερὸν
1416 2022 1468 2077 δὴ
1489 2023 1561 2064 καί

113 2093 251 2133 addito
266 2092 335 2133 καί
348 2093 393 2132 Ε.
408 2095 454 2132 F.
463 2093 516 2132 H.
527 2115 583 2121 ——
602 2092 799 2132 casaub
810 2106 938 2131 onus
955 2099 1048 2145 post
1064 2094 1137 2145 τῆς
1152 2093 1387 2144 μεταβολῆς
1404 2092 1558 2133 maiore

114 2162 270 2200 mavult
287 2161 532 2212 distinguere
549 2161 873 2212 interpunctione
887 2166 926 2199 et
939 2160 1086 2199 deinde
1103 2161 1281 2199 scribere
1291 2158 1375 2199 ἐπεὶ
1393 2156 1557 2200 πάντων

115 2235 157 2268 et
174 2242 210 2280 q.
223 2241 318 2266 3.-
345 2242 387 2281 ys
407 2241 484 2279 pro
502 2241 544 2266 τε
562 2227 727 2278 praebet
746 2229 806 2276 E„
834 2241 1001 2280 prorsus
1022 2228 1194 2266 omisere
1208 2228 1261 2267 A.
1269 2228 1314 2267 P.
1326 2227 1447 2268 Alex.
1464 2227 1557 2267 Aldi

115 2297 188 2336 sol.
209 2298 277 2341 96,
294 2295 332 2332 b.
361 2296 470 2335 Cam.
493 2295 534 2332 S.
556 2295 644 2333 Cas.

227 2366 294 2401 22.
324 2361 465 2416 ‹lofivm
493 2376 571 2415 pro
597 2362 820 2414 composito
849 2361 978 2400 verbo
1007 2360 1059 2400 A.
1083 2362 1206 2402 Alex.
1236 2384 1288 2392 —
1318 2356 1340 2400 ὃ
1368 2367 1462 2402 ante
1478 2375 1558 2414 χυ-

113 2426 194 2485 μός
221 2429 372 2468 omittit
400 2432 450 2470 F.
481 2453 538 2460 —
577 2443 668 2470 τινα
694 2442 772 2482 pro
801 2443 912 2475 τινος
938 2430 987 2468 Α.
1016 2452 1074 2460 -
1112 2426 1386 2483 πρότερον
1409 2427 1557 2471 εἴπο-

114 2511 221 2550 μεν.
254 2498 328 2537 cfr.
348 2499 400 2546 H,
426 2501 466 2548 2,
499 2496 566 2536 14.
594 2519 650 2527 -
689 2497 877 2550 Denique
903 2492 1183 2537 ἀπεπτότατον
1209 2495 1286 2550 μὲν
1313 2495 1391 2552 γάρ
1418 2497 1556 2538 addito
1584 2508 1588 2512 ‘

113 2564 189 2618 μέν
219 2567 269 2607 Ε.

226 2637 293 2673 23.
323 2629 397 2684 &my
422 2646 497 2685 pro
516 2628 577 2671 ὅτι
599 2632 645 2671 Ρ.
682 2632 756 2672 cfr.
788 2633 840 2671 ad
871 2635 970 2673 Exc.
990 2635 1048 2682 H,
1067 2636 1121 2683 73,
1143 2634 1187 2675 1.
1239 2633 1355 2673 Idem
1389 2633 1556 2675 exhibet

116 2713 215 2739 mox
242 2698 473 2751 πεπτόμενα
502 2714 579 2752 pro
606 2697 841 2750 πεττόμενα.
870 2722 920 2728 -—
955 2698 1113 2740 ἅπαντα
1141 2714 1218 2754 pro
1246 2698 1380 2740 πάντα
1407 2702 1462 2741 Ν.
1492 2698 1554 2742 ἀεὶ

115 2764 248 2807 πάντα
266 2770 322 2807 Η.
343 2792 395 2797 -
426 2765 561 2807 ἔπειτα
582 2765 627 2807 δὲ
652 2762 673 2807 ὃ
695 2765 820 2822 ἱδρώς
846 2768 992 2807 additis
1018 2769 1214 2821 particula
1243 2765 1292 2808 δέ
1316 2774 1358 2808 et
1380 2769 1551 2812 articulo

115 2838 163 2875 F.
219 2837 358 2875 Solum
386 2837 599 2875 articulum
627 2835 782 2875 addunt
811 2837 863 2877 A.
902 2835 1021 2876 Alex.
1056 2836 1165 2877 Aldi.
1206 2836 1318 2876 Cam.
1346 2837 1394 2876 P.
1423 2837 1467 2877 S.
1495 2857 1551 2868 -
