1774 3198
277 339 389 394 ‘²²194
445 357 816 398 COMMENT.1N
834 359 1083 398 METEOR.
1142 360 1246 399 Lm.
1267 362 1298 399 1.
1323 322 1575 403 &jaaxm

292 471 478 509 omittunt
499 471 544 508 F.
566 469 618 506 H.
639 467 693 504 N.
716 489 765 497 --
802 464 883 521 ῥεῖν
916 469 1090 507 correxit
1114 471 1159 508 E.
1190 465 1254 523 ῥεῖ
1266 471 1314 508 Α.
1336 471 1406 509 Er.
1430 473 1537 511 Cam.
1571 474 1615 514 Ρ.
1645 476 1685 513 S.

292 537 379 575 Cas.
405 557 460 565 —-
505 530 631 586 ῥεύσει
668 541 708 572 et
739 534 880 572 deinde
917 531 1026 573 ἔσται
1064 549 1139 587 pro
1175 529 1222 587 ἦν
1258 537 1421 575 coniecit
1454 539 1686 592 Koenig-

290 616 437 642 mann
467 601 611 650 Geogr.
630 599 843 642 Aristotel.
871 615 908 652 p.
937 605 1024 640 107.
1054 609 1136 641 not.
1163 606 1258 652 270,
1295 603 1403 654 quod
1429 604 1589 642 minime
1615 619 1688 644 ne-

289 669 508 707 cessarium.
566 666 719 716 Quodsi
744 667 848 705 enim
876 668 949 706 ista
970 669 1148 707 accident*
1164 669 1382 720 aliquando,
1412 670 1547 708 eadem
1568 671 1688 710 fuisse

289 734 502 775 verisimile
522 739 591 782 est,
621 747 710 771 cum
729 734 900 772 mundus
917 736 967 773 sit
985 742 1243 774 aeternus.—-
1271 731 1378 774 αὐτῶ
1394 749 1468 788 pro
1490 734 1620 776 αὐτῶν
1641 739 1687 777 Ε.

288 826 342 832 »-
369 801 558 851 ποταμῶν
577 794 740 852 ἁρμόσει
760 802 808 838 Η.
832 799 886 839 Ν.
918 815 1005 840 not.
1027 797 1208 855 ἁρμόσειε
1228 804 1274 840 F.

398 872 462 906 32.
493 866 571 905 Pro
590 864 694 919 εἴπερ
715 869 762 906 F.
783 868 891 906 cam.
918 865 1024 920 εἴπερ
1045 868 1121 908 καί.
1152 868 1204 907 Ν.
1236 866 1301 906 καὶ
1321 864 1427 920 εἴπερ
1447 867 1526 907 καί.
1545 890 1599 898 --
1629 866 1689 908 ἀεὶ

288 932 423 983 αὐτοί,
460 935 602 971 omisso
631 934 794 972 articulo
823 936 868 973 E.

399 1003 464 1039 33.
482 996 696 1052 θαλάσσης
715 1000 768 1039 Ν.
780 1024 836 1031 —-
860 997 1133 1052 ἀπολιπούσης
1152 1002 1200 1039 Α.
1218 1003 1285 1039 Er.
1303 1002 1409 1039 Cam.
1427 1002 1470 1039 P.
1484 1002 1522 1039 S.
1533 1001 1620 1040 Cas.
1633 1021 1688 1031 --

289 1065 359 1107 οὐκ
389 1065 451 1106 ἀεί
474 1063 506 1105 τ’
529 1064 631 1105 αὐτά
651 1069 718 1106 Er.
735 1089 791 1096 —-
822 1065 995 1120 χερσεύει
1014 1070 1060 1106 F.
1085 1068 1136 1105 H.
1158 1088 1213 1095 -
1243 1063 1343 1106 διότι
1372 1081 1447 1119 pro
1476 1065 1542 1106 διὰ
1569 1066 1612 1106 τί
1635 1068 1685 1106 Ε.

287 1135 337 1173 A.
359 1136 427 1172 Er.
456 1154 504 1163 -—
537 1133 634 1174 εἰσίν
662 1135 808 1173 omittit
834 1137 882 1173 F.
