1786 3198
538 296 551 311 ’
609 331 1034 377 PRAEFA'rlo.
1431 333 1545 375 xx1
1616 306 1625 312 ’

88 447 209 490 CXL
233 458 276 490 et
297 446 462 490 CXLII
476 449 571 501 ²0),
600 456 801 489 monente
821 446 1082 489 Fabricio
1098 447 1172 497 Μ)
1187 476 1199 498 ,
1230 450 1274 488 in
1305 447 1394 488 cod.
1419 446 1541 488 vati-

85 533 178 560 can.
210 522 306 561 303.
337 518 411 561 fol.
439 518 696 574 bombycino
726 526 770 559 et
798 518 890 559 cod.
913 515 1027 558 Bibl.
1045 518 1180 573 regin.
1210 521 1290 559 118
1321 515 1395 559 fol.
1418 516 1539 558 char-

83 597 230 639 taceo,
273 590 346 645 qui
373 588 548 630 Parisiis
581 589 763 642 scriptus
793 595 859 628 est
886 601 999 628 anno
1031 591 1140 629 1548
1164 588 1246 642 ²²).

198 659 350 700 Exstat
378 659 507 700 etiam
550 655 855 712 Nicephori
893 655 1236 699 Blemmidae
1275 666 1535 699 commenta-

81 730 173 771 rius
201 731 247 771 in
275 726 634 784 Meteorologica‚
679 740 789 783 quae
819 741 905 768 una
938 742 1033 769 cum
1064 728 1280 783 excerptis
1319 727 1536 770 nonnullis

81 812 137 840 ex
173 800 360 841 secundo
397 796 510 839 libro
551 798 740 839 continet
779 797 873 838 cod.
914 796 1116 839 Vatican.
1146 801 1228 839 313
1270 796 1532 850 chartaceus,

79 868 305 910 admodum
335 882 486 910 recens
509 868 590 921 ²³).
648 867 728 909 Est
755 868 795 908 is
827 867 943 909 idem
985 866 1364 923 Nicephorus,
1415 869 1533 910 cuius

76 937 302 994 Epitomen
324 937 527 992 Physices
552 936 760 979 habemus
791 946 834 978 et
861 937 1138 994 geographici
1165 939 1404 994 argumenti
1430 939 1533 979 scri-

76 995 151 1063 pta
183 1009 390 1064 quaedam
420 1006 611 1063 vulgavit
640 1006 917 1062 Spohnius
947 1005 1116 1064 aliaque
1146 1006 1269 1063 plura
1292 1015 1530 1063 supersunt.

12 1107 13 1111 ,
75 1101 134 1108 —
163 1076 446 1133 Reperiuntur
475 1078 602 1118 etiam
634 1077 677 1117 in
708 1076 800 1118 cod.
836 1075 1057 1118 Ottobono
1085 1081 1139 1120 45
1172 1076 1434 1129 (chartaceo,
1467 1091 1531 1118 re-

78 1148 287 1201 centiori)
325 1147 426 1188 inde
464 1161 491 1187 a
526 1144 601 1188 fol.
633 1149 700 1188 54.
747 1145 892 1199 σχόλια
934 1148 992 1195 εἷς
1026 1145 1079 1188 τὰ
1119 1151 1192 1189 τοῦ
1224 1147 1531 1202 Ἀριστοτέλους

73 1216 277 1272 μετέωρα,
310 1217 354 1257 in
385 1216 538 1272 quibus
567 1230 703 1272 pauca
731 1224 895 1258 tantum
924 1226 1162 1259 memoratu
1193 1219 1322 1273 digna
1351 1219 1529 1273 reperiri

75 1287 198 1328 docet
227 1285 461 1328 Brandis
492 1283 522 1326 l.
545 1283 574 1326 l.
606 1300 646 1340 p.
666 1289 735 1327 69.
794 1287 1045 1329 Laudamur
1067 1289 1112 1329 in
1135 1289 1189 1329 iis
1220 1286 1528 1343 Theophra-

73 1365 215 1408 stus,
274 1354 629 1407 Plutarchus,
698 1355 1022 1399 Alexander
1078 1357 1525 1414 Aphrodisaeus‚

72 1425 402 1468 Ammonius.
441 1449 500 1458 —-
557 1419 731 1469 Scholia
767 1426 1060 1469 interlinearia
1098 1436 1141 1469 et
1168 1427 1423 1484 marginalia
1455 1428 1527 1468 de-

71 1496 389 1553 prehenduntur
426 1497 470 1536 in
501 1496 595 1537 cod.
629 1495 783 1538 Urbin.
814 1500 883 1539 37.
924 1498 1017 1539 cod.
1050 1496 1254 1540 Ottobon.
1294 1501 1375 1540 293
1421 1497 1523 1552 (cfr.

71 1565 313 1609 Brandis
351 1564 380 1607 l.
412 1564 442 1606 l.
488 1581 529 1622 p.
560 1556 631 1608 64.
661 1567 770 1623 70),
816 1568 868 1609 de
898 1567 1050 1624 quibus
1092 1582 1222 1623 supra
1260 1570 1349 1608 iam
1388 1568 1527 1608 moni-

72 1645 162 1678 tum
190 1646 269 1679 est·

138 1771 181 1837 ξ.
212 1771 271 1819 V.
323 1771 413 1818 De
442 1770 731 1835 antiquis
762 1771 1172 1820 versionibus
1207 1771 1451 1820 latinis.

181 1882 283 1939 Egit
314 1894 366 1923 ea
394 1882 447 1924 de
476 1896 523 1924 re
562 1881 834 1925 Jourdain
867 1882 932 1938 ¹),
984 1884 1106 1924 cuius
1146 1885 1238 1940 ipsa
1277 1882 1408 1924 verba
1449 1882 1521 1923 ad-

69 1951 317 1995 scribimus:

180 2021 238 2065 Je
259 2029 412 2065 trouve
442 2022 686 2079 &galement
716 2023 837 2065 deux
867 2023 1039 2078 espec-es
1067 2022 1122 2064 de
1151 2027 1346 2065 versione
1375 2023 1430 2065 de
1452 2030 1519 2065 cel

70 2105 291 2149 ouvrage:
329 2093 446 2136 l’une
469 2092 684 2152 faite-de
716 2092 912 2144 Par-abe,
956 2093 1126 2135 l'autre
1172 2092 1229 2135 du
1253 2108 1388 2152 grec.
1447 2093 1519 2135 La

157 2275 222 2321 20)
250 2279 400 2320 catalog.
424 2290 462 2323 p.
489 2278 533 2313 56
557 2289 611 2322 sq.
882 2326 886 2328 ῃ

158 2342 218 2386 21)
245 2347 335 2379 Bibl.
360 2346 419 2379 Gr.
454 2346 540 2380 Vol.
568 2346 639 2380 111.
673 2357 708 2389 p.
731 2347 813 2381 227.

157 2409 217 2453 22)
242 2411 457 2446 Brandis
485 2417 507 2446 l.
524 2417 547 2447 1.
572 2408 609 2457 p.
624 2413 683 2448 68.
729 2412 804 2449 Adi
827 2418 1013 2458 praeterea
1037 2413 1191 2447 Bloch
1219 2414 1409 2457 specimina
1433 2425 1515 2456 ope-

67 2483 141 2503 rum
175 2472 399 2504 Theodori
447 2473 750 2515 Nletochitae,
802 2485 888 2517 quae
919 2473 1138 2505 inscribuntur
1170 2467 1515 2515 ’Υπομνηματισμοὶ

67 2532 128 2563 καὶ
151 2525 362 2573 σημειώσεις
385 2530 566 2574 γνωμικαί
590 2542 632 2563 ex
648 2532 742 2565 codd.
759 2538 850 2566 mssi.
876 2543 949 2564 cum
967 2529 1179 2574 praefatione
1202 2537 1232 2564 et
1251 2531 1516 2564 adnotationibus

67 2591 218 2630 vulgata.
242 2587 397 2623 Hafniae
422 2590 523 2625 1790.
553 2589 587 2623 8.
620 2587 680 2633 qui
706 2588 744 2622 in
771 2588 995 2634 praefatione
1017 2588 1062 2622 de
1084 2588 1151 2622 ista
1174 2588 1380 2633 paraphrasi
1403 2587 1488 2635 egit.

155 2654 220 2700 23)
246 2655 318 2691 cfr.
343 2656 551 2692 Brandis
574 2658 598 2692 l.
623 2658 647 2690 l.
673 2668 706 2701 p.
731 2659 790 2692 70.

161 2723 207 2764 1)
237 2722 443 2759 Becherches
467 2726 621 2769 critiques
646 2737 705 2758 sur
729 2722 823 2768 l'age
848 2732 879 2758 et
908 2723 1063 2768 l'on‘gine
1084 2727 1143 2759 des
1168 2726 1373 2758 traduc-tiens
1396 2726 1514 2757 Ialines

69 2779 260 2815 d'Arisiote
295 2790 326 2816 et
360 2796 418 2817 sur
441 2785 498 2817 des
526 2785 774 2817 commentaires
803 2796 899 2826 grecs
930 2796 973 2818 ou
1002 2786 1144 2828 arabes,
1184 2783 1346 2828 employe's
1374 2796 1439 2828 par
1466 2787 1513 2817 les

69 2840 222 2874 ‹locleurs
244 2842 489 2887 scholasiiques.
522 2839 622 2877 Paris
648 2843 749 2878 1819.
772 2842 810 2880 8.
842 2854 876 2887 p.
902 2844 965 2878 181
993 2854 1070 2888 sqq.
