1774 3198
392 303 610 356 LIBRUM
638 313 964 354 SECUNDUM.
1022 313 1134 353 CAP.
1154 313 1226 353 VI.
1428 304 1520 348 57⁷

95 430 145 469 de
163 443 209 468 re
223 424 344 480 publ.
365 427 442 474 IV,
465 431 504 466 3.
533 441 573 479 p.
596 430 726 477 1290,
745 439 790 466 at
825 423 1006 478 μάλιστα
1032 423 1078 465 δὲ
1107 423 1296 464 δοκοῦσιν
1322 419 1421 464 εἶναι
1448 422 1522 465 δῦο

98 494 337 547 [πολίτειαι]
379 491 567 546 καθάπερ
605 491 669 533 ἐπὶ
703 494 785 533 τῶν
812 488 1053 544 πνευμάτων
1089 490 1240 545 λέγεται
1267 487 1320 531 τιὶ
1345 490 1420 543 μὲν
1446 489 1524 544 βό-

96 578 195 618 ρεια,
222 560 275 603 τὰ
298 559 338 602 δ’
360 558 464 602 ἄλλα
490 558 648 601 τούτων
675 558 955 615 παρεκβάσεις.
1011 560 1169 599 Eodem
1190 559 1312 598 modo
1331 560 1393 599 Hi
1402 574 1523 612 ppo-

94 638 264 670 crates
293 631 373 669 duo
395 635 611 669 ventorum
634 642 779 681 genera
798 629 946 678 statuit,
974 628 1116 679 quibus
1133 628 1310 679 reliquos
1328 627 1524 667 adnume-

94 705 159 738 rat
199 696 299 751 (cfr.
338 699 508 750 Coray
549 698 751 736 Discours
780 696 998 748 pre'limin.
1039 694 1091 733 ad
1124 695 1436 747 Hippocrat.
1472 695 1524 734 dc

96 765 207 812 ah're,
239 779 305 818 aq.
330 772 370 803 et
388 767 466 804 loe.
495 777 535 815 Ρ.
547 760 755 815 LXVII.).
816 762 1168 814 Quemadmodum
1185 761 1263 800 hoc
1285 763 1377 801 loco
1399 762 1523 801 Ari-

94 833 318 871 stoteles
347 835 434 878 τοῖς
462 828 745 883 ἀπηλιωτικοῖς
772 827 970 881 πνεύμασι
1008 830 1246 869 adnumerat
1275 831 1393 868 etiam
1422 819 1525 870 (iae-

94 900 194 938 ciam
216 907 255 938 et
272 899 441 948 Eurum,
473 900 528 938 ita
553 898 862 937 Herodotus
879 899 969 946 VH,
988 901 1066 937 188
1098 884 1438 960 Hellespontiam,
1457 897 1526 950 qui

95 981 187 1005 cum
220 967 362 1005 Caecia
391 966 564 1005 concidit
611 964 1155 1018 (cfr.Problem.XXV1>,
1187 966 1253 1003 56
1287 977 1351 1017 Ρ.
1358 962 1461 1014 946,
1481 965 1522 1005 b.

95 1032 448 1086 Theophrast.
488 1033 537 1070 de
561 1040 671 1071 vent.
705 1035 769 1071 62.
805 1045 848 1084 p.
877 1030 1008 1081 782),
1040 1024 1315 1082 Hnrlhcomyv'
1306 1038 1452 1096 'vocau
1483 1030 1524 1071 A

96 1100 351 1139 Scholiasta
366 1100 418 1139 ad
443 1097 781 1151 Aristophan.
809 1100 954 1150 Equit.
973 1098 1053 1136 435
1087 1098 1252 1136 Caeciae
1276 1078 1419 1144 Austri
1446 1112 1525 1138 no-
1547 1097 1554 1105 “

94 1182 188 1206 men
207 1167 388 1214 additur,
413 1181 538 1219 quum
558 1166 692 1205 latiori
710 1165 998 1218 significatione
1017 1165 1276 1215 expressione
1292 1167 1535 1211 australium'

93 1242 311 1274 ventorum
330 1235 526 1273 abutatur.
581 1234 674 1272 Huc
698 1233 817 1271 etiam
842 1232 1019 1283 pertinet
1044 1232 1155 1270 locus
1181 1229 1448 1271 Strabonis
1486 1234 1521 1273 Ι.

91 1316 135 1355 p.
158 1305 210 1341 26
232 1316 312 1354 sq.:
340 1299 433 1340 Εἰσὶ
459 1298 508 1340 δέ
530 1313 654 1350 τινες,
694 1296 736 1339 οἵ
760 1312 862 1353 φασι
892 1295 966 1337 δύο
994 1295 1093 1344 τοὺς
1119 1295 1398 1352 κυριωτάτους
1423 1295 1523 1339 εἶναι

93 1365 288 1420 ἀνέμους,
330 1366 490 1422 Βορέαν
520 1366 588 1407 καὶ
616 1363 775 1406 Νότον·
826 1362 924 1411 τοὺς
953 1362 1000 1413 δὲ,
1027 1362 1198 1413 ἄλλους,
1236 1362 1340 1404 κατὰ
1372 1363 1524 1420 μικράν

91 1433 260 1489 ἔγκλισιν
282 1433 499 1489 διαφέρειν,
528 1431 691 1485 τὸνμὲν
712 1428 792 1472 ἇπὸ
823 1433 998 1484 θερινῶν
1028 1428 1236 1471 ἀνατολῶν
1251 1424 1410 1483 Εὗρον·
1438 1447 1524 1484 χει-

90 1504 262 1555 μερινῶν
291 1499 352 1551 δέ,
387 1499 664 1553 Ἀπηλιώτην·
713 1497 868 1538 δύσεων
897 1497 942 1538 δὲ
971 1499 1147 1551 θερινῶν
1173 1496 1272 1549 μέν,
1311 1497 1524 1554 Ζέφυρον·

89 1570 322 1622 χειμερινῶν
342 1565 405 1617 δέ,
429 1565 664 1619 Ἀργέστην·
698 1567 772 1606 τοῦ
800 1564 845 1605 δὲ
875 1563 949 1604 δύο
980 1561 1079 1604 εἶναι
1108 1562 1204 1612 τοὺς
1231 1562 1405 1617 ἀνέμους
1430 1582 1523 1607 ποι-

94 1640 233 1676 οῦνται
251 1632 464 1688 μάρτυρας
477 1629 749 1687 Θρασυάλκην
766 1647 809 1672 τε
838 1632 910 1685 (ex
927 1646 1006 1684 quo
1023 1634 1154 1685 ipsum
1173 1634 1469 1673 Aristotele
1482 1650 1522 1675 m

95 1705 216 1742 etiam
248 1703 322 1742 alia
355 1702 530 1741 hausisse
570 1707 738 1740 testatur
778 1686 1021 1740 Posi'don.
1067 1699 1175 1752 apud
1215 1701 1523 1742 Strabonem

94 1770 237 1810 XVII.
275 1783 314 1821 p.
345 1773 477 1818 1139,
506 1772 565 1814 Β)
610 1767 677 1808 καὶ
709 1764 782 1808 τὸν
809 1761 981 1820 ποιητῆν
1009 1763 1151 1817 αὐτόν,
1179 1759 1259 1807 ’τὸν
1284 1765 1361 1819 μὲν
1384 1765 1522 1823 Ἀργέε

96 1851 195 1889 στην
222 1837 281 1875 τιῦ
311 1832 434 1891 Νότῳ
461 1833 725 1890 προσνέμειν·

253 1900 467 1956 Ἀργέσταο
502 1901 654 1943 Νότοιο
690 1923 748 1932 -

97 1970 162 2025 (Il.
185 1968 242 2026 φ’,
265 1972 358 2011 334.
388 1967 436 2020 λ’,
460 1973 554 2010 305.
613 1971 697 2010 Cfr.
727 1976 864 2008 tamen
892 1971 1109 2009 Meteorol.
1137 1975 1218 2010 vet.
1247 1969 1319 2008 Gr.
1343 1977 1382 2009 et
1399 1970 1520 2011 Rom.

93 2042 164 2091 ΠΙ,
188 2043 253 2079 12.
284 2053 320 2091 Ρ.
349 2036 419 2090 65)
449 2034 520 2078 τὸν
549 2036 593 2077 δὲ
620 2035 810 2091 Ζέφυρον
838 2038 898 2076 τῶ
925 2034 1064 2093 Βορέα

260 2106 424 2158 Βορρῆς
452 2104 518 2144 καὶ
545 2102 752 2159 Ζέφυρος,
789 2101 848 2144 τώ
868 2118 910 2144 τε
934 2101 1156 2157 Θρῇκηθεν
1184 2099 1311 2154 ἄητον

95 2169 209 2227 (Il.'
185 2189 197 2211 ι
213 2203 225 2223 ,
250 2176 284 2211 5.
313 2172 398 2211 vid.
421 2174 640 2212 Meteorol.
666 2179 746 2211 vet.
766 2172 795 2210 l.
816 2172 844 2210 1.
865 2185 904 2223 Ρ.
924 2174 989 2210 66.
1013 2177 1098 2210 not.
1120 2172 1183 2208 15.
1205 2168 1288 2222 16).
1307 2189 1362 2199 -
1393 2170 1453 2210 At
1468 2184 1522 2211 ex

93 2241 202 2279 hisce
221 2240 320 2279 locis
339 2240 501 2278 minime
520 2245 650 2290 patet,
681 2236 904 2276 Homerum
924 2238 1024 2275 duos
1045 2243 1201 2275 tantum
1228 2236 1391 2276 novisse
1418 2251 1523 2278 ven-

95 2315 179 2354 tos,
217 2313 264 2346 ut
289 2320 419 2357 neque
450 2320 502 2344 ex
524 2306 668 2357 Odyss.
689 2302 732 2354 ε’,
754 2308 833 2344 295
853 2317 910 2356 sq.
938 2305 1005 2343 ubi
1029 2309 1200 2355 quatuor
1219 2311 1520 2356 enumerantur,

97 2377 235 2423 elucet,
265 2387 357 2412 eum
377 2387 458 2411 non
481 2374 617 2425 plures
640 2385 758 2424 quam
777 2378 948 2424 quatuor
967 2372 1206 2420 distinxisse,
1234 2378 1422 2410 monente
1444 2373 1522 2411 iam

96 2444 129 2481 B
142 2443 420 2481 eckmanno
447 2442 583 2479 Beitr.
602 2454 677 2478 zur
699 2439 844 2478 Geselz.
868 2439 941 2476 der
960 2438 1125 2486 Erfind.
1150 2436 1245 2478 Vol.
1264 2440 1337 2478 IV.
1366 2453 1407 2491 p.
1427 2439 1521 2480 534.

99 2511 182 2561 Qui
203 2509 308 2548 enim
327 2510 444 2547 istum
456 2501 717 2546 Homericum
736 2507 878 2545 imitati
900 2512 992 2544 suut
1010 2506 1142 2544 locum
1164 2505 1406 2556 posteriores
1421 2505 1523 2558 Ροδ-

97 2583 176 2624 tae,
208 2575 433 2616 Ovidius
461 2577 634 2613 Metam.
652 2577 686 2620 Ι,
708 2578 820 2612 61-
834 2577 902 2622 66,
939 2575 1065 2611 Trist.
1083 2575 1113 2621 Ι,
1131 2574 1248 2611 27-
1262 2575 1329 2620 30,
1367 2573 1523 2612 Mani-

98 2645 202 2683 lius
230 2645 468 2683 Astronom.
498 2643 570 2691 IV,
600 2645 678 2682 591
700 2654 787 2692 sqq.
842 2643 1083 2679 Musaeus
1111 2653 1152 2678 v.
1176 2642 1256 2678 316
1277 2652 1334 2690 sq.
1350 2640 1522 2693 filiique,

98 2711 232 2761 plures
260 2724 378 2762 quam
400 2717 571 2762 quatuor
588 2713 816 2758 noverunt,
845 2721 976 2759 neque
996 2706 1132 2746 iudicii
1160 2719 1326 2744 acumen
1349 2707 1524 2745 cernitur

99 2778 145 2816 in
172 2775 393 2817 Senecae
421 2777 603 2817 versibus
633 2778 876 2829 Agamemn.
905 2775 985 2815 469
1012 2788 1094 2827 sqq.
1113 2772 1234 2868 '32¹1st
1261 2777 1352 2811 octo
1381 2779 1523 2814 ventos

1575 958 1612 971 a*
1671 968 1677 971 .
