1774 3198
402 374 624 416 LIBRUM
654 373 890 414 PRIMUM.
950 373 1066 413 CAP.
1085 372 1203 413 VIII.
1431 362 1528 406 413

99 494 170 532 Er.
199 492 267 543 qui
296 497 432 529 tamen
458 489 502 528 in
522 502 645 540 marg.
677 487 843 526 exhibet
866 487 1089 538 vulgatam,
1124 497 1339 537 perperam
1366 481 1532 521 exhibet

99 558 296 613 φαίνεται.
353 557 507 597 Eadem
534 556 585 595 de
611 568 747 602 causa,
784 568 856 594 cur
883 567 1002 607 supra
1034 549 1168 607 φοράν
1197 549 1401 598 exhibuit,
1435 548 1479 588 h.
1499 548 1529 587 l.

99 624 262 680 φέρεται
290 625 532 664 servandum
558 629 640 671 est,
669 622 821 660 scilicet
853 622 1031 660 eiusdem
1058 620 1175 660 verbi
1202 618 1381 658 consulta
1408 618 1531 656 itera·

98 696 228 733 tione:
258 688 392 746 φοράν
409 718 519 732 .....
539 688 738 744 φέρεσθαι
770 716 884 728 .....
916 689 1051 742 φορᾶς
1078 714 1186 726 .....
1206 683 1382 740 φέρεται.
1412 685 1531 736 Legit

99 763 218 800 etiam
246 758 410 814 φέρεται
433 761 581 799 Alex.
607 758 678 797 fol.
701 760 775 805 81,
791 756 840 794 b:
869 753 912 794 ἓν
941 753 1073 810 τούτῳ
1103 752 1180 807 οὐχ
1209 749 1230 794 ὃ
1260 750 1375 806 ἣλιος
1402 748 1531 804 μόνον

98 825 202 868 ἀλλὰ
220 827 286 867 καὶ
308 825 346 866 οἱ
366 824 480 866 ἄλλοι
509 822 707 877 πλάνητες
734 820 808 875 τὴν
836 822 990 876 κίνησιν
1007 824 1230 863 ποιοῦνται.
1243 843 1301 850 ——-
1329 822 1531 873 Deinceps

96 893 142 935 τὸ
162 891 396 947 ἡμικύκλιον
415 894 550 933 addito
570 892 739 932 articulo
759 892 806 930 Ρ.
819 893 860 930 S.
874 893 962 931 Cas.
977 892 1094 930 Alex.
1115 891 1315 939 fol.81,b.
1357 891 1458 941 Oly
1470 903 1531 928 m-

96 964 350 1016 piodorus
379 969 517 1000 contra
536 962 607 1000 fol.
630 964 694 1008 16,
711 973 734 998 a
761 959 974 1011 articulum
1003 973 1086 998 non
1113 960 1299 1011 agnoscit.
1318 981 1370 987 —
1401 954 1531 997 οὐθὲν

95 1031 222 1070 Bekk.
247 1044 336 1069 cum
361 1030 539 1081 reliquis.
578 1028 776 1079 Quamvis
795 1027 935 1066 demus
954 1021 1276 1066 Schnei'dero
1304 1026 1356 1065 ad
1377 1025 1406 1062 A
1419 1021 1530 1065 rist.

94 1096 210 1137 Hist.
234 1099 374 1137 Anim.
394 1099 467 1146 IV,
488 1101 535 1144 1,
557 1099 622 1134 10.
654 1097 774 1134 Tem.
790 1097 860 1135 ΠΙ.
889 1108 931 1146 p.
955 1098 1048 1133 180.
1079 1090 1240 1142 οὐθείς,
1272 1091 1422 1142 οὐθέν,
1450 1108 1532 1144 μη·-

95 1164 185 1212 :hig
196 1195 206 1215 ,
239 1162 375 1216 μηθέν
402 1177 597 1215 perquam
618 1163 813 1201 familiare
834 1162 954 1202 fuisse
974 1159 1101 1200 Aris
1112 1167 1128 1199 t
1140 1174 1163 1198 o
1175 1168 1192 1200 t
1203 1176 1224 1199 e
1234 1162 1272 1200 li
1303 1167 1343 1200 et
1364 1162 1401 1199 T
1411 1160 1439 1198 h
1450 1175 1472 1198 e
1483 1174 1532 1198 o-

94 1247 121 1284 p
132 1232 158 1270 h
170 1246 247 1271 ras
259 1239 274 1270 t
285 1246 322 1280 o,
336 1231 445 1283 quod
464 1231 515 1269 de
532 1230 749 1269 serioribus
760 1230 906 1269 Atticis
926 1236 1068 1268 notum
1087 1235 1147 1268 est
1163 1227 1212 1281 (P
1225 1243 1249 1266 o
1262 1242 1344 1267 rso
1357 1242 1398 1267 n.
1411 1230 1446 1267 E
1456 1241 1530 1267 ur.

93 1298 208 1338 ,MecL
227 1314 269 1351 p.
282 1299 376 1337 504.
405 1301 686 1338 Buttmann
718 1299 790 1337 Gr.
805 1313 876 1350 gr.
900 1312 1013 1337 max.
1035 1297 1070 1349 §.
1088 1301 1157 1337 70.
1175 1310 1215 1348 p.
1229 1300 1325 1336 281.
1355 1297 1529 1354 Poppo

92 1367 142 1404 de
159 1367 325 1404 Elocut.
351 1364 529 1417 Thucyd.
551 1380 591 1418 p.
606 1364 728 1419 208),
758 1373 893 1405 tamen
916 1366 1059 1405 eodem
1078 1379 1202 1404 versu
1224 1366 1298 1404 vix
1315 1364 1531 1404 ferendum

92 1448 188 1484 esse,
215 1440 262 1473 ut
281 1446 413 1485 neque
431 1432 615 1486 γίνεσθαι
638 1441 679 1473 et
693 1433 922 1487 γίγνεσθαι,
950 1434 1124 1473 libenter
1149 1432 1404 1471 concedimus
1428 1433 1531 1470 Lo-

95 1502 279 1540 beckio
307 1501 359 1539 ad
388 1501 575 1553 Phryn.
606 1516 647 1554 p.
669 1506 762 1542 182.
817 1503 904 1541 Nos
923 1501 1290 1553 obtemperavimus
1320 1506 1530 1551 praecepto

92 1569 379 1620 G6ttlingii
407 1568 458 1606 ad
477 1566 641 1608 Arist.
661 1570 833 1608 Potitio.
847 1583 888 1621 p.
901 1573 998 1615 278,
1028 1565 1146 1607 οὐδέν
1163 1568 1339 1606 scribere
1357 1560 1547 1606 iubentis'

90 1637 160 1675 ubi
177 1636 342 1675 latinum
374 1636 600 1686 aliquid,
634 1633 784 1684 οὐθέν,
823 1637 894 1675 ubi
922 1635 1136 1687 aliquod
1166 1635 1399 1688 ponendum
1429 1624 1529 1674 era‘t.

94 1703 219 1754 Quod
236 1704 418 1756 sequitur
438 1699 511 1742 εἴτι
532 1700 721 1742 συνάπτει
741 1700 888 1757 μόριον
912 1703 1152 1743 vertendum
1178 1716 1284 1742 esse:
1317 1717 1532 1755 quaeeun-

92 1785 170 1822 que
197 1771 420 1821 particula
446 1771 651 1820 concidit,
691 1778 801 1824 patet
830 1771 1000 1821 exinde,
1030 1771 1140 1823 quod
1164 1778 1336 1823 uterque
1358 1772 1532 1811 circulus

89 1845 169 1876 tam
188 1839 358 1888 lacteus,
389 1852 506 1890 quam
526 1839 748 1878 Zodjacalis
767 1845 826 1878 est
848 1839 1080 1878 immobilis.

201 1906 241 1943 4.
272 1907 437 1949 Transit
464 1906 515 1944 ad
534 1908 800 1959 Anaxagorae
820 1914 860 1946 et
879 1907 1106 1947 Democriti
1131 1907 1371 1945 sententiam
1399 1921 1530 1959 expo-

86 1973 259 2011 nendum
285 1980 324 2012 et
340 1974 624 2019 refellendam;
654 1975 704 2013 de
728 1989 804 2027 qua
833 1976 908 2015 cfr.
938 1975 1156 2026 Diogen.
1187 1974 1368 2013 Lae‘rt.
1398 1976 1455 2020 H,
1479 1979 1528 2014 9:

91 2037 176 2080 Τὸν
203 2040 397 2093 γαλαξίαν
425 2038 648 2081 ἀνάκλασιν
676 2037 775 2082 εἶναι
805 2039 943 2096 φωτὸς
964 2038 1155 2095 ἡλιακοῦ,
1183 2039 1241 2094 μὴ
1260 2043 1527 2093 καταλαμπο-

85 2105 217 2158 μένων
245 2110 327 2148 τῶν
349 2106 526 2160 ἄστρων,
556 2111 626 2149 ubi
655 2112 719 2150 ΑΙ
732 2111 758 2150 d
771 2111 829 2149 ob
840 2125 930 2150 ran
942 2111 1096 2149 dinus
1122 2111 1315 2149 coniecit:
1347 2106 1419 2150 τὸν
1435 2111 1526 2162 γαλ.

88 2170 228 2213 ἀνάκλ.
265 2171 362 2215 εἶναι
390 2179 472 2216 τῶν
499 2173 578 2217 ὑπὸ
609 2176 746 2231 φωτὸς
773 2173 943 2230 ἡλιακοῦ
971 2175 1029 2229 μὴ
1059 2175 1150 2217 κατ’
1176 2174 1353 2230 ἄστρων.
1413 2179 1528 2216 Sto-

87 2242 243 2279 baeus
269 2243 297 2280 l.
317 2244 344 2281 1.
377 2240 650 2297 Ἀναξαγόρας
675 2243 748 2297 τὴν
777 2242 894 2284 σκιὰν
921 2247 994 2296 τῆς
1020 2246 1094 2297 γῆς
1121 2242 1224 2284 κατὰ
1254 2242 1349 2284 τόδε
1377 2242 1424 2285 τὸ
1453 2243 1528 2296 μέ-

89 2322 160 2359 ρος
183 2306 383 2348 ἵστασθαι
414 2313 486 2350 τοῦ
508 2309 709 2364 οὐρανοῦ,
740 2308 839 2351 ὅταν
867 2310 958 2363 περὶ
986 2308 1061 2364 τὴν
1088 2314 1161 2365 γῆν
1189 2309 1402 2365 γενόμενος
1433 2308 1454 2352 ὃ
1476 2309 1528 2365 ἥ-

87 2375 174 2421 λιος
197 2372 255 2427 μὴ
283 2371 422 2428 πάν-ὶη·
450 2378 707 2432 περιφωτίζῃ.
764 2375 1028 2432 Δημόκριτος
1065 2380 1227 2419 πολλῶν
1265 2379 1332 2419 καὶ
1367 2382 1526 2434 μικρῶν

86 2441 152 2489 καὶ
183 2445 357 2494 συνεχῶν
389 2440 593 2498 ἀστέρων,
632 2443 998 2500 συμφωτιζομένων
1026 2443 1217 2499 ἀλλήλοις
1246 2444 1314 2487 διὰ
1341 2444 1417 2500 τὴν
1445 2445 1525 2488 πύ-

86 2521 233 2549 κνωσιν
263 2509 561 2564 συναυγασμόν.
618 2515 802 2563 Vereor,
835 2527 888 2552 ne
918 2514 1170 2553 stobaeus
1198 2515 1408 2567 utriusque
1428 2515 1524 2568 phi-

83 2577 243 2629 losophi
270 2580 507 2618 sentenn‘am
537 2581 678 2619 melius
704 2587 744 2620 et
764 2581 957 2620 sincerius
986 2582 1220 2634 exposuerit
1247 2596 1365 2635 quam
1393 2580 1524 2622 Ari-

85 2650 192 2684 stot
204 2647 314 2684 eles
325 2675 336 2695 ,
383 2648 450 2698 qui
490 2655 701 2700 utramque
735 2649 879 2700 procul
915 2648 1039 2687 dubio
1075 2650 1271 2689 confudit.
1339 2639 1522 2703 Iniquior

85 2709 314 2752 Aristotelis
331 2714 456 2754 iudex
474 2723 610 2768 posset
627 2717 688 2755 uti
705 2715 783 2754 hoc
800 2716 902 2764 loco,
933 2716 984 2754 ad
1003 2716 1317 2757 confirmandam
1333 2725 1520 2759 veterum

84 2781 369 2821 nonnullorum
395 2783 638 2835 scriptorum
666 2784 924 2836 opinionem,
962 2784 1183 2823 secundum
1211 2799 1310 2838 quos
1337 2786 1521 2839 philoso-

85 2845 257 2898 phorum
278 2850 346 2900 qui
363 2857 455 2889 ante
473 2865 563 2890 eum
583 2852 699 2891 fuere
720 2851 875 2904 placita,
894 2852 1076 2891 consulto
1092 2854 1338 2905 corrupisset
1354 2851 1519 2894 Aristo-
