1820 3158
363 329 423 370 22
471 334 687 377 -p.343‚a.
713 336 872 369 Bekk.—
929 339 1027 377 LlB.
1040 339 1072 377 1.
1104 339 1299 377 CARVI.
1363 338 1586 379 -p.330‚13.
1611 336 1735 371 Cas—

360 442 457 496 ῗσχει
499 442 546 484 οὗ
582 448 796 497 πανταχοῦ.
854 449 924 487 νῦν
958 445 999 486 δ’
1030 445 1166 494 οὐθεὶς
1204 441 1331 487 ὦπται
1373 444 1482 500 παρὰ
1518 445 1613 494 τοὺς
1648 446 1757 488 πέντε

361 509 548 565 ἀστέρας·
600 505 707 551 οὗτοι
737 512 781 552 δὲ
807 510 996 560 πολλάκις
1034 511 1119 566 ἅμα
1147 511 1291 560 πάντες
1324 512 1514 566 μετέωροι
1552 513 1759 567 φαίνονται

360 573 459 631 ὑπὲρ
494 579 565 616 τοῦ
602 574 820 629 ὁρίζοντος·
877 578 940 618 καὶ
978 582 1160 634 φανερῶν
1196 577 1235 618 δ’
1265 577 1395 619 αὐτῶν
1424 576 1550 619 ὄντων
1577 578 1679 633 πρὸς
1703 582 1759 634 τῷ

360 639 481 698 ῧλίῳ,
535 640 658 682 οὐθὲν
693 635 813 694 ἦττον
860 647 1028 697 κομῆται
1069 646 1278 700 φαίνονται
1320 642 1515 698 γινόμενοι
1562 641 1759 692 πολλάκις.

362 716 399 751 8.
442 708 563 750 Ἀλλὰ
599 706 680 761 μὴν
721 707 813 750 οὐδὲ
850 713 969 753 τοῦτο
1006 709 1180 763 ἀληθές,
1227 709 1288 751 ὅτι
1317 711 1357 751 ἐν
1385 715 1442 766 τῷ
1478 709 1579 764 πρὸς
1616 709 1762 764 ἄρκτον

360 774 471 830 τόπῳ
517 775 661 828 γίνεται
709 772 887 829 κομήτης
932 775 1079 829 μόνον,
1138 775 1222 828 ἅμα
1269 777 1333 816 καὶ
1378 781 1448 817 τοῦ
1485 774 1600 829 ἡλίου
1649 775 1763 824 ὄντος

360 842 447 895 περὶ
478 839 644 895 θερινὰς
671 839 843 895 τροπάς·
897 841 918 883 ὅ
950 858 990 883 τε
1019 841 1095 896 γὰρ
1132 842 1255 896 μέγας
1293 841 1469 895 κομήτης
1509 839 1529 882 ὅ
1559 841 1764 896 γενόμενος

359 908 446 961 περὶ
475 906 546 948 τὸν
575 906 617 947 ἒν
638 905 776 964 Ἀχαίᾳ
807 908 968 964 σεισμὸν
1008 910 1073 949 καὶ
1102 907 1174 961 τὴν
1202 911 1274 948 τοῦ
1304 906 1481 959 κύματος
1509 907 1654 962 ἔφοδον
1683 907 1761 950 ἀπὸ

360 974 521 1025 δυσμῶν
553 975 633 1013 τῶν
661 974 898 1028 ι’σημερινῶν
927 973 1087 1026 ἀνέσχε,
1134 975 1199 1014 καὶ
1236 973 1338 1027 πρὸς
1372 973 1488 1014 νότον
1516 973 1592 1027 ἤδη
1622 976 1763 1015 πολλοὶ

358 1037 572 1093 γεγόνασιν.
615 1039 677 1079 ἐπὶ
707 1039 746 1080 ‹5’
773 1039 965 1094 ἄρχοντος
988 1039 1205 1094 Ἀθήνῃσιν
1234 1039 1432 1088 Εὐκλέους
1460 1044 1532 1081 τοῦ
1561 1039 1766 1089 Μόλωνος

359 1105 507 1159 ἐγένετο
544 1104 719 1164 κομήτης
757 1105 885 1161 ἀστὴρ
922 1106 1024 1161 πρὸς
1061 1105 1207 1160 ἄρκτον
1244 1104 1372 1158 μηνὸς
1398 1110 1648 1159 γαμηλιῶνος
1677 1109 1764 1162 περὶ

358 1172 510 1227 τροπὰς
536 1171 651 1220 ὄντος
677 1177 749 1212 τοῦ
777 1170 891 1226 ἡλίου
918 1170 1162 1225 χειμερινάς·
1206 1172 1332 1212 καίτοι
1361 1176 1554 1213 τοσοῦτον
1591 1172 1764 1213 ἀνακλα-

361 1242 508 1292 σθῆναι
550 1239 615 1279 καὶ
652 1238 763 1279 αὐτοὶ
800 1242 879 1280 τῶν
916 1237 1125 1279 ἀδυνάτων
1164 1238 1297 1291 φασίν.
1374 1243 1410 1279 9.
1450 1237 1600 1279 Κοινὸν
1629 1239 1763 1280 δὲκαὶ

357 1304 516 1353 τούτοις
543 1306 607 1346 καὶ
636 1311 721 1352 τοῖς
748 1304 821 1358 τὴν
850 1303 1025 1357 σύναψιν
1053 1303 1207 1358 λέγουσι
1234 1307 1393 1358 πρῶτον
1418 1303 1492 1356 μὲν
1514 1303 1574 1345 ὅτι
1599 1305 1764 1346 καὶτῶν

360 1370 544 1412 ἀπλανῶν
566 1370 815 1424 λαμβάνουσι
835 1369 962 1424 κόμην
978 1369 1100 1418 τινές·
1133 1370 1197 1410 καὶ
1211 1368 1315 1410 τοῦτ’
1330 1368 1376 1411 οὐ
1393 1368 1520 1422 μόνον
1529 1372 1766 1424 Αἰγυπτίοις

360 1441 562 1479 πιστεῦσαι
588 1438 667 1487 δεῖ,
707 1438 834 1478 καίτοι
863 1436 1035 1478 κάκεῖνοί
1060 1451 1205 1491 φασιν,
1258 1435 1359 1476 ἀλλὰ
1398 1436 1462 1476 καὶ
1498 1433 1611 1489 ἡμεῖς
1638 1437 1765 1492 ἐφεω-

362 1502 557 1556 ράκαμεν·
588 1507 668 1545 τῶν
688 1503 763 1558 γὰρ
792 1503 833 1544 ἐν
860 1507 917 1559 τῷ
947 1504 1060 1559 ἰσχίῳ
1089 1507 1162 1543 τοῦ
1191 1501 1308 1549 κυνὸς
1337 1500 1465 1556 ἀστήρ
1493 1518 1554 1550 τις
1581 1502 1667 1555 ἔσχε
1696 1501 1765 1543 κό-

362 1653 448 1675 cum
479 1639 594 1675 etiam
616 1637 663 1674 ad
685 1638 776 1675 alias
794 1637 974 1687 regiones
998 1636 1210 1687 demigret,
1240 1649 1388 1672 comam
1413 1641 1541 1672 autem
1567 1648 1646 1672 non
1676 1637 1765 1673 ubi·
1803 1639 1805 1641 ’

362 1717 436 1754 que
449 1704 678 1741 -videntibus
698 1704 889 1754 praebere
910 1708 1037 1752 queat.
1096 1702 1217 1752 Atqui
1246 1703 1375 1739 nullus
1410 1707 1567 1752 praeter
1595 1702 1766 1752 quinque

361 1771 535 1821 planetas
556 1770 751 1819 apparuit,
774 1769 839 1820 qui
859 1781 1142 1818 saepenumero
1164 1768 1399 1804 coniunctim
1420 1781 1539 1817 supra
1559 1767 1768 1805 horizonte

361 1836 664 1886 conspiciuntur.
721 1836 773 1872 Et
790 1847 871 1871 non
887 1835 1015 1870 solum
1036 1847 1125 1870 cum
1150 1846 1285 1869 omnes
1314 1839 1526 1883 apparent,
1557 1833 1625 1870 sed
1649 1834 1764 1871 etiam

361 1915 449 1940 curn
472 1902 536 1938 alii
555 1906 792 1946 cernuntur,
822 1900 887 1936 alii
908 1913 1035 1950 prope
1054 1898 1178 1937 solem
1199 1899 1333 1946 latent,
1362 1911 1442 1935 non
1465 1911 1573 1935 secus
1592 1905 1767 1936 cometae

360 1981 476 2018 saepe
506 1972 707 2017 apparent.
765 1969 803 2003 8.
835 1967 890 2003 At
909 1978 1035 2015 neque
1053 1963 1130 2002 hoc
1151 1970 1257 2002 recte
1277 1977 1319 2001 se
1339 1963 1454 2001 habet
1463 1991 1477 2009 ,
1505 1964 1548 2000 in
1568 1965 1648 2002 sola
1671 1977 1766 2002 ver-

361 2047 423 2072 sus
441 2033 748 2084 septentrionem
767 2032 926 2082 regione
945 2032 1041 2069 oriri
1059 2036 1262 2077 cometam,
1292 2043 1368 2080 quo
1388 2035 1567 2080 tempore
1586 2032 1645 2068 sol
1665 2031 1766 2068 circa

315 2097 319 2103 ¹
361 2100 551 2138 aestivum
573 2099 780 2136 solstitium
798 2103 1018 2135 moveatur.
1042 2124 1051 2129 -
1076 2099 1240 2147 Magnus
1267 2096 1370 2133 enim
1397 2095 1464 2133 ille
1490 2103 1640 2134 cometa
1664 2097 1765 2134 circa

361 2172 489 2203 terrae
513 2170 687 2212 motum,
719 2164 786 2215 qui
806 2163 993 2202 Achaiam
1023 2163 1242 2201 devastavit
1261 2163 1439 2212 circaque
1457 2163 1766 2210 inundationem,

361 2232 408 2269 ab
437 2245 573 2268 occasu
602 2230 874 2280 aequinoctiali
904 2235 1066 2267 exortus
1095 2235 1172 2277 est,
1211 2234 1250 2266 et
1279 2235 1454 2266 austrum
1485 2241 1622 2266 versus
1657 2228 1767 2265 multi

359 2300 436 2335 iam
457 2303 733 2348 apparuerunt.
790 2295 946 2334 Deinde
975 2295 1161 2334 archonte
1194 2294 1358 2333 Athenis
1387 2295 1554 2339 Euclee,
1594 2293 1766 2332 Molonis

361 2364 455 2412 filio,
473 2369 643 2400 cometes
664 2376 796 2400 mense
816 2362 1034 2413 gamelione
1053 2367 1283 2412 conspectus
1302 2367 1377 2408 est,
1407 2361 1490 2398 sole
1509 2362 1608 2398 circa
1629 2359 1764 2396 hiber·

361 2443 454 2466 num
480 2430 689 2466 solstitium
717 2435 898 2467 versante
929 2434 968 2466 et
993 2441 1044 2465 ex
1063 2433 1169 2466 tanta
1199 2427 1379 2475 distantia
1407 2427 1531 2464 visum
1557 2439 1670 2476 posse
1697 2437 1764 2461 re-

361 2495 484 2541 ssecti,
513 2495 587 2543 ipsi
612 2495 671 2532 illi
694 2495 911 2545 negandum
935 2508 1016 2532 esse
1038 2494 1297 2532 consentiunt.
1356 2499 1392 2531 9.
1425 2492 1541 2528 Hisce
1570 2497 1699 2528 autem
1727 2496 1766 2526 et

360 2562 446 2608 illis,
468 2562 534 2611 qui
557 2561 605 2597 de
622 2561 896 2599 coniunctione
916 2561 1096 2610 cogitant,
1125 2559 1340 2607 communis
1363 2563 1420 2594 est
1438 2556 1619 2604 objectio,
1649 2556 1764 2592 etiam

362 2627 439 2664 fixa
466 2627 593 2663 sidera
623 2638 713 2662 cum
741 2638 852 2664 coma
880 2639 1082 2677 apparere.
1143 2624 1262 2676 Quod
1293 2635 1371 2660 non
1403 2621 1528 2658 solum
1558 2622 1764 2670 Aegyptiis

361 2692 563 2730 credamus
593 2697 751 2741 oportet
777 2688 939 2740 (etenim
965 2692 1024 2729 illi
1055 2703 1210 2740 quoque
1229 2686 1426 2736 tradunt),
1455 2685 1523 2722 sed
1554 2686 1629 2734 ipsi
1654 2685 1762 2723 vidi-

361 2771 458 2795 mus.
519 2759 727 2794 Asu-orum
772 2757 875 2794 enim
913 2758 953 2794 in
986 2769 1084 2793 coxa
1114 2755 1219 2792 canis
1257 2764 1406 2790 comam
1443 2751 1578 2789 habuit
1615 2751 1765 2800 aliquis,
