1774 3198
364 348 586 394 LIBRUM
616 350 944 393 SECUNDUM.
1003 349 1187 390 CARH.
1404 337 1499 381 509

59 470 257 510 rationem
280 468 476 520 exemplis
496 468 785 506 illustravere*
820 464 940 503 Adde
961 463 1195 503 Pierson.
1216 459 1267 499 ad
1284 459 1499 500 Moerid-

60 552 103 590 p.
119 539 214 587 348,
235 551 257 575 a
287 537 351 576 ed.
373 535 529 576 Koch.
550 559 601 565 —
629 537 798 575 Inverso
818 533 960 571 ordine
980 534 1106 571 ποιεῖν
1124 523 1314 581 βούλεται
1334 525 1399 567 ἀεί
1427 541 1501 566 ex-

61 605 171 644 hibet
190 608 238 644 F.
273 628 329 634 -
362 601 494 650 οὕτως
522 603 574 643 Α.
597 604 703 642 Cam.
734 602 808 641 cfr.
835 601 887 640 ad
905 602 940 651 Ι,
963 603 1002 646 3,
1025 603 1090 638 10.
1122 601 1172 646 II,
1195 602 1233 644 1,
1259 601 1325 636 16.
1358 616 1410 624 --
1440 590 1503 642 ὡς

61 670 267 725 εἴρηται
298 668 577 726 πρότερον.
608 671 679 710 cfr.
701 670 733 719 Ι,
757 674 796 709 9.
821 692 870 698 -—
898 667 1058 720 Lepide
1080 667 1123 705 in
1141 665 1246 718 lianc
1264 665 1503 704 sententiam

59 740 155 779 abiit
185 739 349 780 Anacr
363 755 384 778 c
398 740 564 778 ontici
593 738 779 777 carminis
798 741 919 789 poe'ta
950 735 1092 789 (XIX,
1113 739 1137 774 3
1160 733 1259 787 sq.):

448 806 566 846 ΙΙίνει
595 802 792 846 θάλασσα
822 801 863 844 δ’
891 801 1020 858 αὔρας

450 871 471 914 ὃ
504 871 545 913 <5²
566 871 682 926 ἣλιος
709 871 942 913 θάλασσαν.

57 942 128 980 ubi
158 944 465 982 Brunckius
499 943 680 982 correxit
708 938 894 981 θάλασσ’
918 937 1133 994 ἀναύρους.
1189 940 1336 978 Ροὲῐειθ
1364 939 1504 990 iunga-

58 1024 148 1048 mus
167 1013 345 1061 poetam.
405 1013 645 1050 Lucanus
673 1011 780 1049 enim
808 1011 873 1058 X,
907 1012 990 1048 258
1022 1009 1102 1047 ait:

227 1079 317 1116 Nec
345 1093 430 1117 non
449 1079 611 1117 Oceano
633 1080 765 1129 pasci
791 1075 1084 1128 Phoebumque
1105 1073 1334 1127 polumque

230 1147 451 1184 Credimus.

61 1215 116 1252 At
137 1214 243 1252 serio
263 1213 430 1252 eandem
450 1212 677 1265 protulerat
703 1213 1034 1258 Heraclitus,
1064 1211 1114 1249 ad
1141 1225 1260 1262 quem
1286 1224 1381 1249 mox
1400 1224 1503 1263 pro-

59 1280 167 1319 cedit
191 1281 467 1320 Aristotelicas
496 1294 644 1320 sermo·
703 1278 816 1332 (Cfr.
846 1278 980 1331 Plut.
1015 1277 1131 1318 Plac.
1158 1276 1316 1318 Philas.
1341 1280 1404 1329 ΙΙ,
1434 1282 1500 1319 17.

58 1362 95 1400 p.
117 1350 169 1387 58
201 1349 340 1388 cors.
398 1349 617 1400 Diogen.
649 1347 824 1386 Lae'rt.
864 1349 951 1397 IX,
981 1352 1020 1387 9.
1056 1351 1122 1386 10.
1183 1347 1324 1386 Stob.
1353 1345 1500 1398 Eclog.

51 1415 175 1466 phys.
208 1416 239 1454 I.
269 1429 310 1468 p.
335 1419 428 1455 510.
460 1416 542 1456 524
567 1414 703 1468 sqq.)‚
745 1421 784 1454 et
813 1422 903 1467 post
929 1415 1181 1455 Heraclitum
1211 1415 1404 1464 Stoici,
1433 1414 1503 1465 qui

58 1484 171 1521 sicuti
195 1484 270 1522 alia
290 1485 596 1536 quamplurima
618 1484 767 1534 (Bake
790 1480 986 1522 Posiden.
1000 1487 1100 1535 p.26
1119 1489 1199 1521 not.
1218 1479 1262 1535 6)
1286 1483 1405 1520 etiam
1424 1481 1503 1520 hoc

57 1551 201 1602 dogma
221 1558 405 1590 mutuum
423 1566 616 1604 accepere
635 1551 683 1589 ab
693 1551 912 1590 Heraclito.
942 1550 1024 1590 Adi
1047 1551 1265 1589 Macrob.
1286 1551 1503 1589 Saturnal.

57 1621 88 1667 I,
111 1623 189 1658 23:
220 1621 338 1658 Nam
359 1633 452 1657 cum
475 1622 540 1656 ait
560 1621 820 1663 Homerus
849 1616 995 1670 (Iliad.
1020 1615 1069 1667 α’,
1098 1621 1180 1657 423
1201 1616 1331 1671 sqq.):

170 1682 276 1732 Ζεύς
303 1684 380 1739 γὰρ
409 1684 451 1732 ἒς
472 1669 669 1726 3Ωκεανὸῗ
693 1682 783 1736 μετ’
818 1682 1034 1737 ἀμύμονας
1059 1684 1305 1741 Αἰθιοπῆας

169 1752 332 1803 Χθίζος
360 1750 432 1806 ἔβη
461 1750 574 1809 μετοὶι
597 1753 743 1804 δαῖτα,
782 1752 875 1793 θεοὶ
907 1750 993 1805 ἅμα
1021 1750 1170 1801 πάντες
1197 1742 1355 1802 ἕποντοξ

170 1817 396 1874 Δωδεκάτῃ
426 1819 473 1860 δέ
496 1835 560 1861 τοι
591 1813 717 1868 αὖθις
745 1818 958 1861 ἐλεύσεται.
982 1818 1251 1873 Οὔλυμπόνδε

55 1889 168 1926 Iovis
188 1889 473 1939 appellatione
485 1887 624 1927 Solem
641 1890 829 1942 intelligi
845 1890 1101 1939 Cornificius
1121 1890 1287 1939 scribit,
1302 1890 1369 1930 cui
1385 1890 1500 1928 unda

60 1956 223 1993 Oceani
249 1956 362 1994 velut
391 1957 521 2008 dapes
550 1959 783 1996 ministrat.
841 1957 941 1995 Ideo
966 1961 1099 2005 enim,
1129 1960 1238 1996 sicut
1259 1964 1300 1994 et
1321 1955 1499 1996 Posido-

54 2024 149 2060 nius
177 2031 216 2061 et
240 2024 462 2062 Cleanthes
497 2025 742 2076 affirmant,
782 2026 894 2064 Solis
922 2033 1084 2064 meatus
1122 2039 1151 2063 a
1175 2026 1345 2076 plaga,
1376 2020 1498 2076 'quae

56 2097 152 2127 usta
179 2090 348 2140 dicitur,
373 2106 458 2130 non
476 2094 658 2143 recedit,
688 2094 791 2144 quia
811 2093 886 2131 sub
910 2095 1006 2146 ipsa
1033 2095 1167 2131 currit
1188 2106 1369 2130 oceanus
1376 2120 1390 2138 ,
1424 2094 1500 2143 qui

56 2164 215 2195 terram
236 2157 370 2196 ambit
390 2160 613 2198 ‹et-dividit.
675 2162 869 2198 Omnium
893 2169 1034 2199 autem
1051 2161 1320 2211 physicorum
1352 2161 1500 2198 adser-

55 2225 170 2261 tione
200 2232 362 2262 constat
390 2223 571 2264 calorem
604 2225 773 2265 humore
797 2230 968 2266 nutriri.
1026 2226 1346 2266 Posidonius
1376 2229 1498 2267 etiam

53 2291 188 2329 lunam
209 2291 313 2329 dixit
335 2306 357 2329 e
376 2292 558 2331 dulcibus
587 2295 699 2345 aquis
723 2294 791 2333 ali.
835 2295 920 2333 Cfr.
948 2295 1165 2347 Diogen.
1196 2295 1335 2333 Laiir
1347 2302 1375 2334 t.
1405 2298 1497 2343 VH,

57 2358 159 2397 145:
187 2353 260 2410 την
281 2356 326 2397 δὲ
346 2356 515 2411 σελήνην
545 2358 800 2414 [τρέφεσθαι]
832 2359 876 2400 ἐκ
901 2360 1084 2412 ποτίμων
1111 2357 1275 2402 ’ὑδάτων
1303 2360 1497 2416 ἀερομιγῆ

53 2421 347 2477 τυγχάνουσαν.
408 2427 526 2465 Adde
554 2428 814 2480 Porphyr.
846 2429 896 2466 de
923 2436 1047 2467 antro
1078 2431 1311 2481 Nymphar.
1348 2445 1388 2483 p.
1411 2434 1495 2471 257

54 2493 118 2531 ed.
147 2494 427 2532 Holsteinz‘
447 2497 534 2540 τοῖς
562 2492 603 2532 ‹5'
627 2492 707 2535 ἀπὸ
737 2497 813 2548 τῆς
842 2497 967 2543 στοᾶς
1003 2492 1117 2548 ἥλιον
1154 2496 1228 2549 μὲν
1266 2496 1495 2551 τρέφεσθαι

54 2557 98 2599 ἐκ
126 2561 199 2612 τῆς
228 2557 308 2600 ἀπὸ
340 2563 414 2613 τῆς
441 2559 661 2614 θαλάσσης
689 2560 1007 2616 ἀναθυμιάσεως
1029 2561 1170 2614 ἐδόκει,
1200 2562 1372 2618 σελήνην
1391 2563 1430 2605 δ’
1450 2564 1493 2606 ἐκ

53 2629 136 2667 τῶν
156 2627 340 2680 πηγαίων
369 2628 436 2668 καὶ
464 2628 676 2681 ποταμίων
705 2626 881 2681 ὑδάτων,
923 2629 1020 2679 τοὺς
1048 2630 1086 2671 δ’
1120 2630 1294 2687 ἀστέρας
1323 2632 1365 2681 ἐξ
1393 2631 1493 2673 ἀνα-

54 2692 294 2746 θυμιάσεως
323 2699 396 2747 τῆς
423 2694 503 2736 ἀπὸ
532 2699 606 2749 τῆς
633 2699 717 2750 γῆς.
783 2700 956 2739 Senec.
988 2701 1154 2751 Quaest.
1174 2710 1267 2740 nat.
1287 2704 1359 2751 VI,
1383 2706 1446 2752 16,
1465 2706 1491 2742 2

54 2762 129 2801 ait:
166 2766 313 2802 Totum
333 2765 412 2802 hoc
434 2766 616 2811 caelum,
648 2766 762 2817 quod
786 2768 935 2818 igneus
958 2767 1129 2816 aether,
1155 2771 1303 2808 mundi
1326 2784 1491 2808 summa

50 2842 155 2880 pars
181 2831 365 2881 claudit,
403 2846 541 2871 omnes
567 2833 645 2871 hae
673 2834 842 2881 stellae,
882 2848 1062 2887 quarum
1080 2835 1214 2885 finiri
1241 2851 1325 2876 non
1347 2844 1491 2888 potest
