1820 3158
295 344 354 387 86
401 348 608 393 ——p·³⁵9‚b-
632 348 791 382 Bekk--
850 347 1020 386 LIB.11.
1047 347 1246 386 CAP.111.
1293 345 1458 389 ——p.343‚
1475 347 1517 379 G.
1543 345 1667 381 cas.-

293 458 532 512 ἓμβαλόντες
558 459 612 504 εἷς
640 454 749 509 ὕδωρ
778 453 1027 510 ἀφέψουσιν·
1061 452 1157 495 ὅταν
1186 454 1230 495 δὲ
1259 455 1403 495 λίπωσί
1428 470 1464 494 τι
1491 459 1563 495 τοῦ
1592 455 1692 495 ὓδα-

242 528 292 566 44
303 541 390 577 τος,
419 528 536 566 τοῦτο
567 521 728 574 ψυχθὲν
758 517 863 561 ἁλῶν
891 521 1034 574 γίνεται
1065 523 1237 574 πλῆθος.
1296 524 1363 561 44.
1387 517 1493 561 ’Ὀσὰ
1522 519 1561 560 δ’
1588 521 1692 562 ἐστὶν

296 589 454 645 ἁλμυρὰ
485 587 661 644 ῥεύματα
687 602 764 628 ποτ
835 590 878 628 ’ν
904 585 929 639 ἢ
960 590 1134 642 κρηνῶν,
1165 586 1216 628 τὰ
1242 589 1406 627 πλεῖστα
1437 585 1574 640 θερμά
1601 602 1694 628 ποτε

295 655 392 697 εἶναι
424 657 487 696 δεῖ
509 654 691 707 νομίζειν,
722 603 895 706 &mv
921 653 994 706 μὲν
1025 651 1151 707 ἀρχὴν
1180 652 1428 705 ἀπεσβέσθαι
1456 656 1526 694 τοῦ
1556 650 1694 707 πυρός,

296 722 350 762 δι’
378 716 426 774 ἧς
454 720 497 761 δὲ
524 719 721 773 ἠθοῦνται
751 722 844 773 γῆς,
873 718 929 759 ἔτι
955 719 1082 772 μένειν
1111 714 1235 760 οὖσαν
1262 716 1347 760 οἷον
1376 720 1510 760 κονίαν
1542 720 1606 760 καὶ
1634 718 1698 759 τέ-

242 791 423 842 45φραν.
480 788 546 827 45.
588 786 678 826 Εἰσὶ
709 785 752 826 δὲ
780 789 982 838 πολλαχοῦ
1010 789 1149 841 κρῆναι
1190 786 1255 827 καὶ
1295 784 1473 841 ῥεύματα
1506 788 1698 838 ποταμῶν

294 851 576 899 παντοδαποὺς
604 850 745 904 ἔχοντα
768 851 947 905 χυμούς,
989 846 1044 894 ὧν
1072 850 1232 894 πάντων
1261 851 1457 893 αἲτιατὲον
1483 850 1557 905 τὴν
1587 852 1700 892 ε’νοῦ-

296 931 370 960 σαν
399 918 424 972 ἢ
453 917 700 973 ἓγγινομένην
729 917 898 971 δύναμιν
918 918 1072 975 πυρός·
1103 918 1274 972 καομένη
1304 917 1379 973 γὰρ
1408 915 1500 972 ἧγῆ
1523 921 1578 973 τῷ
1596 920 1700 970 μᾶλ-

298 988 367 1026 λον
400 986 464 1026 καὶ
501 978 622 1038 ἧττον
658 984 917 1033 παντοδαπὰς
951 984 1146 1039 λαμβάνει
1183 983 1347 1040 μορφὰς
1384 984 1448 1025 καὶ
1474 982 1601 1038 χρόας
1625 999 1717 1035 ³6²¹--

244 1054 295 1091 46
307 1054 408 1104 μῶν.
466 1052 534 1091 46.
575 1051 829 1105 Στυπτηριάς
855 1050 932 1106 γὰρ
961 1053 1026 1093 καὶ
1057 1052 1192 1099 κονίας
1227 1051 1293 1092 καὶ
1330 1054 1410 1092 τῶν
1450 1049 1582 1091 ἄλλων
1623 1053 1703 1091 τῶν

298 1116 489 1159 τοιούτων
516 1117 660 1170 γίνεται
688 1115 846 1172 πλήρης
875 1116 1091 1171 δυνάμεων,
1123 1115 1178 1157 δι’
1203 1110 1257 1158 ὧν
1277 1116 1330 1158 τὰ
1348 1115 1557 1170 ἠθούμενα
1574 1115 1703 1157 ὕδατα

299 1181 395 1224 ὄντα
420 1182 564 1237 γλυκέα
592 1181 845 1236 μεταβάλλει,
871 1185 940 1227 καὶ
968 1182 1019 1225 τὰ
1046 1182 1119 1236 μὲν
1147 1181 1239 1231 ὀξέα
1258 1183 1417 1236 γίνεται,
1449 1180 1632 1237 καθάπερ
1662 1182 1703 1222 ἐν

298 1252 347 1303 τῇ
370 1253 557 1304 amamus?
586 1253 659 1302 τῆς
678 1250 879 1298 Σικελίας·
911 1250 994 1291 ἐκεῖ
1016 1249 1092 1304 γὰρ
1122 1247 1276 1302 ὀξάλμη
1305 1250 1462 1303 γίνεται,
1494 1249 1557 1289 καὶ
1574 1250 1702 1301 χρῶν-

247 1319 299 1355 47
310 1330 376 1355 ται
403 1314 589 1370 καθάπερ
620 1314 699 1364 ὄξει
726 1315 828 1371 πρὸς
855 1315 938 1358 ἔνια
965 1320 1045 1358 τῶν
1072 1313 1298 1368 ἐδεσμάτων
1322 1315 1444 1371 αὐτῷ.
1502 1316 1571 1355 47.
1591 1312 1704 1354 ’Ἐστι

302 1380 345 1422 δὲ
372 1383 437 1422 καὶ
465 1383 552 1436 περὶ
571 1380 740 1436 Λύγκον
768 1380 891 1436 κρήνη
920 1398 981 1430 τις
1006 1382 1156 1430 ὓδατος
1178 1380 1308 1430 ὀξέος,
1339 1382 1426 1436 περὶ
1449 1381 1491 1422 δὲ
1510 1380 1583 1433 τὴν
1604 1381 1706 1421 Σκυ-

302 1446 424 1501 θικὴν
451 1446 594 1502 πικρά·
638 1447 684 1488 τὸ
718 1446 756 1488 δ’
781 1447 978 1503 ἀπορρέον
1006 1448 1133 1502 αὐτῆς
1158 1447 1228 1489 τὸν
1257 1447 1439 1500 ποταμὸν
1469 1448 1524 1495 εἷς
1553 1446 1598 1488 ὃν
1627 1448 1708 1488 εἷο·-

302 1511 440 1564 βάλλει
468 1519 575 1554 ποιεῖ
598 1513 738 1569 πικρὸν
766 1513 875 1555 ὅλον.
915 1514 956 1555 αἱ
982 1514 1026 1555 δὲ
1056 1515 1246 1570 διαφοραὶ
1273 1513 1426 1555 τούτων
1455 1514 1607 1555 ἐκεῖθεν
1636 1515 1707 1567 δῆ-

304 1582 386 1620 λον.
426 1586 531 1621 ποῖόι
556 1580 599 1620 δὲ
624 1581 746 1632 χυμοὶ
778 1580 820 1620 ἐκ
848 1581 972 1621 ποίων
1000 1581 1171 1634 γίνονται
1199 1578 1398 1634 κράσεων,
1439 1579 1589 1635 εἴρηται
1619 1581 1707 1634 περὶ

305 1713 452 1763 aliquid
469 1726 591 1764 aquae
607 1713 809 1752 residuum
830 1713 1028 1762 manserit,
1041 1713 1084 1750 id
1100 1713 1375 1764 refrigeratum
1394 1713 1434 1751 in
1449 1714 1536 1752 salis
1555 1715 1708 1765 copiam

305 1780 563 1817 convertitur.
595 1779 661 1817 44.
676 1780 914 1830 Quicunque
925 1785 1055 1818 autem
1068 1779 1283 1829 fluviorum
1303 1785 1372 1826 aut
1387 1780 1557 1818 fontium
1576 1780 1709 1818 fluxus

307 1844 395 1881 salsi
419 1851 529 1894 sunt,
559 1858 626 1883 eos
649 1859 785 1896 magna
806 1859 857 1883 ex
878 1851 990 1896 parte
1011 1844 1157 1883 calidos
1180 1845 1380 1883 interdum
1401 1846 1520 1883 fuisse
1547 1859 1710 1884 censen-

309 1909 403 1947 dum
424 1917 503 1958 est,
533 1917 615 1948 tum
634 1911 733 1961 ignis
764 1911 923 1961 quidem
945 1911 1182 1962 principium
1210 1911 1446 1948 exstinctum
1473 1911 1612 1960 fuisse,
1641 1911 1712 1950 sed

309 1980 440 2013 tamen
461 1982 627 2023 terram,
657 1990 729 2027 per
749 1991 864 2028 quam
888 1978 1086 2025 colantur,
1115 1977 1240 2015 veluti
1268 1977 1411 2014 calcem
1442 1983 1509 2014 aut
1539 1978 1711 2016 cinerem

307 2042 551 2079 remansisse.
610 2041 674 2081 45.
706 2044 805 2080 Sunt
823 2048 953 2080 autem
973 2043 1104 2080 multis
1120 2042 1160 2080 in
1174 2042 1270 2080 locis
1290 2042 1418 2080 fontes
1438 2049 1478 2081 et
1495 2043 1711 2082 fluviorum

309 2106 440 2145 fluxus
469 2108 673 2158 saporibus
704 2109 830 2146 omnis
862 2109 1015 2160 generis
1037 2108 1186 2156 affecti,
1213 2121 1381 2159 quorum
1405 2110 1581 2147 omnium
1601 2124 1713 2148 causa

309 2172 351 2210 in
378 2173 501 2223 ignis,
541 2186 640 2224 quae
672 2175 718 2211 iis
755 2175 868 2212 insita
900 2181 980 2223 est,
1021 2181 1088 2213 aut
1124 2174 1357 2224 ingignitur,
1400 2175 1623 2214 facultatem
1657 2183 1715 2215 est

311 2239 530 2276 referenda.
605 2241 705 2279 Cum
736 2242 839 2278 enim
868 2246 975 2278 terra
1002 2241 1205 2287 aduritur,
1255 2253 1343 2278 cum
1381 2242 1499 2291 magis
1536 2243 1716 2281 minusve

311 2303 521 2352 aduratur,
560 2308 686 2344 omnis
715 2307 868 2357 generis
897 2307 1073 2344 colorum
1092 2320 1353 2358 saporumque
1370 2308 1518 2358 species
1537 2308 1716 2346 adsumit.

314 2369 379 2407 46.
410 2372 606 2410 Aluminis
629 2374 733 2410 enim
758 2379 797 2411 et
815 2373 928 2410 calcis
957 2378 996 2410 et
1017 2374 1181 2411 aliarum
1210 2374 1327 2412 huius
1353 2374 1460 2412 modi
1486 2374 1716 2412 facultatum

315 2436 430 2484 plena
447 2436 650 2487 redditur,
681 2453 752 2489 per
771 2452 865 2489 quas
890 2438 1024 2477 dulces
1046 2452 1167 2489 aquae
1187 2439 1281 2478 dum
1305 2441 1508 2486 colantur,
1538 2453 1717 2478 commu-

315 2506 459 2539 tantur.
515 2503 567 2541 Et
594 2505 691 2542 aliae
720 2504 908 2556 quaedam
938 2505 1069 2542 acidae
1097 2505 1220 2554 fiunt,
1250 2506 1354 2543 utin
1377 2505 1527 2543 Sicania
1547 2506 1715 2544 Siciliae.

315 2568 401 2606 Illic
422 2569 526 2606 enim
546 2569 593 2607 fit
613 2571 724 2608 acida
747 2571 873 2608 muria
897 2583 1019 2621 eaque
1039 2571 1165 2609 veluti
1191 2577 1300 2610 aceto
1325 2571 1375 2608 ad
1393 2569 1522 2608 edulia
1541 2577 1717 2610 utuntur.

319 2634 384 2671 47.
415 2634 521 2682 Quin
548 2640 587 2671 et
610 2636 711 2673 circa
730 2637 916 2686 Lyncum
947 2649 1069 2687 aquae
1095 2638 1226 2675 acidae
1251 2638 1339 2675 fons
1361 2642 1430 2673 est.
1487 2637 1536 2674 In
1558 2637 1719 2687 Scythia

316 2710 414 2735 vero
452 2711 626 2744 amarus,
673 2702 782 2739 cuius
818 2714 917 2751 aqua
955 2701 1144 2749 fluvium,
1191 2703 1233 2740 in
1257 2714 1374 2752 quem
1405 2700 1554 2750 influit,
1590 2708 1718 2741 totum

317 2777 492 2802 amarum
529 2764 668 2802 reddit.
749 2767 931 2814 Quorum
961 2767 1202 2805 differentiae
1231 2767 1322 2804 hinc
1352 2766 1453 2805 fiunt
1480 2768 1718 2807 manifestae.

0 2930 6 3158 ——v--m
0 2357 6 2924 ww*
0 2271 6 2352 v-rv
0 2021 7 2259 ---.--v--
0 1938 5 2015 -m
0 1822 6 1925 *vva-
