1820 3158
263 313 354 355 106
401 320 611 365 —12-346‚b·
626 322 782 357 Be1‹1‹·-
852 325 1254 367 LiB.11.cAP.v1.
1301 326 1658 370 —p348‚A.Cas.-

257 431 409 478 καικίας
445 430 516 472 οὐκ
553 431 738 484 αἴθριος,
786 430 846 472 ὅτι
881 430 1128 485 ἀνακάμπτει
1167 434 1223 481 εἰς
1261 432 1401 477 αὑτόν·
1456 435 1553 479 ὅθεν
1595 440 1659 478 καὶ

255 498 402 550 λέγεται
438 495 463 549 ἦ
494 497 708 551 παροιμία·
763 496 920 538 ἕλκων
960 497 1035 553 ἐφ’
1080 496 1236 541 αὑτὸν
1285 500 1410 543 ὥστε
1457 505 1662 551 καικίας

205 566 254 601 18
272 562 438 617 νέφος,
501 569 563 604 18.
594 562 654 603 Αἱ
682 562 726 603 δὲ
747 561 994 619 περιστάσεις
1019 566 1191 622 γίνονται
1223 565 1355 608 αὖτῶν
1383 568 1662 621 καταπαυομέ-

255 644 333 671 νων
361 630 416 677 εἷς
443 628 534 676 τούς
566 628 778 682 ἐχομένους
813 627 916 671 κατὰ
947 630 1021 685 τὴν
1047 635 1120 673 τοῦ
1148 629 1264 685 ἡλίου
1289 632 1553 686 μετάστασιν,
1598 632 1664 674 διὰ

254 692 300 734 τὸ
329 699 526 736 κινεῖσθαι
552 694 730 749 μάλιστα
757 695 803 739 τό
833 696 1019 749 ἐχόμενον
1048 702 1121 752 τῆς
1139 698 1284 754 ἀρχῆς·
1314 697 1338 753 ἦ
1362 699 1405 740 δὲ
1426 697 1529 755 ἀρχὴ
1558 698 1663 741 οὕτω

203 766 422 802 19κινεῖται
449 766 529 804 τῶν
565 763 800 816 πνευμάτων
838 760 892 811 ὡς
921 760 941 805 ὃ
969 761 1094 816 ἥλιος.
1179 771 1244 806 19.
1289 765 1339 807 Οἳ
1368 766 1536 808 ἐναντίοι
1568 765 1609 806 ‹5’
1637 765 1662 819 ἢ

253 826 375 869 ταύτὸ
404 832 584 870 ποιοῦσιν
612 827 636 882 ἢ
657 830 847 880 ἐναντίον,
877 827 962 871 οἷον
989 827 1103 886 ὑγροὶ
1134 831 1210 883 ahs)
1238 833 1302 873 καὶ
1331 833 1505 884 καικίας,
1537 830 1582 874 ὃν
1604 829 1663 872 ἕλ-

252 896 492 947 λησποντίαν
522 895 615 937 ἔνιοι
644 899 821 946 καλοῦσι,
854 898 920 938 καὶ
947 891 1085 952 εὖρος,
1118 896 1164 938 ὃν
1193 898 1436 952 ἀπηλιώτην.
1476 899 1589 954 ξηροὶ
1618 897 1658 939 δ’

250 959 443 1015 ἀργέστης
470 963 534 1004 καὶ
564 957 700 1018 εὖρος·
743 961 813 1002 ἀπ’
846 962 972 1018 ἀρχῆς
1001 963 1041 1004 δ’
1069 957 1190 1013 οὗτος
1218 963 1360 1020 ξηρός,
1399 967 1590 1006 τελευτῶν
1621 964 1664 1005 δὲ

251 1024 482 1082 ὖδατώδης·
513 1027 735 1084 νιφετώδης
754 1028 798 1069 δὲ
825 1029 952 1083 μέσης
977 1031 1041 1070 καὶ
1072 1029 1296 1085 ἀπαρκτίας
1322 1030 1521 1083 μάλιστα·
1554 1024 1665 1073 οὗτοι

250 1093 324 1148 γὰρ
362 1094 628 1150 ψυχρότατοι.
682 1094 920 1149 χαλαζώδης
949 1095 989 1137 δ’
1008 1096 1236 1151 ’ἀπαρκτίας
1265 1099 1330 1138 καὶ
1359 1098 1562 1153 θρασκιάς
1599 1098 1665 1138 καὶ

197 1166 249 1199 20
261 1158 465 1215 ἀργέστης.
497 1161 764 1215 καυματώδης
783 1162 826 1202 δὲ
846 1161 963 1210 νότος
981 1163 1046 1203 καὶ
1066 1163 1234 1218 ζέφυρος
1256 1164 1322 1204 καὶ
1343 1158 1469 1218 εὖρος.
1499 1171 1565 1206 20.
1582 1163 1665 1205 Νέ-

250 1241 342 1281 φεσι
372 1228 416 1269 δὲ
443 1231 634 1270 πυκνοῢσι
663 1227 734 1270 τὸν
757 1226 930 1283 οὐρανὸν
956 1229 1111 1277 καικίας
1137 1230 1210 1281 μὲν
1238 1229 1418 1284 σφόδρα,
1449 1231 1525 1282 mm
1554 1229 1594 1270 δ’
1618 1229 1664 1269 ἀ-

250 1294 489 1348 ραιοτέροις,
519 1295 673 1342 καικίας
689 1295 762 1346 μὲν
785 1293 851 1336 διά.
876 1311 918 1336 τε
947 1293 993 1337 τὸ
1023 1294 1293 1348 ἀνακάμπτειν
1319 1295 1423 1350 πρὸς
1450 1294 1571 1338 αὑτὸν
1599 1296 1664 1337 καὶ

251 1359 317 1399 διὰ
343 1361 389 1401 τὸ
418 1357 549 1408 κοινὸς
575 1358 672 1402 εἶναι
697 1360 845 1415 βορέου
873 1362 939 1402 καὶ
960 1360 1103 1417 εὔρου,
1131 1361 1232 1404 ὥστε
1253 1360 1319 1403 διὰ
1343 1362 1418 1415 μὲν
1440 1361 1486 1404 τὸ
1508 1359 1665 1417 ψυχρὸς

249 1422 346 1466 εἶναι
374 1426 523 1481 πηγνὺς
550 1424 620 1469 τὸν
647 1426 863 1480 ἀτμίζοντα
891 1426 990 1483 ἀέρα
1019 1430 1234 1482 συνίστησι,
1266 1428 1332 1470 διὰ
1353 1429 1396 1469 δὲ
1414 1427 1459 1470 τὸ
1477 1432 1534 1485 τῷ
1551 1427 1663 1484 τόπῳ

248 1489 514 1545 ἀπηλιωτικὸς
560 1491 655 1535 εἶναι
697 1493 771 1546 ἔχει
803 1493 954 1548 πολλὴν
980 1494 1080 1548 ὕλην
1120 1496 1184 1537 καὶ
1213 1494 1363 1548 ἀτμίδα
1392 1493 1440 1548 ἣν
1469 1498 1662 1550 προωθεῖ.

250 1626 458 1677 contigerit
484 1633 597 1666 antea
626 1628 756 1678 gelant
775 1641 891 1679 quam
918 1630 1123 1680 repellant.
1182 1627 1337 1668 Caecias
1360 1635 1514 1675 autem,
1543 1642 1662 1679 quum

248 1691 298 1728 ad
317 1705 358 1728 se
376 1694 572 1743 reflectat,
600 1709 764 1733 serenus
786 1708 867 1732 non
887 1701 957 1732 est.
975 1742 983 1749 ὕ
1017 1695 1137 1733 Unde
1161 1701 1200 1733 et
1222 1696 1480 1746 proverbium
1501 1695 1663 1733 ductum

249 1763 327 1796 est:
366 1759 432 1797 Ad
459 1774 500 1798 se
532 1761 691 1799 trahens
720 1768 764 1799 ut
793 1761 916 1799 nubes
939 1761 1109 1799 caecias.
1183 1765 1245 1799 18.
1274 1763 1513 1800 Mutationes
1532 1767 1662 1799 autem

248 1823 370 1869 fiunt,
397 1826 476 1864 illis
493 1827 534 1864 in
554 1841 620 1864 eos
644 1829 708 1878 qui
734 1827 899 1865 haerent
932 1841 1008 1877 pro
1029 1828 1120 1866 solis
1141 1828 1359 1865 mutatione
1384 1827 1662 1874 desinentibus,

247 1897 459 1941 propterea
477 1894 567 1944 quia
584 1894 683 1931 illud
703 1894 875 1931 maxime
896 1900 1098 1941 movetur,
1130 1893 1235 1943 quod
1261 1907 1349 1931 cum
1368 1893 1564 1944 principio
1594 1906 1662 1930 co-

247 1956 394 1995 haeret.
425 1960 651 1998 Ventorum
669 1966 801 2014 autem
820 1960 1058 2010 principium
1075 1960 1130 1997 ita
1148 1965 1334 1997 movetur
1353 1966 1398 1997 ut
1416 1960 1487 1997 sol.
1547 1962 1608 1997 19.
1629 1958 1662 1996 Ii

246 2036 371 2073 porro
401 2025 468 2076 qui
493 2026 680 2064 contrarii
709 2032 821 2074 sunt,
859 2032 925 2064 aut
952 2026 1079 2074 idem,
1109 2031 1177 2063 aut
1201 2026 1443 2063 contrarium
1464 2024 1660 2063 efficiunt:

247 2090 302 2127 ita
320 2089 473 2129 humidi
494 2092 653 2143 quidem
670 2098 762 2130 sunt
773 2093 933 2130 Africus
954 2098 992 2129 et
1011 2092 1179 2138 Caecias,
1213 2104 1332 2141 quem
1354 2091 1659 2142 Hellespontiam

248 2163 403 2204 vocant,
431 2164 472 2195 et
490 2159 727 2206 Vulturnus,
761 2172 876 2209 quem
899 2159 1173 2197 Subsolanum.
1215 2159 1315 2196 Sicci
1335 2164 1465 2195 autem
1477 2161 1662 2208 Argestes

247 2229 286 2259 ct
308 2224 539 2263 Vulturnus.
596 2225 729 2276 Atque
756 2225 821 2263 hic
846 2225 960 2263 initio
985 2225 1130 2273 siccus,
1161 2224 1343 2263 desinens
1359 2238 1458 2263 vero
1477 2236 1660 2274 aquosus.

244 2289 372 2327 Nives
410 2291 580 2329 afferunt
617 2294 747 2331 Meses
778 2298 817 2330 et
849 2292 1020 2330 maxime
1055 2291 1282 2342 Septentrio
1292 2318 1306 2336 ,
1343 2290 1662 2342 quandoquidem

247 2362 338 2393 sunt
364 2357 626 2407 frigidissimi:
656 2358 866 2409 grandines
887 2358 1114 2408 Septentrio
1125 2386 1136 2404 ,
1169 2357 1376 2395 Thi-ascias
1398 2363 1437 2394 et
1456 2358 1660 2407 Argestes:

245 2429 373 2458 aestus
395 2426 554 2473 Auster,
575 2425 777 2464 Favonius
795 2431 835 2463 et
850 2425 1086 2463 Vulturnus.
1128 2428 1195 2462 20.
1214 2424 1398 2462 Nubibus
1416 2428 1546 2459 autem
1571 2434 1659 2458 cae-

245 2488 326 2524 lum
345 2488 520 2537 densant,
541 2491 699 2529 Caecias
716 2491 977 2543 spissioribus,
989 2491 1148 2529 Africus
1165 2490 1403 2528 rarioribus:
1426 2501 1470 2525 ac
1490 2487 1558 2525 ille
1571 2486 1660 2535 qui-

247 2552 338 2592 dem
358 2555 447 2603 quia
464 2555 515 2593 ad
534 2570 576 2593 se
596 2557 781 2603 reflectit,
801 2557 984 2609 quodque
993 2556 1184 2607 Aquiloni
1204 2569 1247 2592 ac
1258 2555 1458 2593 Vulturno
1479 2565 1659 2589 commu-

244 2618 305 2656 nis
326 2625 406 2657 est:
443 2634 490 2657 eo
507 2621 648 2671 igitur,
681 2623 788 2672 quod
807 2624 973 2674 frigidus
989 2629 1049 2661 est
1067 2625 1200 2660 aerem
1222 2619 1436 2670 vaporibus
1459 2617 1657 2668 repletum

246 2685 486 2734 coagulando
505 2688 628 2725 nubes
649 2689 869 2726 constituit:
884 2688 991 2739 quod
1003 2701 1101 2727 voro
1119 2685 1333 2725 secundum
1351 2685 1481 2722 locum
1501 2684 1544 2721 in
1554 2684 1656 2721 Sub-

246 2750 388 2788 solanis
397 2750 600 2791 habendus
613 2760 681 2800 est,
701 2755 864 2791 multam
885 2754 1088 2795 materiam
1107 2763 1378 2801 vaporemque
1394 2749 1523 2797 habet,
1542 2764 1655 2801 quam
