1812 3158
323 331 415 376 336
537 340 975 380 COMMENTARIUS
1003 341 1062 379 IN
1092 343 1491 384 METEOROLOG.

320 443 448 490 τᾶλλα
475 448 591 502 κωφὰ
619 448 683 488 καὶ
712 447 857 501 τυφλά.
914 450 966 488 G.
987 451 1117 490 voluit
1141 448 1270 503 πλήρη
1299 449 1424 504 πυρὸς
1450 448 1547 493 εἶναι
1574 450 1715 500 ἐκεῖνος

321 516 386 556 καὶ
402 514 473 567 τὴν
491 514 572 554 ε’κεῖ
587 511 766 564 δύναμιν.
782 536 837 543 -—
863 517 982 554 τοῦτο
1009 513 1066 566 μὴ
1100 513 1236 568 ὀρθῶς
1263 516 1429 567 νομίσας
1454 532 1516 569 pr.
1537 533 1639 558 man.
1659 522 1714 558 N.

321 579 405 633 ἅμα
431 580 495 620 καὶ
522 576 636 619 θεῖόν
663 594 700 618 τι
727 577 801 631 τὴν
830 578 949 633 φύσιν
976 583 1027 620 Η.
1050 585 1098 621 F.
1119 583 1173 620 N.
1207 581 1411 634 Philopon.
1438 584 1545 622 Aldi.
1573 581 1657 634 ἅμα
1673 599 1714 624 τε

319 645 431 686 θεῖόν
449 661 487 685 τι
505 643 577 697 τὴν
602 641 721 698 φύσιν
750 647 858 685 Cam.
879 649 922 686 P.
944 648 1029 686 Cas.
1058 644 1143 698 ἅμα
1167 644 1282 686 θεῖόν
1301 663 1339 687 τι
1358 645 1430 700 τὴν
1456 645 1575 701 φύσιν
1604 651 1716 700 Sylb.

318 714 441 752 Bekk.
499 714 629 762 Quam
646 726 719 750 nos
736 714 956 764 recepimus
974 714 1183 751 lectionem
1212 710 1296 764 ἅμα
1314 729 1354 753 τε
1377 716 1488 754 θεῖον
1506 711 1579 766 τήν
1597 713 1717 768 φύσιν

318 779 506 817 exhibent
533 779 621 817 cod.
649 781 718 825 E.,
752 779 845 818 edit.
865 779 914 817 A.
932 781 1002 818 Er.
1057 780 1224 818 Deinde
1241 781 1342 818 male
1368 781 1454 820 cod.
1482 783 1529 820 E.
1561 795 1603 820 τε
1630 787 1719 832 post

318 842 439 897 φύσιν
467 846 621 883 adiecit.
677 845 771 883 Ald.
792 851 831 883 et
850 847 919 884 Er.
940 847 1128 896 praebent
1148 844 1194 885 οὐ
1213 843 1287 898 γὰρ
1307 845 1369 885 δεῖ
1382 844 1574 900 φήσομεν.
1612 850 1718 887 Ver-

316 912 458 949 borum
487 908 536 962 δὴ
564 917 604 949 et
623 910 687 950 δεῖ
709 912 964 950 confusorum
991 914 1215 964 exemplum
1240 920 1298 951 est
1317 914 1421 964 apud
1453 915 1718 952 Platonem

315 978 481 1017 Philebo
508 991 550 1028 p.
577 981 639 1016 16.
668 977 732 1015 ed.
768 978 1064 1017 Stallbaum.
1102 986 1140 1017 et
1166 980 1271 1017 infra
1306 981 1349 1028 Ι,
1385 980 1457 1027 14,
1502 979 1570 1017 ubi
1598 974 1718 1029 vulgo

317 1041 484 1098 τούτους
513 1041 562 1094 δὴ
589 1042 892 1095 προαπολείπειν
920 1045 1130 1093 exhibent,
1163 1046 1289 1084 Bekk.
1318 1043 1361 1083 δὲ
1388 1047 1562 1097 scripsit,
1595 1042 1634 1084 at
1662 1045 1725 1084 δεῖ

317 1124 399 1157 esse
432 1110 707 1160 corrigendum
738 1110 814 1147 iam
842 1111 1030 1149 viderunt
1057 1111 1407 1150 Schneiderus
1436 1119 1474 1150 et
1501 1112 1719 1162 Koenig-

316 1189 545 1221 mannus,
573 1175 626 1212 ibi
650 1175 847 1214 laudandi.
879 1197 933 1203 —
968 1177 1116 1215 Eadem
1139 1178 1234 1225 fere,
1264 1191 1361 1227 quae
1381 1178 1457 1216 hoc
1474 1185 1607 1216 nostro
1632 1179 1719 1215 loco

316 1242 499 1293 exposuit
532 1240 866 1289 Aristoteles,
894 1242 1147 1292 reperiuntur
1175 1243 1221 1280 de
1242 1246 1343 1280 coelo
1372 1244 1401 1291 Ι,
1432 1248 1468 1281 3.
1500 1258 1540 1294 p.
1555 1247 1648 1289 270,
1669 1243 1717 1280 b:

298 1305 364 1347 ,οὐ
394 1305 469 1360 γὰρ
497 1304 623 1353 ἅπαξ,
665 1303 757 1345 οὐδὲ
788 1306 868 1356 δίς,
908 1304 999 1345 ἀλλ’
1035 1304 1238 1360 ἀπειράκις
1265 1307 1328 1346 δεῖ
1350 1308 1517 1358 νομίζειν
1544 1305 1618 1353 τὰς
1646 1305 1720 1346 αὗ-

314 1372 388 1419 τὰς
416 1371 669 1426 ἀφικνεῖσθαι
699 1371 818 1420 δόξας
840 1373 894 1419 εἰς
914 1369 1030 1424 ἡμᾶς,
1059 1370 1196 1423 διόπερ
1225 1369 1278 1419 ὡς
1307 1371 1442 1425 ἑτέρου
1469 1371 1575 1419 τινὸς
1604 1370 1719 1419 ὄντος

314 1441 385 1478 τοῦ
414 1436 575 1492 πρώτου
604 1436 789 1489 σώματος
816 1436 926 1491 παρὰ
952 1441 1024 1490 γῆν
1061 1438 1125 1477 καὶ
1159 1442 1237 1492 πῦρ
1274 1439 1338 1478 καὶ
1367 1438 1463 1493 ἀέρα
1499 1439 1564 1478 καὶ
1592 1436 1716 1491 ὕδωρ,

316 1503 463 1557 αἰθέρα
492 1502 810 1558 προσωνόμασαν
837 1502 907 1544 τὸν
934 1501 1125 1543 ἀνωτάτω
1148 1503 1292 1553 τόπον,
1324 1503 1400 1544 ἀπὸ
1431 1507 1503 1544 τοῦ
1531 1507 1621 1544 θεῖν
1646 1501 1717 1543 τὸν

317 1569 444 1611 ἀίδιον
470 1568 617 1624 χρόνον
645 1570 806 1621 θέμενοι
834 1567 906 1621 τὴν
939 1568 1162 1621 ἐπωνυμίαν
1202 1568 1322 1624 αὐτῷ.
1372 1568 1637 1623 Ἀναξαγόρας
1674 1568 1717 1608 δὲ

315 1634 560 1690 κατάχρηται
588 1638 645 1691 τῷ
674 1633 841 1687 ὀνόματι
866 1632 996 1690 τούτῳ
1026 1634 1071 1675 οὐ
1091 1638 1244 1683 καλῶς·
1276 1634 1455 1687 ὀνομάζει
1473 1634 1548 1688 γὰρ
1571 1634 1718 1689 αἰθέρα

315 1701 403 1742 ἀντὶ
431 1701 570 1756 πυρός.
625 1705 689 1742 De
708 1705 899 1741 sententia
918 1703 1134 1742 verborum
1156 1700 1203 1742 οὐ
1223 1699 1298 1755 γὰρ
1319 1701 1367 1754 δὴ
1386 1700 1566 1755 φήσομεν
1584 1728 1717 1741 ......

316 1767 398 1808 ἀλλ’
424 1765 637 1822 ἀπειράκις,
667 1770 803 1807 confer
819 1770 936 1808 etiam
958 1770 1111 1820 Physica
1130 1771 1311 1809 Auscult-
1333 1771 1404 1817 IV,
1427 1772 1489 1807 15.
1507 1782 1546 1819 p.
1562 1771 1655 1815 223,
1671 1767 1716 1805 b:

317 1834 415 1888 φασὶ
445 1832 520 1887 γὰρ
550 1831 694 1873 κύκλον
723 1830 819 1873 εἶναι
845 1832 897 1873 τὰ
925 1832 1162 1886 ἀνθρώπινα
1198 1831 1425 1886 πράγματα.
1467 1854 1522 1862 --
1576 1834 1717 1884 Neque

314 1901 499 1938 absimilis
519 1906 575 1938 est
595 1901 786 1938 sententia
811 1902 1037 1938 Horatii.
1051 1899 1156 1952 (Art.
1177 1901 1286 1938 Poe't.
1314 1913 1355 1938 v.
1375 1898 1471 1949 70),
1503 1899 1574 1935 etsi
1595 1899 1716 1936 alium

314 1967 355 2005 in
389 1979 503 2004 usum
540 1965 712 2003 adhibita
730 1981 740 2002 ε
798 1967 935 2003 Multa
970 1973 1243 2010 renascentur,
1289 1979 1387 2015 quae
1421 1967 1501 2002 iam
1538 1966 1715 2010 cecidere,

313 2034 449 2072 Paullo
470 2032 588 2082 magis
606 2031 742 2079 aliena,
767 2044 847 2069 non
869 2037 999 2069 tamen
1021 2043 1181 2082 prorsus
1202 2018 1405 2068 dissimilia¹
1420 2035 1510 2067 sunt
1531 2042 1587 2074 ea,
1618 2043 1718 2080 quae

316 2099 535 2150 composuit
563 2098 677 2136 Z·ell
705 2098 754 2136 ad
786 2098 997 2135 Aristot.
1026 2097 1159 2134 Ethie.
1192 2097 1345 2133 Nicom.
1376 2096 1409 2140 1,
1436 2100 1501 2141 10,
1528 2098 1564 2132 6.
1589 2109 1628 2146 p.
1649 2095 1714 2134 47.

314 2167 383 2203 ubi
407 2165 508 2203 adde
534 2163 850 2202 Herodotum
879 2163 912 2211 Ι,
934 2166 1035 2201 207:
1065 2158 1206 2206 κύκλος
1225 2162 1304 2200 τῶν
1334 2158 1604 2214 ἀνθρωπηΐων
1632 2159 1716 2199 ἐστὶ

315 2227 582 2282 πρηγμάτων·
627 2225 957 2282 περιφερομένους
986 2226 1029 2266 δὲ
1055 2224 1126 2266 οὐκ
1155 2226 1200 2282 ἐᾷ
1231 2224 1290 2266 ἀεὶ
1313 2224 1406 2272 τοὺς
1434 2222 1576 2272 αὐτοὺς
1604 2223 1716 2265 εὔτυ-

312 2295 427 2347 χέειν.
485 2298 533 2335 In
555 2295 736 2344 omnibus
750 2294 857 2332 hisce
880 2294 976 2332 mihi
994 2293 1154 2332 videtur
1174 2295 1260 2332 Ari
1273 2289 1349 2331 st‘o
1362 2294 1513 2340 teles,
1539 2298 1583 2331 ut
1601 2305 1717 2343 saepe

315 2365 408 2401 alias
443 2364 558 2401 tacite
593 2368 744 2400 notasse
781 2360 1104 2400 Heraclitum
1120 2388 1131 2408 ,
1180 2359 1229 2406 de
1260 2373 1337 2410 quo
1371 2360 1516 2397 Plato
1557 2358 1715 2407 Gratylo

315 2443 354 2480 p.
377 2430 471 2478 402,
494 2443 537 2467 a:
566 2425 689 2479 Λέγει
716 2441 794 2466 που
819 2421 1100 2478 “Ηράκλειτος,
1132 2421 1193 2464 ὅτι
1211 2421 1341 2464 πάντα
1363 2427 1490 2476 χωρεῖ
1512 2421 1576 2461 καὶ
1601 2419 1715 2460 οὐδὲν

315 2492 435 2545 μένει,
467 2494 532 2533 καὶ
559 2482 742 2543 ποταμοῦ
773 2489 847 2546 ῥοῇ
876 2487 1092 2538 ἀπεικάζων
1115 2487 1165 2529 τὰ
1194 2487 1291 2529 ὄντα
1318 2487 1427 2541 λέγει,
1457 2483 1511 2532 ὡς
1538 2485 1616 2532 δὶς
1643 2486 1685 2525 εἴ
1695 2501 1715 2532 ς

315 2557 404 2599 τὸν
431 2556 587 2600 αὐτὸν
614 2556 850 2608 ποταμὸν
879 2555 968 2597 οὐκ
997 2553 1052 2595 ἂν
1080 2546 1299 2607 ἐμβαίης
1339 2553 1438 2605 (cfr.
1467 2554 1714 2602 Wytten-

317 2626 447 2664 bach
475 2627 525 2664 ad
551 2623 800 2666 Plutarch
829 2625 875 2662 de
893 2626 977 2662 Ser.
999 2624 1122 2660 Num.
1152 2623 1270 2660 Vinci.
1298 2634 1339 2670 p.
1362 2621 1426 2657 67.
1455 2615 1714 2679 Schleier-⁴

319 2691 522 2729 macher
560 2694 671 2729 Mus.
706 2691 777 2728 der
802 2685 1324 2734 Alterthumswissenschaft.
1359 2685 1393 2722 Ι.
1433 2696 1473 2734 p.
1499 2685 1576 2722 356
1600 2679 1712 2736 sqq),

319 2769 431 2806 quam
453 2757 616 2794 eandem
636 2757 862 2794 sententiam
885 2752 1199 2795 Aristoteles
1226 2751 1310 2800 ipse
1328 2749 1370 2788 in
1387 2749 1612 2799 MetaphyS.
1626 2750 1660 2798 Ι,
1674 2753 1711 2787 6.
