1774 3198
278 366 371 410 438
493 373 938 414 COMMENTARIUS
968 375 1028 413 IN
1053 376 1457 416 METEOROLOG.

389 488 426 524 6.
463 480 638 533 χαλάζας
672 497 747 535 pro
769 481 971 534 χάλαζαν,
1001 484 1108 535 quod
1127 486 1247 536 vulgo
1270 486 1435 536 legitur,
1463 489 1682 538 recepimus

278 563 329 587 ex
349 552 395 588 E.
417 551 523 588 Cam.
554 550 591 587 S.
617 551 702 589 Cas.
724 539 791 602 ἧ)-
849 552 913 588 De
937 564 981 588 re
1002 550 1097 590 vide
1124 551 1436 590 dissertationem
1463 565 1589 591 meam
1617 567 1682 592 su-

275 629 349 666 pra
365 615 560 652 laudatam
579 629 617 666 p.
631 616 707 655 451
720 629 801 668 sqq.
832 617 1045 654 Metcorol.
1064 624 1143 655 vet.
1166 619 1311 656 Graec.
1334 625 1373 655 et
1391 619 1510 656 Rom.
1528 620 1601 668 VI,
1620 623 1685 658 30.

276 694 314 731 p.
339 681 428 720 149.
458 687 540 719 not.
561 681 599 719 4.
630 701 685 710 —-
731 680 800 720 καί
829 689 915 732 post
945 678 1076 735 ὥσπερ
1106 684 1252 722 omittit
1275 686 1319 723 E.
1361 705 1414 714 —
1471 685 1536 722 Ad
1563 686 1688 724 verba

240 780 251 788 .
276 743 408 795 ὥσπερ
438 746 502 785 καὶ
532 744 603 797 τὴν
628 744 746 797 χιόνα
775 743 929 798 ὁρῶμεν
966 774 1096 787 .....
1132 751 1337 801 γινομένην
1387 751 1458 789 cfr.
1489 749 1685 788 Problem.

275 813 436 861 XXVI,
461 816 524 852 15.
551 827 588 864 p.
607 814 698 862 942,
719 827 761 852 at
786 811 885 864 χιὼν
916 810 1105 854 οὐδέποτε
1134 813 1216 855 ἔνια
1245 813 1318 869 ὅρη
1340 815 1521 855 λείπεται.
1556 817 1687 867 Tetigi

276 878 439 916 eandem
461 893 547 917 rem
566 881 779 918 Meteorol.
798 887 920 918 veter.
940 881 1003 919 XI
1014 909 1027 927 ,
1056 885 1120 920 53.
1149 895 1190 933 Ρ.
1213 885 1292 921 215
1305 910 1318 928 ,
1347 883 1416 920 ubi
1433 883 1688 921 adscribenda

276 950 387 982 erant
422 946 545 984 verba
582 947 797 984 Senecae
832 947 1005 995 Epistol.
1036 949 1249 998 LXXIX,
1281 948 1326 998 4,
1366 950 1432 1000 qui
1461 949 1612 1000 quaerit
1637 949 1685 986 ab

275 1011 424 1059 amiCO,
454 1018 499 1049 ut
519 1013 592 1063 ipsi
617 1013 782 1059 scribat,
813 1021 1014 1064 quantum
1041 1014 1094 1052 ab
1121 1018 1210 1065 ipso
1238 1029 1305 1052 ore
1329 1018 1475 1053 montis
1501 1011 1686 1067 (Aetnae)

274 1077 389 1113 nives
414 1077 575 1124 absint,
605 1092 706 1128 quas
724 1092 774 1116 ne
797 1086 931 1116 aestas
956 1081 1120 1130 quidem
1141 1083 1298 1120 solvat:
1338 1083 1439 1120 adeo
1466 1089 1577 1120 tatas
1602 1094 1686 1118 esse

277 1140 330 1178 ab
357 1143 445 1193 igne
467 1145 619 1181 vicino.

388 1213 425 1247 7.
454 1210 555 1248 Cum
573 1215 655 1247 tota
670 1210 917 1261 paragrapho
937 1212 1009 1249 cfr.
1024 1213 1220 1250 Lucret.
1238 1215 1309 1262 VI,
1330 1217 1406 1253 156
1419 1227 1523 1266 sqq.:

330 1276 517 1326 Denique
546 1289 669 1325 saepe
694 1277 783 1327 geli
811 1276 959 1314 multus
978 1277 1141 1328 fragor
1168 1286 1288 1329 atque
1314 1282 1440 1317 ruina

333 1341 562 1379 Grandinis
591 1343 635 1379 in
665 1343 828 1393 magnis
855 1344 1030 1380 sonitum
1061 1343 1137 1380 dat
1170 1343 1340 1382 nubibus
1371 1346 1466 1384 alte.

333 1407 491 1444 Ventus
519 1407 625 1445 enim.
654 1421 774 1458 quom
801 1408 1021 1458 confercit,
1045 1406 1314 1460 franguntur
1340 1413 1386 1448 in
1415 1418 1577 1450 arctum

331 1472 556 1521 Cone-recen)
587 1483 736 1511 montes
764 1473 989 1512 nimborum
1019 1482 1059 1512 et
1082 1476 1287 1526 grandine
1315 1478 1472 1515 mix-tei.

272 1537 644 1577 Luculentissimum
664 1542 893 1591 exemplum
922 1541 1053 1579 attulit
1075 1543 1254 1580 Kfimtz
1283 1544 1326 1581 in
1355 1544 1382 1581 S
1395 1543 1452 1580 ch
1465 1544 1688 1594 weigger

272 1603 413 1641 Journ.
434 1605 543 1644 LVI.
564 1619 602 1656 p.
623 1610 703 1645 393
734 1604 952 1659 (Morier
978 1608 1132 1645 second
1137 1611 1314 1659 journey
1332 1608 1510 1660 through.
1527 1607 1686 1648 Persia.

273 1668 447 1707 London
476 1673 595 1709 1818.
629 1673 668 1711 4.
707 1685 747 1724 p.
770 1676 909 1712 309—
925 1675 1025 1719 310,
1056 1675 1165 1712 cuius
1186 1675 1310 1713 verba
1334 1676 1418 1726 ipse
1444 1676 1470 1713 1.
1488 1676 1517 1714 l.
1546 1689 1586 1726 p.
1607 1675 1688 1713 464

273 1734 426 1785 integra
452 1736 682 1789 adscripsi).
748 1739 895 1778 Audiri
930 1739 1051 1778 talem
1087 1741 1298 1792 strepitum
1331 1741 1538 1779 confirmat
1573 1742 1690 1780 etiam

273 1801 566 1841 Alexander
595 1805 649 1842 ab
676 1806 958 1844 Humboldt
990 1808 1163 1857 Voyage
1189 1821 1274 1845 aux
1302 1809 1467 1858 regions
1490 1809 1687 1858 equinooe.

275 1865 389 1904 Tom.
412 1868 483 1907 VI.
512 1882 552 1918 p.
577 1872 669 1908 352.

387 1936 426 1971 8.
463 1933 625 1985 πολλὴ
662 1935 747 1974 καὶ
782 1934 837 1975 τὸ
872 1934 1101 1988 μέγεθος
1138 1933 1364 1983 ἄπιστος.
1422 1939 1542 1988 Quod
1569 1953 1688 1990 prae-

274 1998 410 2036 sertim
430 1999 470 2037 in
487 1998 602 2037 India
622 2001 717 2043 fieri.
732 2002 846 2039 docet
874 2003 1136 2041 Diodorus
1165 2004 1369 2041 Siculus
1396 2006 1435 2050 Ι,
1459 2004 1525 2043 41.
1552 2019 1589 2056 p.
1613 2008 1688 2044 51:

275 2061 316 2101 ἓν
341 2067 426 2110 τοῖς
451 2062 552 2117 πρὸς
578 2054 734 2119 βοορᾶν
757 2066 1043 2120 ἐστραμμένοις
1069 2066 1204 2121 μέρεσι
1232 2072 1304 2121 τῆς
1327 2066 1494 2121 Ἰνδικῆς
1517 2066 1687 2123 ὡρισμέ-

274 2143 358 2176 νοις
393 2136 545 2183 καιροΐς
581 2132 647 2171 καὶ
681 2130 858 2183 χάλαζαν
889 2131 1056 2174 ἄπιστον
1084 2132 1129 2174 τὸ
1158 2134 1330 2187 μέγεθος
1358 2135 1422 2175 καὶ
1451 2133 1498 2175 τό
1528 2138 1688 2189 πλῆθος

274 2193 573 2250 καταρράττειν.
631 2200 808 2238 Omnino
828 2202 871 2239 in
891 2202 1141 2241 calidioribus
1167 2203 1393 2253 regionibus
1415 2204 1572 2241 maioris
1601 2205 1688 2242 for-

274 2276 361 2300 mae
382 2263 530 2314 grando
550 2265 679 2304 delabi
698 2267 809 2313 solet,
839 2268 964 2306 veluti
982 2269 1024 2306 in
1046 2269 1160 2319 Syria
1180 2274 1219 2306 et
1239 2269 1425 2320 Aegypto
1455 2268 1577 2321 (Vol
1591 2282 1687 2320 ney

279 2330 324 2366 V
321 2342 466 2380 oyages
494 2344 545 2368 en
570 2333 685 2383 Syrie
714 2340 754 2370 et
779 2347 828 2370 en
855 2314 1026 2384 Egypte.
1056 2335 1149 2373 Vol.
1170 2336 1204 2373 I.
1234 2348 1274 2386 p.
1298 2333 1431 2388 322),
1467 2336 1511 2374 in
1535 2333 1684 2374 Arabia

275 2391 535 2444 (Niebuhr
560 2397 984 2451 Reisebeschreibung
1001 2402 1032 2440 I.
1064 2414 1105 2451 p.
1125 2399 1236 2452 432).
1293 2402 1335 2439 Si
1368 2415 1483 2453 quem
1515 2401 1685 2439 arrideat

273 2472 388 2498 nosse
408 2464 525 2512 plura
546 2464 716 2514 ingentis
735 2466 883 2515 vixque
906 2466 1084 2505 credibili
1105 2467 1372 2517 magnitudine
1393 2467 1589 2518 grandinis
1612 2465 1685 2504 de-

275 2526 404 2576 lapsae
432 2530 636 2580 exempla,
664 2530 698 2567 is
723 2530 858 2569 adeat:
890 2532 1213 2582 Philosophical.
1246 2541 1446 2571 transact.
1483 2530 1684 2582 abridgetl

275 2592 365 2629 Vol.
383 2594 453 2632 IV.
482 2608 518 2645 p.
541 2598 632 2634 172.
663 2596 799 2634 Gilb.
830 2597 986 2635 Annal.
1018 2599 1174 2637 XLVI.
1204 2612 1240 2649 p.
1262 2603 1314 2637 75
1349 2596 1407 2647 (si
1430 2603 1559 2634 tamen
1585 2611 1682 2636 vera

275 2663 333 2693 est
349 2657 525 2709 fabulal)
552 2661 670 2698 Lam
679 2662 856 2712 padius
883 2663 1240 2714 Atmosplzlirolog.
1272 2664 1304 2712 §.
1321 2662 1411 2701 241.
1439 2663 1682 2716 Edinburgh.

273 2721 448 2760 Journal
464 2725 523 2774 of
532 2727 708 2765 Science.
738 2726 877 2766 Octbr.
896 2731 1015 2768 1828.
1031 2743 1072 2780 p.
1086 2729 1180 2767 354.
1211 2729 1395 2766 Annales
1419 2728 1467 2765 de
1491 2729 1619 2768 Chim.
1642 2738 1681 2767 et

275 2786 322 2823 de
347 2785 464 2837 Phys.
482 2790 692 2834 XXXIX.
713 2806 750 2842 p.
770 2793 850 2831 425
869 2807 952 2844 sqq.
983 2794 1200 2844 Froriep
1218 2794 1360 2831 Notiz.
1379 2796 1517 2835 XXII.
1534 2809 1573 2846 p.
1587 2796 1678 2834 154.
