1820 3158
354 358 415 403 94
461 364 669 408 —1’·3⁶¹‚b·
693 363 852 397 Bekk·-
911 365 1077 404 LIB.II.
1106 365 1282 406 CARV.
1363 365 1581 411 —p.345,n.
1599 367 1723 403 Cas.—

296 474 497 529 27πόρρω
528 473 702 528 λαμπροὶ
729 472 924 514 πνέουσιν.
1003 477 1070 514 27.
1099 471 1185 514 ”Eu
1214 472 1258 514 δὲ
1285 474 1350 514 καὶ
1379 473 1431 515 τὰ
1458 477 1545 530 περὶ
1571 475 1643 529 τὴν
1673 475 1746 532 ἅρ-

349 557 442 582 κτον
470 540 511 581 ἐν
539 541 595 594 τῷ
621 541 782 591 χειμῶνι
806 537 956 592 νήνεμα
983 539 1048 580 καὶ
1076 536 1218 591 ἄπνοα,
1250 539 1339 580 κατ’
1355 539 1477 581 αὐτὸν
1505 540 1648 583 ἐκεῖνον
1675 542 1746 584 τὸν

348 606 502 649 τόπον·
548 603 651 645 ἀλλὰ
687 603 733 645 τὸ
771 604 873 645 κατὰ
911 604 1054 660 μικρὸν
1096 604 1292 647 ἇποπνέον
1330 607 1394 647 καὶ
1434 605 1636 648 λανθάνον
1670 607 1746 657 ἔξω

294 679 345 715 28
356 670 495 727 προϊὸν
521 669 596 723 ἤδη
627 674 782 723 πνεῦμα
808 671 950 725 γίνεται
980 670 1176 726 λαμπρόν.
1243 679 1309 714 28.
1343 673 1415 721 Τίς
1442 672 1515 724 μὲν
1545 668 1614 714 οὖν
1643 674 1747 715 ἔστιν

347 737 371 792 ἦ
400 741 471 779 τοῦ
499 736 646 789 ἀνέμου
675 736 794 792 φύσις
820 738 885 778 καὶ
913 741 997 786 πῶς
1022 739 1189 791 γίνεται,
1233 738 1289 780 ἔτι
1324 739 1364 780 δ’
1399 738 1563 791 αὐχμῶν
1590 755 1630 780 τε
1659 740 1746 795 πέρι

347 806 412 846 καὶ
441 804 679 857 ἐπομβρίας,
727 804 791 844 καὶ
832 802 898 844 διὰ
936 802 1013 845 τίν’
1048 805 1177 845 αἰτίαν
1212 806 1278 846 καὶ
1306 804 1499 847 παύονται
1528 806 1592 846 καὶ
1620 807 1748 860 γίνον-

345 888 410 913 ται
436 869 538 924 μετὰ
565 869 660 917 τοὺς
695 867 896 926 ὄμβρους,
945 869 1011 911 διὰ
1040 871 1082 911 τί
1106 887 1147 912 τε
1173 871 1312 927 βορέαι
1347 873 1411 913 καὶ
1438 871 1547 914 νότοι
1572 875 1748 913 πλεῖστοι

344 941 425 980 τῶν
462 936 618 989 ἀνέμων
656 937 773 989 εἰσίν,
823 936 998 992 εἴρηται·
1053 937 1155 992 πρὸς
1194 938 1239 979 δὲ
1275 937 1433 986 τούτοις
1469 939 1534 980 καὶ
1562 940 1649 994 περὶ
1677 941 1749 991 τῆς

346 1008 477 1060 φορᾶς
511 1002 656 1044 αὐτῶν.

294 1078 314 1112 1
455 1074 508 1112 V.
558 1066 607 1111 ‘O
646 1068 686 1110 δ’
718 1069 831 1123 ἣλιος
867 1070 931 1110 καὶ
959 1069 1073 1112 παύει
1101 1071 1166 1112 καὶ
1195 1073 1416 1129 συνεξορμᾷ
1442 1070 1495 1112 τὰ
1519 1070 1747 1123 πνεύματα·

346 1136 528 1184 ἀσθενεῖς
554 1135 627 1188 μὲν
655 1134 731 1190 γὰρ
760 1137 825 1176 καὶ
855 1135 989 1190 ὀλίγας
1016 1135 1138 1184 οὔσας
1166 1137 1238 1186 τὰς
1277 1136 1566 1191 ἀναθυμιάσεις
1602 1137 1750 1191 μαραί-

342 1219 398 1245 νει
426 1206 483 1259 τῷ
511 1203 658 1243 πλείονι
686 1206 828 1257 θερμῷ
857 1201 902 1244 τὸ
938 1203 979 1244 ἓν
1008 1207 1058 1258 τῇ
1087 1202 1353 1257 ἀναθυμιάσει
1383 1203 1547 1244 ἔλαττον
1577 1202 1643 1253 ὅν,
1684 1203 1749 1243 καὶ

345 1270 544 1324 διακρίνει.
593 1268 649 1310 ἔτι
691 1268 730 1309 δ’
767 1268 890 1323 αὐτὴν
925 1268 998 1324 τῂν
1024 1273 1097 1323 γῆν
1118 1269 1273 1327 Ιφθάνει
1303 1271 1499 1324 ξηραίνων
1527 1270 1619 1324 πρὶν
1647 1267 1749 1321 γενέ-

345 1339 446 1377 σθαι
485 1335 657 1390 ἔκκρισιν
692 1334 876 1390 ἀθρόαν,
925 1334 1056 1390 ὥσπερ
1096 1338 1151 1384 εἷς
1179 1335 1279 1377 πολὺ
1308 1340 1386 1390 πῦρ
1421 1336 1490 1376 ἐὰν
1518 1335 1648 1388 ὀλίγον
1678 1334 1749 1387 ἒμ-

343 1402 443 1457 πέσῃ
470 1400 715 1454 ὓπέκκαυμα,
746 1401 894 1457 φθάνει
922 1401 1112 1450 πολλάκις
1139 1404 1231 1457 πρὶν
1259 1401 1410 1443 καπνὸν
1437 1405 1596 1454 ποιῆσαι
1625 1416 1749 1440 καταο

290 1474 317 1509 2
345 1467 510 1509 καυθέν.
567 1475 604 1510 2.
634 1467 719 1510 Διὰ
743 1469 818 1521 μὲν
847 1464 917 1510 οὖν
940 1468 1090 1517 ταύτας
1117 1468 1190 1516 τὰς
1221 1469 1351 1516 αῗτίας
1386 1466 1602 1509 καταπαύει
1628 1483 1669 1508 τε
1696 1465 1748 1507 τὰ

344 1533 551 1586 πνεύματα
586 1535 652 1575 καὶ
692 1534 733 1583 ἐξ
770 1533 896 1589 ἀρχῆς
931 1535 1111 1588 γίνεσθαι
1149 1534 1312 1587 κωλύει,
1359 1538 1410 1589 τῇ
1443 1534 1518 1586 μὲν
1554 1533 1748 1588 μαράνσει

345 1599 611 1652 καταπαύων,
660 1604 717 1656 τῷ
756 1600 800 1641 δὲ
837 1599 946 1652 τάχει
981 1605 1052 1653 τῆς
1089 1600 1307 1656 ξηρότητος
1342 1602 1522 1655 γίνεσθαι
1561 1599 1746 1641 κωλύων·

345 1735 450 1772 enim
460 1734 623 1784 quisque
639 1734 773 1784 spirat,
795 1735 850 1772 ibi
867 1747 1002 1772 omnes
1019 1735 1172 1772 minimi
1187 1735 1428 1773 sentiantur:
1452 1733 1748 1784 progredientes

345 1807 476 1838 autem
495 1800 648 1849 longius
675 1800 908 1838 illustriores
929 1801 1091 1851 spirant.
1150 1805 1218 1840 27.
1251 1802 1460 1839 Praeterea
1485 1800 1570 1837 loca
1590 1799 1638 1836 ad
1657 1812 1748 1849 sep-

342 1867 560 1904 tentriones
589 1866 658 1903 sita
687 1879 759 1916 per
785 1866 954 1903 hiemem
982 1868 1192 1917 tranquilla
1221 1873 1312 1904 sunt
1341 1873 1379 1904 et
1397 1880 1418 1903 a
1437 1865 1591 1903 flatibus
1611 1865 1746 1902 libera.

329 1932 423 1970 ,Sed
444 1931 549 1981 quod
572 1932 715 1968 sensim
736 1932 860 1982 spirat
878 1945 922 1969 ac
939 1932 1046 1981 latet,
1074 1932 1116 1969 id
1133 1932 1202 1969 ubi
1224 1933 1330 1970 ultra
1351 1931 1616 1982 progreditur,
1646 1943 1747 1967 ven-

344 2005 407 2036 tus
432 1999 508 2035 iam
533 1998 696 2035 illustris
726 1998 868 2036 evadit.
941 2001 1006 2036 28.
1043 1999 1155 2047 Quae
1176 1998 1297 2047 igitur
1321 1997 1431 2034 venti
1460 1997 1510 2033 sit
1542 2002 1681 2033 natura
1707 2002 1747 2033 et

344 2077 516 2115 quonam
547 2063 665 2100 modo
699 2064 867 2111 oriatur,
902 2070 1106 2114 praeterea
1130 2063 1179 2101 de
1199 2064 1368 2100 siccitate
1387 2069 1424 2099 et
1444 2062 1602 2112 pluvia,
1632 2075 1746 2113 quas—

343 2144 395 2168 ve
427 2130 478 2167 ob
497 2143 627 2167 causas
654 2136 744 2180 post
770 2131 946 2181 pluviam
976 2137 1015 2167 et
1032 2130 1219 2167 sedentur
1248 2136 1288 2167 et
1307 2129 1421 2177 fiant,
1454 2142 1526 2166 cur
1544 2134 1745 2179 praeterea

343 2197 543 2248 aquilones
564 2202 604 2233 et
618 2198 740 2234 austri
758 2197 920 2247 plurimi
938 2197 1042 2234 inter
1061 2202 1201 2235 ventos
1221 2196 1391 2246 spirent,
1421 2194 1590 2245 denique
1607 2194 1656 2232 de
1678 2207 1746 2231 eo-

342 2277 431 2311 rum
450 2263 623 2301 motione
644 2263 827 2300 diximus.

453 2330 552 2368 Cn».
576 2331 628 2367 V.
686 2330 755 2367 Sol
780 2335 908 2367 autem
939 2335 1078 2367 ventos
1101 2335 1141 2366 et
1162 2328 1271 2366 sedat
1300 2334 1340 2365 et
1357 2327 1445 2365 ciet.
1502 2327 1606 2364 Nam
1623 2325 1746 2362 exha-

342 2396 516 2440 lationes,
546 2408 644 2445 quae
666 2395 812 2433 debiles
830 2402 920 2434 sunt
939 2402 978 2433 et
998 2408 1154 2446 paucae,
1182 2394 1376 2439 tabefacit,
1406 2399 1445 2430 et
1464 2391 1654 2442 ampliore
1673 2404 1746 2437 suo

341 2463 471 2499 calore
498 2462 690 2499 minorem
720 2475 830 2510 eum,
860 2463 928 2513 qui
949 2462 991 2500 in
1014 2461 1260 2499 exhalatione
1281 2466 1359 2508 est,
1382 2459 1554 2508 dissipat.
1613 2457 1742 2506 Ipsam

344 2540 499 2577 quoque
526 2533 672 2566 terram
700 2529 809 2578 prius
836 2529 1023 2575 exsiccat,
1052 2541 1167 2578 quam
1188 2527 1230 2564 in
1249 2539 1371 2564 unum
1395 2523 1572 2562 collectio
1596 2527 1742 2559 secreta

343 2599 430 2630 orta
455 2594 524 2640 sit,
552 2607 631 2630 non
651 2606 761 2631 secus
780 2608 824 2631 ac
841 2596 874 2632 si
892 2596 932 2633 in
955 2608 1133 2645 magnum
1154 2594 1282 2643 ignem
1303 2590 1465 2628 materia
1485 2586 1742 2624 combustioni

341 2658 486 2696 idonea
512 2660 652 2709 exigua
681 2659 884 2706 inciderit,
921 2667 1033 2698 antea
1060 2673 1178 2710 saepe
1213 2656 1413 2701 deuritur,
1448 2666 1563 2704 quam
1588 2653 1741 2691 fumum

342 2725 446 2763 edat.
515 2729 553 2762 2.
592 2725 658 2763 Ob
684 2724 754 2762 has
786 2726 905 2775 igitur
942 2739 1071 2764 causas
1099 2731 1139 2763 et
1167 2728 1306 2761 ventos
1330 2720 1441 2758 sedat
1466 2725 1505 2756 et
1533 2720 1742 2769 quominus

340 2790 453 2828 inin'o
477 2791 727 2838 exoriantur,
754 2791 958 2841 prohibet:
987 2791 1088 2829 hane
1110 2783 1269 2840 quidem
1297 2787 1568 2824 consumtione
1590 2786 1740 2831 sedans,
