1774 3198
291 383 384 426 646
593 385 864 426 ADDENDA
896 385 967 421 ET·
998 384 1375 423 CORRIGENDA.

380 500 432 530 12.
457 507 488 538 p.
513 495 592 534 292,
609 504 640 526 a.
671 512 715 518 —-
748 489 999 525 uwthueo's
1025 493 1066 524 de
1090 495 1188 526 anim.
1215 492 1252 535 Ι,
1278 495 1310 525 1.
1335 504 1370 535 p.
1385 490 1464 534 403,
1483 492 1516 524 b.
1547 504 1685 535 μετα-

377 547 572 594 φορητός
598 550 692 590 Phys.
717 546 779 588 IV.
805 550 838 580 2.
870 558 909 590 p.
931 548 1009 588 209,
1032 547 1067 580 b.
1102 549 1163 590 IV,
1189 546 1222 582 4.
1253 559 1287 591 p.
1310 551 1391 590 212,
1414 559 1443 580 a.
1474 559 1687 593 περιαυγ-

376 601 720 647 καταλαμβᾶνω
743 604 868 648 fragm.
890 605 967 644 περὶ
987 598 1164 637 ἀκουστῶν
1179 615 1213 646 p.
1228 605 1307 645 803,
1321 604 1354 637 b.
1378 600 1687 644 πλοοναχόθεν

376 662 416 693 de
430 664 519 693 caelo
542 660 567 701 Ι,
579 658 614 692 4.
638 671 672 703 p.
683 660 760 701 279,
776 660 810 702 b,
836 663 875 690 nt
900 655 1097 699 πλεοναχῶς
1119 660 1214 701 Phys.
1235 660 1281 702 V,
1299 662 1330 692 1.
1352 658 1512 702 p.225,a.
1536 669 1640 702 προε
1650 671 1688 690 v·

375 716 516 758 πορέω
539 716 634 757 Phys.
656 715 720 756 LV,
746 717 776 751 1.
800 726 833 757 p.
862 714 939 754 208,
963 724 993 748 a.
1020 711 1383 758 προσγλίχομαι
1409 716 1496 747 ΝῙει.
1521 710 1566 755 α’,
1593 715 1625 747 5.
1653 724 1687 756 p.

375 772 454 814 986,
471 782 501 803 a.
529 769 835 812 προσθεωρέω
858 770 899 802 de
922 772 1011 801 caelo
1033 770 1139 811 111‚3.
1162 772 1324 813 p.302,a.
1348 765 1688 813 προσονομᾰζω,

376 827 419 859 de
442 836 511 869 quo
536 825 666 858 dubitat
688 826 874 859 Pessov.
897 824 1169 867 deprehenditur
1194 827 1235 858 de
1259 827 1348 858 caelo
1373 825 1405 866 Ι,
1434 826 1465 858 3.
1495 836 1530 867 p.
1551 824 1630 865 270,
1654 823 1687 856 b.

375 880 562 924 ὁιπτίζω
586 883 692 913 Probl.
720 881 747 921 Ι,
773 882 828 917 55.
855 891 889 923 p.
915 880 994 921 866,
1018 891 1047 913 a.
1082 878 1311 923 σκαληνῆς
1335 893 1377 910 =
1400 878 1569 923 σκοληνός
1591 880 1686 920 Phys.

374 934 437 978 IV,
462 934 514 970 14.
541 948 573 979 p·
585 935 663 978 224,
676 947 707 970 a.
730 955 774 962 —
810 936 913 980 Quod
936 934 1218 981 lexicographiae
1243 935 1487 970 Aristotelicee
1510 934 1687 979 specimen

372 991 441 1025 iam
464 1003 555 1025 nunc
577 992 736 1026 sufficiat.
781 991 887 1025 Aliud
911 991 980 1024 alio
1004 991 1158 1025 dabimus
1181 993 1275 1025 loco.

286 1045 326 1079 P.
348 1048 424 1081 297.
445 1048 469 1081 l.
491 1048 545 1081 26.
570 1065 613 1071 -
643 1049 711 1080 Pro
737 1045 883 1092 ψύχρουε
909 1048 986 1091 lege
1009 1044 1150 1090 ψύχους.

287 1120 303 1126 -
348 1102 425 1136 299.
450 1123 466 1128 -
488 1106 543 1136 27.
568 1121 609 1127 —-
639 1103 732 1147 Lege
755 1103 909 1144 πέφυκεν
931 1112 995 1145 pro
1019 1102 1185 1142 πέφυκεν.

287 1176 303 1182 -
348 1158 423 1190 302.
453 1162 525 1190 not.
552 1157 587 1200 *)
614 1158 637 1191 1.
660 1160 691 1190 1.
719 1174 761 1182 --
796 1158 864 1190 Pro
887 1163 993 1191 tunc
1019 1157 1233 1201 temporis
1264 1157 1343 1203 lege
1371 1153 1686 1199 olympiodori

374 1217 537 1246 aetate.
581 1214 637 1246 De
668 1211 1020 1257 circumnavigatione
1043 1212 1186 1246 Africae
1212 1223 1276 1255 per
1302 1213 1508 1246 Hannonem
1532 1211 1687 1252 aliosque

372 1266 501 1299 videsis
528 1266 631 1299 etiam
653 1267 781 1299 Marx
810 1268 853 1298 ed
877 1266 1044 1308 Ephori
1071 1267 1194 1308 fragm.
1221 1278 1255 1309 p.
1280 1267 1325 1302 49
1347 1278 1424 1310 sqq.

286 1338 304 1345 ·-
329 1321 405 1356 304.
438 1323 464 1354 l.
486 1324 542 1357 21.
572 1341 611 1347 -
637 1321 758 1355 Scribe
781 1320 814 1362 *)
838 1331 902 1363 pro
927 1318 994 1362 **).

286 1396 302 1403 -
346 1394 391 1401 —
435 1382 507 1410 not.
525 1376 572 1418 2).
597 1396 641 1403 —
666 1378 722 1410 De
746 1376 924 1418 Gauro,
957 1386 1058 1419 quem
1083 1386 1161 1409 cum
1184 1374 1332 1421 Argeste
1357 1375 1542 1409 concidere
1568 1380 1687 1408 notum

374 1437 437 1474 est,
461 1431 682 1466 disseruimus
705 1432 742 1465 in
764 1435 938 1465 Meieorol.
961 1438 1058 1463 veter.
1084 1432 1201 1465 Graec.
1225 1438 1254 1464 et
1278 1434 1372 1464 Rom.
1394 1431 1458 1477 Vi,
1478 1431 1533 1464 26.
1556 1442 1591 1473 p.
1610 1430 1685 1472 135,

372 1487 431 1520 ubi
459 1488 497 1521 in
519 1494 592 1521 not.
615 1491 648 1521 2.
687 1498 759 1521 non
787 1493 860 1520 eret
886 1486 1097 1520 omittendus
1121 1487 1220 1519 locus
1256 1484 1513 1519 Claudiani
1541 1486 1578 1526 1,
1601 1487 1685 1519 132:

375 1544 635 1587 Sarmaticosque
658 1546 730 1586 paiz*
752 1545 855 1575 medio
879 1545 936 1575 sub
954 1541 1082 1584 frigore
1108 1544 1241 1575 Cauros.
1286 1542 1466 1575 Addantur
1483 1540 1585 1573 etiam
1604 1540 1686 1582 loci,

375 1609 461 1642 quos
491 1598 687 1642 composuit
708 1599 823 1633 Wak
837 1598 903 1631 esi
917 1599 1054 1632 eldus
1077 1598 1120 1631 ad
1141 1598 1321 1630 Lucret.
1349 1596 1420 1638 VI,
1446 1595 1521 1630 134.
1566 1595 1687 1629 Obiter

371 1665 595 1696 moneamus,
624 1665 699 1687 eam
722 1665 823 1696 quam
846 1653 883 1686 in
905 1656 1079 1686 Meteoroz.
1103 1659 1202 1687 veter.
1225 1652 1291 1695 VI,
1314 1655 1359 1686 20
1397 1664 1430 1695 p.
1459 1650 1534 1685 114.
1557 1657 1631 1685 not.
1653 1654 1683 1685 2.

374 1709 571 1743 auctoribus
593 1710 910 1752 Theophrasto
938 1711 978 1741 de
1002 1715 1083 1741 vent.
1109 1707 1141 1751 §.
1169 1706 1224 1741 14.
1255 1719 1287 1750 p.
1304 1709 1370 1741 763
1395 1713 1429 1740 et
1455 1706 1684 1741 Clemente

372 1765 707 1799 Alexandrino
732 1767 849 1797 Sirom.
871 1764 934 1798 VI.
957 1775 992 1807 p.
1015 1765 1078 1798 651
1104 1765 1133 1796 Β
1161 1763 1335 1808 tetigimus
1357 1763 1507 1796 fabulam
1521 1788 1532 1805 ,
1558 1762 1685 1797 etesios

371 1827 518 1862 ventos,
555 1821 613 1864 qui
644 1821 827 1864 aliquando
857 1819 894 1853 in
924 1819 996 1853 Ceo
1035 1819 1149 1852 insula
1183 1818 1417 1860 defecissent,
1458 1819 1500 1851 ab
1524 1818 1685 1851 Aristaeo

372 1876 477 1909 sacris
511 1873 590 1911 lot-i
625 1875 775 1919 operatis
808 1886 884 1908 esse
914 1880 1100 1909 revocatos
1114 1899 1126 1916 ,
1168 1874 1429 1908 commemorari
1458 1873 1560 1907 etiem
1594 1874 1685 1916 apud

371 1930 535 1976 Hygin.
559 1935 651 1965 Puer.
669 1939 790 1964 astron.
816 1931 860 1971 II,
875 1928 915 1962 4:
946 1931 1043 1971 Quod
1065 1932 1183 1962 iussum
1204 1933 1375 1963 Aristaeus
1401 1928 1557 1971 confecit,
1590 1936 1620 1961 et
1645 1931 1684 1961 ab

371 1988 450 2018 Iove
472 1989 675 2028 impetravit,
707 1993 742 2018 ut
766 1987 883 2018 etesiae
904 1985 1050 2027 flarent,
1084 1983 1143 2017 ubi
1172 1985 1236 2017 cfr.
1272 1995 1358 2018 van
1388 1984 1616 2018 staveren
1649 1988 1685 2016 et

370 2041 573 2075 Munker.

286 2111 300 2116 -
323 2096 516 2130 318.1.2o.
540 2113 585 2120 —
607 2097 723 2142 Lege:
748 2097 801 2128 ed
826 2093 1186 2129 Commentarios
1209 2093 1253 2126 in
1278 2093 1449 2127 librum
1472 2099 1683 2136 quartum

371 2161 460 2194 pro:
488 2153 542 2185 ad
564 2153 782 2187 volumen
807 2152 1014 2184 alterum.

285 2226 303 2233 -
328 2207 452 2241 319.1.
478 2208 509 2241 5.
532 2227 577 2233 —
606 2207 709 2242 Adde
729 2206 1123 2251 Trendelenburg
1149 2205 1193 2238 ad
1216 2204 1419 2237 Aristot.
1442 2205 1484 2236 de
1502 2205 1598 2235 anim.
1622 2203 1682 2234 111.

372 2264 427 2304 11,
454 2265 488 2296 3.
512 2275 546 2306 p.
570 2262 634 2297 541
659 2275 734 2307 sqq·
770 2265 810 2296 de
840 2266 928 2295 caelo
955 2261 984 2303 1,
1009 2263 1063 2295 10.
1088 2272 1122 2304 p.
1145 2262 1231 2302 280,
1253 2271 1290 2293 a:
1328 2255 1386 2292 ὁτὲ
1409 2257 1473 2301 μὲν
1495 2251 1604 2292 οὕτως
1626 2253 1682 2290 ὁτὲ

371 2314 406 2351 δ’
422 2316 555 2352 ἐκείνως
576 2317 862 2352 διατίθεται
884 2321 960 2351 καὶ
987 2313 1382 2358 διακεκόσμηται.
1403 2315 1554 2356 Metaph,
1580 2310 1624 2354 α’,
1647 2314 1680 2346 5.

370 2384 403 2415 p.
427 2375 513 2415 986,
537 2385 577 2407 at
609 2367 676 2407 ὅσα
699 2372 791 2414 εἶχον
814 2369 1074 2416 ὁμολογούμενα
1096 2366 1271 2405 δεικνύναι
1293 2369 1332 2403 ἕν
1355 2381 1393 2403 τε
1415 2367 1486 2404 τοῖς
1508 2364 1682 2410 ἆριθμοῗς

372 2431 431 2462 καὶ
453 2429 533 2463 ταῖς
555 2425 743 2470 ἁρμονίαις
765 2424 850 2472 πρὸς
874 2423 918 2460 τὰ
940 2423 1004 2460 τοῦ
1026 2421 1175 2470 οὖρανοῦ
1198 2421 1304 2467 πάθη
1327 2428 1386 2458 καὶ
1407 2425 1497 2467 μέρη
1520 2426 1578 2455 καὶ
1597 2418 1682 2465 πρὸς

370 2480 451 2526 τήν
476 2478 587 2528 ὅλην
616 2480 951 2526 διακόσμησιν,
988 2479 1101 2515 ταῦτα
1125 2479 1330 2525 συνάγοντες
1354 2476 1574 2522 ἐφήρμοττον
1599 2477 1679 2519 (cfr.

370 2540 411 2571 de
434 2542 523 2571 caelo
555 2540 636 2581 111,
660 2541 694 2572 2.
735 2549 769 2581 p.
793 2540 884 2580 300,
906 2537 945 2570 b:
983 2534 1114 2579 ταύτην
1137 2531 1174 2570 δ’
1195 2532 1213 2569 ὁ
1241 2533 1368 2578 κόσμος
1390 2532 1461 2581 ἔχει
1482 2531 1545 2575 τὴν
1575 2530 1680 2567 δια-

367 2592 554 2636 ταξίαν).

284 2667 296 2672 -
321 2649 397 2682 319.
425 2650 448 2682 Ι.
475 2650 528 2683 18.
552 2667 596 2672 -
622 2649 738 2682 Schol.
763 2648 800 2681 in
823 2649 903 2683 cod.
927 2646 1088 2682 Vatican.
1115 2648 1214 2680 1028.
1236 2646 1279 2679 ad
1306 2645 1509 2678 Aristot.
1532 2643 1628 2684 Phys.
1652 2643 1680 2675 Ι.

370 2703 445 2737 init.
470 2706 544 2739 vol.
569 2705 631 2738 IV.
653 2716 689 2747 p.
713 2707 791 2746 322,
815 2705 836 2737 b
864 2705 925 2737 ΒΥ.
954 2699 1155 2746 μέθοδὸι·
1182 2701 1253 2736 ἐστι
1275 2698 1372 2735 πᾶσα
1395 2698 1461 2739 ἕξις
1482 2694 1680 2740 θεωρητικὴ

368 2757 437 2792 τῶν
460 2755 517 2802 ὑφ’
541 2756 669 2803 ἑαυτὴν
692 2757 780 2801 μετὰ
805 2756 918 2804 λόγου,
942 2758 1095 2792 τουτέστι
1120 2754 1196 2799 μετ’
1212 2754 1345 2795 αἰτίας,
1367 2749 1496 2788 ταῦτδν
1519 2749 1555 2786 δ’
1570 2749 1680 2787 εἰπεῖν

371 2809 392 2855 ἦ
416 2811 506 2855 μετοὶ
531 2811 614 2848 ὁδοῦ
637 2825 732 2849 τινος
755 2810 919 2848 εὐτάκτου
940 2811 1085 2856 πρόοδος
1109 2813 1162 2847 ἐπὶ
1185 2810 1223 2846 τὸ
1242 2807 1410 2855 γνωστόν.
