1774 3198
443 370 662 411 LIBRUM
689 367 928 409 PRIMUM.
987 370 1104 410 CAP.
1127 371 1246 411 XIV.
1478 361 1570 405 487

255 486 323 524 24.
364 481 430 524 Δέ
453 484 503 523 ab
530 483 647 523 initio
674 482 823 521 omittit
853 482 964 522 Cam.
995 483 1054 537 τῷ
1077 480 1121 522 δὲ
1137 480 1276 537 χρόνῳ
1299 482 1429 522 ταῦτα
1455 482 1501 522 P.
1532 483 1573 520 S.

141 553 229 592 Cas.
260 573 316 580 -—-
353 548 457 605 ξηρὰ
488 549 671 605 φαίνεται
699 564 777 603 pro
806 548 1033 602 ξηραίνεται
1063 553 1110 589 Α.
1135 552 1206 590 Er.
1227 551 1335 590 Cam.
1357 551 1402 589 P.
1423 550 1573 590 S.·Cas.

140 633 231 658 cum
248 619 350 658 illud
367 615 555 672 γινόμενα
573 632 656 657 non
670 618 955 670 intelligerent,
985 619 1095 670 quod
1115 618 1211 671 quid
1232 619 1307 657 sibi
1326 618 1428 660 velit
1444 632 1575 670 neque

141 701 214 739 ego
235 687 549 740 comprehendo.
604 689 742 738 Itaque
761 686 926 725 uncinos
952 685 1132 737 adhibui,
1161 687 1278 726 sicuti
1306 687 1425 726 etiam
1453 699 1576 726 voca-

139 756 236 794 bulo
256 752 428 810 ἕφυδρα,
450 756 561 794 cuius
581 754 623 793 in
642 755 776 794 locum
794 755 838 793 P.
862 755 903 793 S.
928 754 1017 793 Cas.
1036 754 1233 806 praebent
1252 751 1414 808 ἔνυδρα,
1435 760 1577 807 utpote

139 838 161 862 a
183 825 401 874 glossatore
431 823 603 876 quodam
634 823 762 862 verbo
793 818 954 876 θάτερα
984 822 1182 875 adposito.
1212 846 1264 851 —
1304 819 1473 861 ἔλαττον
1499 835 1576 874 pro

137 889 293 931 ἐλάττω
320 887 374 931 A.
395 893 467 931 Er.
505 913 562 920 ——
598 885 720 930 πάλιν
740 891 892 930 omittit
910 891 963 929 N.
991 911 1040 916 —
1080 886 1288 941 καταβολή
1309 891 1457 942 absque
1478 891 1577 930 arti-

137 959 228 998 culo
251 961 300 999 Ε.
323 981 376 988 —
412 959 628 999 Caeterum
654 959 775 1010 iunge
805 959 863 1013 τῷ
886 954 1046 1013 χρόνῳ,
1088 955 1164 1004 ἕως
1193 954 1243 998 ἂν
1270 954 1376 1012 ἔλθῃ
1401 954 1523 997 πάλιν
1551 952 1576 1010 ἦ

137 1023 346 1078 καταβολὴ
376 1028 452 1078 τῆς
477 1023 671 1079 περιόδου
699 1028 774 1079 τῆς
797 1023 938 1078 αὐτῆς.
1009 1027 1222 1066 Caeterum
1253 1027 1346 1065 satis
1373 1027 1576 1078 cognitum

137 1100 198 1133 cst
217 1095 448 1134 Stoicorum
474 1094 666 1146 placitum
695 1094 746 1132 de
777 1094 1054 1133 exustionibus
1079 1100 1119 1132 et
1138 1093 1392 1133 eluvionibus
1419 1093 1576 1141 mundi,

137 1176 233 1214 quas
259 1169 393 1201 tamen
413 1163 521 1201 inter
537 1162 635 1200 alios
656 1161 886 1213 repudiatas
903 1174 987 1199 esse
1006 1174 1029 1198 a
1051 1161 1339 1200 Posidonio
1367 1159 1479 1199 Rho
1492 1161 1575 1199 dio

135 1237 277 1270 auctor
304 1237 364 1269 est
401 1229 562 1268 Philo
598 1229 772 1268 Iudaeus
807 1228 858 1266 de
887 1229 1141 1267 aeternitate
1171 1229 1316 1267 mundi
1366 1229 1487 1268 Tom.
1519 1231 1575 1270 Π.

133 1312 174 1351 p.
196 1299 292 1339 497.
333 1297 396 1336 ed.
423 1298 607 1348 Mange
617 1310 666 1348 y:
710 1292 883 1348 Βόηθος
910 1294 976 1335 καὶ
1004 1293 1282 1343 Ποσειδώνιος
1317 1294 1384 1336 καὶ
1412 1295 1577 1337 Παναί-

133 1379 243 1414 τιος,
284 1361 428 1418 ἄνδρες
455 1362 497 1404 ἓν
524 1368 612 1411 τοῖς
641 1363 838 1410 Στωϊκοῖς
876 1360 1074 1416 δόγμασιν
1103 1361 1333 1416 ἰσχυκότες,
1381 1360 1451 1404 ἅτε
1477 1360 1578 1404 θεό-

134 1433 302 1485 ληπτοι,
333 1429 408 1479 τὰς
435 1429 681 1487 ἓκπυρώσεις
708 1431 774 1472 καὶ
793 1421 1096 1485 ’παλιγγενεσίας
1124 1428 1434 1477 καταλιπόντες,
1473 1428 1578 1486 πρὸς

133 1497 346 1554 θειότερον
375 1496 508 1554 δόγμα
536 1501 610 1552 τῆς
636 1497 879 1554 ἀφθαρσίας
906 1501 980 1539 τοῦ
1010 1498 1167 1552 κόσμου
1190 1498 1345 1548 παντὸς
1372 1498 1577 1554 ηὖτόλμη-

136 1582 226 1608 σαν.
284 1569 423 1609 Verba
457 1565 524 1620 μὴ
563 1565 746 1619 μέντοι
783 1566 993 1621 γένεσιν
1029 1567 1114 1607 καὶ
1152 1565 1370 1622 φθοράν
1397 1576 1578 1621 spectant

136 1636 188 1675 ad
213 1637 566 1686 Heraclitum,
597 1637 649 1675 de
677 1650 758 1688 quo
786 1637 883 1676 vide
916 1637 1264 1689 Simplicium,
1294 1637 1363 1689 qui
1380 1637 1428 1675 ad
1451 1637 1577 1677 verba

135 1703 453 1743 Aristotelis
488 1704 616 1756 Phys.
644 1703 836 1743 Auscult.
866 1706 988 1752 VIII,
1013 1708 1048 1743 1.
1077 1719 1116 1757 p.
1136 1707 1240 1752 250,
1266 1704 1315 1743 b:
1355 1701 1449 1744 ἀλλ’
1486 1701 1576 1744 ὅσοι

134 1770 212 1823 μὲν
240 1767 433 1823 ἀπείρους
458 1785 501 1811 τε
530 1769 711 1823 κόσμους
739 1767 842 1812 εἶναι’
867 1783 990 1826 φασι,
1033 1771 1099 1812 καὶ
1128 1769 1225 1819 τοὺς
1250 1770 1326 1824 μὲν
1353 1771 1576 1826 γίγνεσθαι,

135 1837 234 1887 τοὺς
260 1837 306 1879 δὲ
335 1837 586 1894 φθείρεσθαι
616 1841 699 1879 τῶν
716 1836 895 1892 κόσμων,
927 1836 992 1879 ἀεί
1008 1854 1132 1894 φασιν
1163 1835 1262 1880 εἶναι
1288 1838 1458 1892 κίνησιν,
1485 1855 1578 1880 mo-

135 1914 228 1948 net:
264 1904 453 1961 γεννητὸν
482 1905 527 1946 δὲ
555 1906 622 1947 καὶ
651 1904 847 1960 φθαρτὸν
878 1904 952 1947 τὸν
979 1905 1050 1947 ἕνα
1077 1905 1232 1959 κόσμον
1261 1905 1446 1959 ποιοῦσι,
1487 1906 1577 1949 ὅσοι

88 2016 93 2025 Χ
134 1972 196 2015 ἀεὶ
225 1973 300 2027 μέν
329 1989 456 2029 φασιν
483 1970 583 2015 εἶναι
612 1971 779 2026 κόσμον,
811 1972 859 2015 οὗ
885 1973 963 2027 μὲν
990 1973 1061 2016 τὸν
1090 1973 1217 2016 αὐτὸν
1246 1974 1328 2025 ἀεί,
1368 1972 1473 2015 ἀλλὰ
1504 1973 1578 2016 ἄλ-

134 2044 227 2083 λοτε
257 2040 382 2083 ἄλλον
409 2039 619 2096 γινόμενον
647 2039 751 2083 κατά
782 2057 894 2090 τινας
919 2039 1080 2096 χρόνων
1098 2042 1324 2098 περιόδους,
1356 2039 1579 2092 ὡςἈναξι-

134 2109 260 2162 μένης
283 2125 327 2150 τε
356 2110 423 2150 καὶ
447 2107 717 2165 ςΙΙράκλειτος
741 2110 813 2151 καὶ
831 2109 1030 2165 Διογένης
1058 2112 1124 2152 καὶ
1152 2108 1323 2166 ὕστερον
1346 2109 1384 2151 οἷ
1405 2108 1485 2151 ἀπὸ
1505 2114 1579 2164 τῆς

139 2180 276 2224 στοᾶς.
334 2178 418 2217 Adi
442 2181 561 2218 etiam
593 2180 737 2219 Sext.
768 2181 1018 2232 Empiric.
1052 2178 1297 2231 Pyrrhonic.
1322 2181 1577 2232 Hypoijypos.

137 2249 171 2296 I,
193 2249 261 2285 29.
291 2247 524 2285 Marcum
552 2247 804 2286 Antonin.
823 2249 899 2296 111,
923 2252 963 2286 3.
1003 2247 1224 2303 Diogoen.
1247 2245 1424 2286 Lae’rt.
1450 2249 1531 2294 IX,
1551 2251 1576 2287 9

136 2327 178 2365 p.
207 2314 286 2352 553
328 2311 391 2350 ed.
420 2314 660 2352 Meibom.
717 2314 783 2353 Ab
810 2315 1016 2353 Heraclito
1049 2328 1164 2353 suum
1200 2315 1344 2365 dogma
1376 2321 1578 2354 mutuasse

138 2381 295 2419 Stoicos
333 2379 460 2432 (quos
486 2382 692 2420 Heraclito
722 2396 917 2434 perquam
950 2383 1183 2434 frequenter
1209 2396 1302 2421 usos
1328 2396 1412 2421 esse
1442 2383 1578 2422 docuit

136 2449 277 2488 Bake
314 2447 367 2486 ad
402 2449 645 2488 Posiden.
685 2449 861 2488 doctrin.
895 2450 1027 2501 reliq}
1056 2463 1098 2501 p.
1130 2453 1198 2489 26.
1235 2456 1320 2488 not.
1355 2454 1394 2488 6.
1436 2465 1476 2503 p.
1507 2451 1575 2491 45.

136 2531 176 2569 p.
196 2520 247 2556 53
280 2522 320 2555 et
343 2516 456 2566 alibi,
487 2516 594 2568 quod.
613 2523 654 2555 et
670 2518 832 2556 aliunde
857 2517 1022 2568 notum)
1052 2516 1268 2569 perhibere
1291 2518 1435 2557 solent.
1493 2518 1575 2558 Adi

135 2590 272 2622 tamen
302 2585 329 2622 S
342 2583 549 2623 chleier
562 2584 764 2624 macher
782 2587 894 2624 Mas.
909 2583 1352 2624 derAlterthamsusiss.
1373 2587 1404 2625 I.
1434 2600 1473 2638 p.
1493 2586 1574 2626 459

138 2665 224 2703 sqq.
253 2659 295 2691 et
314 2652 412 2691 vide
431 2653 550 2690 etiam
573 2653 634 2691 Li
646 2666 712 2704 ps.
731 2651 854 2703 Phys.
875 2654 1006 2691 Stoic.
1035 2654 1092 2699 11,
1114 2657 1165 2692 21
1188 2659 1228 2691 et
1248 2657 1315 2693 22.
1345 2668 1385 2706 p.
1398 2658 1475 2694 129
1487 2668 1572 2707 sqq.

248 2720 316 2759 25.
344 2722 420 2759 τοῦ
438 2727 530 2759 ante
552 2716 651 2759 ὅλου
672 2721 862 2759 omittunt
880 2723 934 2761 H.
954 2721 1004 2760 N.
1028 2742 1085 2749 —-
1115 2717 1223 2774 εἴπερ
1249 2749 1361 2760 .....
1363 2746 1388 2759 Δ.
1410 2719 1574 2774 λέγομεν

139 2799 275 2838 margo
292 2790 339 2827 F.
359 2809 410 2815 -—
441 2785 587 2841 εἴπερ
613 2785 758 2839 μένει
787 2785 841 2827 τὸ
872 2790 982 2828 πᾶν.
1013 2784 1035 2828 ὃ
1053 2784 1207 2840 κόσμος
1223 2790 1328 2831 enim
1349 2785 1479 2837 ἀΐδιος
1499 2796 1572 2831 est.

140 2855 225 2894 Cfr.
258 2855 419 2895 vater
452 2858 497 2896 V
494 2857 616 2895 indic.
645 2854 843 2908 Theolog.
863 2856 1070 2896 Arieiotel.
1099 2871 1137 2909 p.
1161 2859 1186 2895 ὃ
1205 2870 1287 2909 sqq.
1315 2879 1365 2886 -
1405 2859 1456 2911 τῇ
1482 2864 1572 2896 ante
