1820 3158
178 321 252 360 ΕΤ
274 318 491 359 OLYMP.
521 317 584 357 IN
612 316 794 357 ARIST.
821 312 1154 355 METEOROL.
1183 313 1289 352 LIB.
1306 313 1339 351 I.
1409 305 1499 348 141

67 435 147 481 λῶς
178 430 441 487 ἓτυμολογίᾳ·
482 427 635 484 αἰθέρα
661 426 738 483 γὰρ
769 424 893 468 αὐτὸν
920 424 1045 481 ἔφησε
1071 427 1286 466 καλεῖσθαι
1315 423 1428 479 παρὰ
1455 424 1503 466 τὸ

65 499 201 541 αἴθειν
231 499 298 540 καὶ
327 497 475 539 καίειν·
524 494 633 537 οὕτω
670 511 749 551 γαρ
790 492 950 536 αἴθοπα
991 490 1102 534 οἶνον
1135 490 1210 534 τὸν
1244 492 1400 545 μέλανα
1437 493 1504 534 καὶ

66 565 283 608 καυστικὸν
302 565 481 620 λέγομεν·
511 562 585 605 οὐκ
606 561 849 605 ἀποδεκτέον
867 555 939 604 οὖν
957 559 1032 615 τὴν
1048 558 1199 602 τούτου
1218 558 1504 615 ἓτυμολογίαν·

66 635 102 675 εἲ
130 628 202 675 οὖν
231 634 297 675 καὶ
327 632 366 674 οἱ
395 633 560 674 παλαιοὶ
589 630 789 681 ἐδόξασαν
827 630 871 679 ἐξ
907 627 1034 671 ἄλλον
1073 625 1174 670 εἶναι
1211 627 1402 681 σώματος
1440 629 1506 670 καὶ

66 700 146 757 πρὸ
171 698 494 756 Ἀριστοτέλους,
533 698 581 741 οὗ
611 700 677 741 δεῖ
700 695 971 752 σεμνύνεσθαι
983 696 1031 753 ³5⁶)
1061 695 1113 752 ἐφ
1143 692 1206 745 οἷς
1231 711 1294 745 τις
1320 693 1505 752 εὑρίσκει.

66 767 234 824 ἀπείρου
273 767 350 824 γὰρ
390 766 509 816 ὄντος
546 770 620 809 τοῦ
658 765 816 820 κόσμου
833 769 900 817 **)
939 765 1151 819 συμβαίνει
1188 762 1367 813 πολλοὺς
1406 762 1507 806 αὐτὸ

66 835 276 891 εἰρηκέναι.
328 837 395 876 καὶ
426 833 562 892 ὥσπερ
591 834 678 877 ἐστὶ
706 831 1075 890 καρπῶν-εὗφορία
1106 830 1215 874 οὕτω
1248 833 1316 873 καὶ
1344 836 1506 887 ψυχῶν.

67 907 270 958 Olymp.
299 905 373 944 fol.
397 909 443 954 6,
469 919 504 944 a.
1556 942 1558 947 ,

180 974 219 1013 4.
271 970 342 1013 Οὐ
370 970 469 1026 γὰρ
500 970 560 1025 δὴ
590 968 833 1026 φήσομεν
870 968 1033 1021 ἅπαξ,
1081 966 1209 1010 οὐδὲ
1248 969 1350 1020 δίς,
1391 966 1503 1010 οὐδ’

68 1038 310 1094 ὀλιγάκις
346 1037 440 1087 τὰς
477 1037 644 1086 αὐτὰς
680 1036 843 1086 δόξας
881 1035 1200 1078 ἀνακυκλεῖν
1226 1036 1510 1091 γινομένας

67 1106 117 1148 ἓν
145 1104 478 1162 ἀνθρώποις,
517 1104 626 1146 ἀλλ’
659 1102 969 1160 ἀπειράκις]
1011 1102 1255 1159 Συμφώνως
1280 1103 1358 1157 μὲν
1384 1108 1508 1146 τοῦτο

65 1178 117 1230 τῇ
146 1170 273 1215 αὓτοῦ
311 1171 410 1228 δόξῃ
447 1172 642 1228 γέγραφεν
672 1171 852 1228 ἄναρχον
880 1169 980 1213 εἶναι
1006 1171 1054 1214 τὸ
1085 1174 1168 1213 πᾶν
1196 1172 1263 1213 καὶ
1293 1171 1510 1227 ἀγέννητον

63 1238 378 1293 ὑποτιθέμενος·
407 1238 482 1281 οὐκ
499 1238 654 1296 ᾔσθετο
686 1240 732 1281 δὲ
759 1246 846 1288 τοῖς
874 1237 1022 1281 ἑαυτοῦ
1046 1241 1297 1295 περιπίπτων
1318 1239 1509 1290 δικτύοις.

65 1309 100 1350 εἲ
125 1308 202 1364 γὰρ
232 1305 440 1362 ἀπειράκις
467 1307 535 1348 διὰ
562 1307 611 1349 τὸ
643 1307 774 1363 ἀρχὴν
801 1310 876 1349 τοῦ
905 1304 1006 1349 εἶναι
1034 1307 1092 1363 μὴ
1124 1307 1226 1362 ἔχειν
1245 1307 1318 1351 τὸν
1339 1307 1509 1363 κόσμον,

65 1375 108 1417 αἱ
135 1374 256 1417 αὐταὶ
284 1376 462 1430 γίνονται
492 1375 630 1427 δόξαι,
669 1377 736 1430 καὶ
767 1375 842 1418 οὐκ
871 1373 1081 1431 ἀπειράκις
1107 1375 1260 1430 μόνον,
1305 1375 1412 1418 ἀλλὰ
1443 1377 1511 1418 καὶ

63 1447 138 1485 τοῦ
165 1442 334 1499 ἀπείρου
353 1443 673 1486 πολλαπλάσιον.
705 1441 761 1493 ὡς
778 1443 854 1491 τὰς
882 1442 1011 1493 αὐτὰς
1037 1444 1355 1486 ἀνακυκλεῖσθαι
1386 1443 1512 1494 δόξας

64 1510 231 1566 ἀνάγκη.
259 1510 307 1552 οὗ
326 1510 405 1567 γὰρ
434 1511 576 1566 με’χρις
596 1510 904 1567 Ἀριστοτέλους
933 1510 1142 1566 ἀπειράκις
1171 1511 1213 1552 αἲ
1243 1510 1365 1553 αὐταὶ
1395 1510 1511 1560 δόξαι

65 1576 418 1632 ἀνεκύκληθησαν,
449 1578 554 1620 ἀλλὰ
578 1580 645 1620 καὶ
674 1577 754 1633 πρὸ
785 1577 913 1618 αὐτοῦ
943 1579 1034 1619 λίαν
1057 1576 1209 1633 χρόνον
1237 1578 1368 1620 πολὺν
1396 1578 1512 1620 ἀπει-

66 1644 182 1700 ράκις
209 1639 316 1698 ἦσαν
344 1644 710 1699 ἀνακυκληθεΐσαι·
743 1645 779 1686 εἴ
796 1644 874 1700 γὰρ
901 1643 960 1698 μὴ
982 1644 1212 1700 ἀπειράκις,
1243 1645 1376 1702 ἀρχὴν
1399 1646 1512 1700 ἴσχεν

66 1711 113 1753 τὸ
133 1715 235 1753 πᾶν·
268 1713 303 1753 εἲ
324 1712 368 1753 δὲ
388 1711 500 1766 ἔσχεν
521 1712 663 1768 ἀρχήν,
695 1710 836 1754 ὅποΐον
856 1710 906 1753 ἂν
927 1710 1081 1767 χρόνου
1108 1712 1254 1768 μόριον
1283 1718 1357 1756 τοῦ
1386 1731 1512 1771 παρε-

67 1778 299 1833 ληλυθότος
326 1778 469 1833 λάβοις
495 1779 773 1831 ἀναποδίζων,
807 1778 876 1820 ἔπ’
901 1778 1067 1834 ἄπειρον
1094 1780 1171 1829 τὰς
1199 1780 1328 1830 αὐτὰς
1356 1781 1510 1838 ἀνάγκη

67 1845 232 1895 πάντως
268 1845 477 1903 ἀπειράκις
514 1847 850 1902 ἀνακυκληθῆναι
888 1847 1030 1903 μέχρις
1066 1847 1219 1890 ἐκείνου
1259 1849 1408 1904 δόξας;
1462 1849 1512 1891 οὗ

65 1913 192 1968 μόνον
222 1913 284 1956 ὅτι
314 1914 514 1969 ἄναρχος,
557 1914 650 1957 ἀλλ’
684 1914 746 1958 ὅτι
776 1916 843 1958 καὶ
876 1914 1006 1970 ἀρχὴν
1035 1914 1148 1970 ἴσχεν
1177 1914 1199 1957 ὃ
1228 1916 1392 1971 κόσμος.
1443 1918 1512 1959 καὶ

67 1980 199 2030 οὕτως
225 1979 247 2023 ὃ
276 1980 465 2045 ξκάτερον
495 1983 700 2036 δοξάζων,
747 1982 900 2038 ὁμοίως
929 1985 973 2027 ἐκ
1000 1989 1076 2027 τοῦ
1098 1984 1253 2041 χρόνου
1279 1984 1327 2027 τὸ
1356 1983 1513 2035 ἀξιόπι-

67 2064 164 2091 στον
183 2049 272 2099 ἔξει.
303 2049 504 2106 δεύτερον,
528 2052 563 2093 εἴ
580 2050 748 2108 ἄπειρον
768 2051 816 2094 τὸ
834 2053 1144 2110 παρῳχημένον,
1177 2052 1513 2108 προστιθεμένων

67 2120 149 2158 τῶν
180 2117 322 2172 ἐφεξῆς
350 2117 548 2167 αὔξεσθαι
576 2119 624 2161 τὸ
654 2119 820 2176 ἄπειρον
849 2119 1002 2175 ἀνάγκη
1043 2121 1110 2162 καὶ
1142 2121 1347 2174 μηδέποτε
1381 2119 1514 2174 λήγειν

70 2182 306 2237 αὐξόμενον,
334 2188 410 2226 τοῦ
436 2185 588 2242 χρόνου
611 2186 825 2243 προϊόντος
850 2187 917 2228 ἐπ’
943 2186 1122 2243 ἄπειρον.
1156 2189 1191 2229 εἰ
1212 2182 1285 2229 οἷῑν
1303 2188 1370 2228 καὶ
1391 2186 1514 2229 αὐτὸν

69 2249 195 2303 μόνον
223 2250 270 2292 τὸ
298 2251 496 2306 γεγονέναι
525 2253 571 2295 τὸ
597 2253 762 2308 ἄπειρον
784 2254 1002 2297 ἀδύνατον.
1036 2253 1092 2303 ὡς
1111 2254 1238 2304 αὐτὸς
1267 2254 1387 2304 ἔδειξε
1413 2257 1515 2296 πολ-

71 2320 129 2374 λῷ
156 2320 314 2370 μᾶλλον
341 2317 647 2376 ἀδυνατώτερον
675 2326 749 2364 τοῦ
774 2323 942 2379 ἀπείρου
969 2322 1103 2375 μεῖζόν
1132 2339 1172 2364 τι
1200 2323 1387 2377 γίνεσθαι
1417 2320 1509 2363 κατ’

70 2382 355 2441 ἀπειρότερον·
387 2387 423 2427 εἲ
446 2382 519 2428 οὖν
549 2388 751 2432 ἀδύνατον
781 2388 991 2446 ἀπειράκις
1017 2388 1093 2437 τὰς
1121 2388 1250 2437 αὐτὰς
1281 2388 1516 2430 ἀνακυκλεῖ-

71 2455 175 2493 σθαι
214 2450 362 2502 δόξας,
408 2452 541 2503 οὐδεὶς
569 2455 614 2497 δὲ
641 2460 724 2498 τῶν
762 2457 842 2513 πρὸ
884 2456 1011 2498 αὐτοῦ
1049 2459 1124 2510 τῆν
1165 2454 1290 2505 δόξαν
1327 2457 1513 2511 φαίνεται

70 2517 224 2573 ταύτην
251 2520 609 2576 προϋποθὲμενος,
639 2527 802 2578 πρῶτος
829 2523 912 2581 ἄρα
941 2522 1096 2578 ταύτης
1117 2521 1400 2579 Ἀριστοτέλης
1416 2541 1514 2566 κατ-

114 2676 158 2722 ’)θ)
179 2678 275 2714 Ald.
299 2676 560 2724 σεμναῦεσθαι.

118 2745 176 2790 ι**)
214 2748 294 2793 Qua
323 2748 362 2783 in
393 2759 434 2783 re
466 2749 510 2783 ab
539 2748 767 2784 Aristotelica
800 2750 938 2785 theoria
974 2749 1119 2785 recedit.
1168 2751 1234 2786 cfr.
1274 2750 1514 2785 Commentar.

164 2803 207 2836 ad
230 2805 267 2847 I,
299 2807 343 2849 2,
371 2807 402 2839 1.
