1774 3198
291 342 385 386 480
507 350 954 390 COMMENTARIUS
983 352 1043 390 IN
1066 353 1465 394 METEOROLOG.

290 462 389 514 ὸρου
417 459 481 500 καὶ
510 455 674 498 Καΰκου
703 457 990 511 παραπλησίως
1018 458 1190 513 εἴρηται,
1234 459 1301 501 διὰ
1328 460 1374 502 τὸ
1402 460 1476 515 τὴν
1506 462 1691 518 ἐπιφερο-

286 526 407 578 μένην
435 530 518 571 τοῖς
544 523 692 570 πεδίοις
724 527 845 575 χοῦν,
895 522 1025 572 αὔξειν
1061 524 1185 566 αὐτά·
1232 529 1386 578 μᾶλλον
1415 525 1458 567 δὲ
1484 532 1620 581 γεννᾶν
1648 529 1691 569 ἐκ

287 596 366 632 τῶν
396 590 499 642 ὀρῶν
528 589 864 643 καταφερομένην,
894 589 968 644 ὅση
999 589 1141 645 εὔγεως
1169 593 1232 633 καὶ
1253 592 1427 646 μαλακή.
1458 594 1692 648 καταφέρειν

289 657 332 697 δὲ
349 656 445 703 τοὺς
463 654 690 707 ποταμούς,
722 654 822 697 ὥστε
841 655 992 698 τούτων
1016 655 1070 705 ὡς
1097 657 1145 699 ἂν
1176 659 1398 712 γεννήματα
1426 657 1614 713 ὑπάρχειν
1641 659 1691 700 τὰ

287 724 415 764 πεδία.
452 723 516 762 καὶ
546 717 587 762 εἶ)
619 722 816 775 λέγεσθαι,
847 721 908 764 ὅτι
936 722 1090 765 τούτων
1117 725 1198 765 ἐστὶ
1223 725 1273 766 τὰ
1304 727 1431 768 πεδία,
1487 730 1618 768 Τοῦτο
1649 728 1693 768 δὲ

287 787 432 830 ταύτόν
461 790 543 829 ἐστι
571 792 628 844 τῷ
655 786 732 830 ἐπὸ
762 793 834 830 τοῦ
867 787 1097 845 <Ηροδότου
1134 791 1314 844 λεχθέντι
1351 792 1414 832 ἐπὶ
1446 797 1517 834 τοῦ
1545 794 1694 834 Νείλου

287 858 350 897 καὶ
379 860 452 909 τῆς
480 854 543 896 ἐπ’
576 855 684 912 αὐτῷ
713 860 806 910 γῆς,
853 855 913 898 ὅτι
944 857 1092 899 ἐκείνου
1121 857 1252 911 δῶρόν
1280 858 1375 899 ἔστι.
1431 861 1549 900 Adde
1586 862 1694 899 Pli-

285 925 417 962 nium
449 927 607 961 Histor·.
624 923 776 964 hatur.
807 927 937 975 XIII,
962 929 1037 974 21,
1061 929 1133 965 11:
1165 930 1344 964 Homero
1367 941 1461 965 vero
1484 927 1691 980 prodente,

286 1005 334 1028 ne
357 999 470 1028 terra
493 992 656 1041 quidem
678 993 795 1041 ipsa,
827 1006 934 1043 quae
958 1007 1066 1031 nunc
1085 994 1307 1045 Aegyptus,
1338 994 1610 1044 intelligitur:
1641 1015 1691 1021 -—-

283 1068 339 1086 —-'
360 1065 510 1107 postea
532 1057 796 1108 adaggerato„
814 1060 930 1097 Nilo.
961 1057 1176 1110 Siquidem
1196 1072 1223 1096 a
1246 1059 1387 1097 Plzaro
1405 1061 1555 1105 insula,
1588 1073 1692 1110 quae

284 1138 390 1162 nunc
409 1122 691 1161 Alexandriae
711 1133 840 1173 ponte
861 1128 1060 1178 iungitur,
1089 1128 1223 1164 noctis
1243 1126 1406 1177 dieique
1426 1125 1585 1173 velifico
1614 1140 1695 1163 na-

282 1192 390 1242 vigii
419 1203 542 1227 eursu
569 1197 726 1227 terram
749 1191 884 1240 fuisse
906 1193 1110 1241 prodidit.
1169 1191 1340 1243 (Odyss.
1378 1193 1457 1240 IV,
1491 1195 1583 1230 355.
1621 1192 1692 1230 cfr.

282 1256 517 1295 strabon.
548 1259 577 1296 Ι.
608 1270 648 1308 p.
673 1260 723 1294 63
743 1254 907 1310 Bsqq.).
947 1259 1134 1295 Seneca
1164 1260 1330 1308 Quae-st.
1350 1265 1488 1294 natur.
1521 1259 1605 1303 VI,
1627 1261 1692 1304 26,

279 1324 347 1362 ubi
368 1329 569 1374 postquam
592 1326 816 1375 Aegyptum
837 1337 1037 1374 nunquam
1058 1325 1262 1362 tremuisse
1280 1323 1375 1361 alios
1395 1324 1549 1361 referre
1570 1323 1694 1361 tradi-

282 1389 339 1427 dit
370 1389 505 1441 (quod
527 1390 723 1427 refutatur
752 1391 869 1427 etiam
894 1403 945 1427 ex
975 1389 1194 1440 Agathia
1225 1391 1386 1427 Histor.
1417 1390 1477 1437 II,
1507 1403 1546 1440 p.
1564 1393 1616 1427 37
1639 1391 1690 1427 D.

281 1455 344 1494 ed.
370 1457 507 1493 Venet.
548 1455 619 1493 cfr.
641 1454 691 1492 ad
718 1455 779 1502 11,
801 1454 874 1506 7),
905 1456 1056 1507 pergit:
1094 1457 1318 1493 Rationem
1344 1453 1462 1493 huius
1493 1457 1556 1492 rei
1584 1451 1692 1493 banc

280 1521 478 1568 reddunt,
511 1522 624 1573 quod
643 1535 692 1559 ex
712 1522 809 1559 limo
836 1530 927 1559 tota
954 1523 1207 1560 concreverit
1281 1524 1459 1559 Tantum
1492 1523 1621 1577 enim,
1657 1524 1694 1559 si

280 1591 457 1627 Homero
476 1587 587 1637 fides
608 1595 688 1633 est,
720 1587 868 1626 aberat
887 1602 914 1625 a
934 1590 1164 1626 continenti
1183 1588 1347 1625 Pharos
1360 1617 1371 1636 ,
1401 1597 1599 1639 quantum
1617 1603 1693 1626 ηα-

278 1657 344 1692 vis
369 1655 518 1693 diurno
546 1669 668 1693 eursu
696 1657 837 1692 metiri
867 1655 1002 1704 plenis
1028 1655 1122 1692 lata
1151 1656 1249 1692 velis
1268 1640 1426 1704 botest:
1460 1653 1534 1691 sed
1559 1656 1695 1691 conti-

280 1724 392 1759 nenti
417 1722 591 1759 admota
610 1730 680 1760 est.
734 1720 937 1760 Turbidus
956 1724 1064 1759 enim
1085 1721 1270 1771 defluens
1286 1722 1423 1767 Nilus,
1447 1717 1693 1771 multumque

278 1801 414 1826 secum
433 1790 573 1825 lincam
595 1788 776 1833 trahens,
797 1797 837 1826 et
854 1802 945 1826 eum
962 1787 1132 1826 subinde
1153 1801 1362 1838 apponens
1374 1787 1588 1837 prioribus
1610 1794 1695 1823 ter-

278 1855 362 1900 ris,
390 1855 625 1904 Aegyptum
654 1867 792 1892 annuo
826 1857 1075 1892 incremento
1108 1867 1261 1904 semper
1285 1853 1398 1890 ultra
1428 1851 1534 1890 tulit.
1592 1853 1694 1890 Inde

272 1922 445 1971 pinguis
467 1928 506 1956 et
525 1921 662 1958 limosi
681 1921 759 1957 soli
779 1928 839 1957 est
846 1948 861 1965 ,
889 1935 962 1957 nec
984 1921 1071 1958 ulla
1091 1920 1312 1957 intervalla
1336 1920 1380 1955 in
1397 1932 1440 1955 se
1456 1917 1593 1965 habet,
1622 1918 1697 1955 sed

277 1988 410 2023 crevit
438 1988 482 2023 in
503 1984 677 2023 solidum
702 1996 910 2023 arescente
930 1987 1051 2023 limo:
1079 1988 1194 2022 cuius
1206 1997 1355 2034 pressa
1376 1991 1469 2020 erat
1489 1991 1529 2020 et
1549 1983 1692 2020 sedens

277 2060 510 2099 structura,
541 2066 661 2103 quam
688 2060 833 2103 partes
854 2052 1181 2103 glutinat-entur,
1211 2064 1282 2088 nec
1307 2049 1536 2101 quidquam
1566 2051 1692 2086 inane

278 2120 527 2156 intervenire
544 2126 728 2169 poterat,
757 2132 882 2170 quum
905 2119 990 2155 solo
1010 2118 1213 2169 liquidum.
1235 2131 1286 2155 ae
1309 2117 1424 2154 molle
1443 2128 1599 2164 semper
1620 2128 1693 2151 ac-

279 2184 451 2222 cederet.
509 2187 572 2224 Ex
602 2185 868 2224 Herodoto
898 2198 1181 2236 saepenumero
1213 2183 1343 2236 ὁῶρον
1361 2182 1544 2231 ποταμοῦ
1574 2177 1692 2231 (Nili)

276 2257 417 2288 vocata
447 2257 505 2288 est
525 2253 751 2303 Aegyptus,
790 2252 916 2289 veluti
941 2265 962 2288 a
989 2252 1245 2290 Strabone
1272 2253 1303 2290 I.
1342 2262 1381 2299 p.
1411 2251 1461 2287 53
1489 2250 1536 2287 B.
1575 2248 1622 2283 61
1646 2249 1690 2285 Β.

281 2317 498 2355 Arriano
527 2318 714 2356 Anabas.
748 2319 794 2367 V,
820 2321 865 2367 6,
886 2319 984 2356 aliis.
1043 2318 1158 2355 Adde
1188 2317 1360 2354 Niclas
1390 2313 1439 2353 ad
1471 2313 1689 2362 Geoponic.

275 2385 328 2432 V,
346 2385 383 2430 1,
406 2383 446 2421 4.
477 2397 516 2435 p.
542 2387 635 2424 312.
667 2387 770 2424 Car.
801 2386 972 2423 Ritter
1001 2382 1219 2421 Erdkunde
1247 2385 1279 2422 Ι.
1308 2396 1350 2433 Ρ.
1372 2385 1437 2420 86.
1463 2384 1542 2420 852
1559 2393 1615 2430 sq.
1635 2398 1691 2406 —-

274 2447 371 2495 τοὺς
390 2449 559 2501 πλησίον
577 2451 856 2500 εἰσοικίζεσθαι
874 2447 1022 2496 τόπους
1050 2450 1138 2488 cod.
1157 2448 1528 2489 Accoramboni
1555 2444 1691 2496 (Vera

277 2530 386 2554 mens
404 2517 643 2556 Aristotelis
675 2532 711 2570 p.
739 2518 848 2569 477).

390 2586 454 2622 12.
495 2570 791 2636 malvetaffoffiv,
830 2585 973 2622 omisso
1001 2581 1110 2622 «551³.
1134 2584 1186 2621 H.
1208 2582 1260 2620 N.
1291 2603 1341 2608 -
1386 2580 1546 2630 Septem
1576 2578 1690 2615 fuere

275 2650 360 2687 Nili
383 2651 492 2698 ostia,
522 2651 571 2688 de
591 2651 731 2701 quibus
758 2651 830 2689 cfr.
849 2649 1307 2700 Schweighaeuser
1333 2643 1624 2702 Animadvers.
1643 2645 1690 2680 in

275 2715 426 2754 Athen.
458 2718 574 2755 Tom.
599 2718 631 2756 I.
662 2731 703 2768 p.
723 2717 818 2757 484.
852 2730 890 2755 v.
912 2717 1047 2755 Hoff
1069 2717 1142 2754 ].1.
1173 2715 1206 2752 Ι.
1234 2726 1273 2764 p.
1293 2711 1386 2748 240·
1456 2706 1544 2748 Alii
1574 2710 1689 2747 aliter

276 2770 405 2831 quam¹
425 2783 745 2822 Aristoteles
771 2788 991 2821 senserunt.
1032 2782 1103 2819 cfr.
1132 2779 1309 2817 Ritter
1336 2777 1409 2815 1.1.
1440 2789 1480 2827 p.
1503 2778 1596 2815 853.
1634 2796 1688 2804 --
1769 2767 1774 2910 l
