1768 3190
187 382 262 422 ET
290 376 508 420 OLYMP.
540 378 603 418 IN
622 377 808 417 ARIST.
830 375 1166 415 METEOROL.
1198 374 1304 413 LIB.
1325 375 1356 413 I.
1429 365 1520 410 155

73 494 175 550 φησὶ
204 495 412 548 προσῆκον
440 484 490 545 ἦν
516 491 675 544 μᾶλλον
708 487 751 529 ἐν
779 490 839 544 τῷ
868 485 982 544 τόπῳ
1010 485 1146 544 τούτῳ
1171 497 1248 540 ’την
1277 489 1360 527 τῶν
1389 488 1525 540 νεφῶν

70 562 256 616 γίνεσθαι
277 557 488 611 σύστασιν,
520 555 576 607 ὡς
594 555 855 613 ψυχροτέρου
878 555 915 610 *)
936 558 1011 597 τοῦ
1027 571 1071 597 τε
1087 551 1374 610 ὑπερκειμένου
1390 552 1526 595 αὐτῶν

74 628 196 684 ἀέρος
223 630 298 670 τοῦ
326 626 621 682 πλησιάζοντος
648 630 736 674 τοῖς
766 622 934 680 ἄστροις
960 624 1028 666 καὶ
1047 626 1122 665 τοῦ
1146 622 1237 678 περὶ
1255 620 1331 676 τὴν
1353 625 1428 677 γῆν
1451 620 1527 663 αὖ-

71 695 168 750 τὴν,
208 694 300 738 οὔτε
327 699 410 738 τῶν
440 693 605 751 ι’ίστρων
646 692 760 749 ἕγγυς
789 691 918 735 ὄντων
946 694 1118 747 θερμῶν
1146 687 1299 742 ὅντων,
1339 687 1396 739 ὥς
1422 704 1528 732 τισιν

73 764 184 814 ἔδοξε
213 767 266 820 τῇ
295 761 523 819 θερμότητι
561 760 813 804 διαλυόντων
850 760 925 814 τῆν
955 757 1174 811 σύστασιν,
1224 755 1316 800 οὔτε
1355 758 1529 812 πλησίον

73 836 155 875 τῶν
194 832 275 874 ἀπὸ
311 834 386 885 τῆς
421 834 495 886 γῆς
532 828 831 884 ἀνακλωμένων
878 827 1052 871 ἀκτίνων
1061 859 1074 881 ,
1132 827 1279 875 αἵτινες
1325 824 1530 868 κωλύουσι

75 901 166 954 περὶ
195 899 271 954 τὴν
298 903 372 954 γῆν
398 898 501 954 νέφη
531 899 820 941 συνίστασθαι.
849 893 906 946 ὥς
923 896 1002 953 γὰρ
1020 896 1074 938 ’ἐν
1103 895 1256 953 κέντρῳ
1282 894 1361 936 τινὶ
1389 896 1531 936 συνελ-

73 971 230 1010 θοῦσαι
259 971 312 1023 τῇ
335 971 386 1023 γῇ
415 968 596 1016 πλειόνες
626 966 804 1018 ἀκτῖνες,
841 962 928 1007 εἶτα
955 962 1078 1014 πόόιν
1100 961 1393 1017 άνακλώμεναι,
1421 965 1531 1016 μᾶλ-

76 1038 149 1077 λον
178 1034 375 1090 ἀλλήλαις
412 1034 680 1090 πλησιάζουσι
717 1034 784 1075 καὶ
813 1031 884 1075 τὸν
916 1031 1261 1087 ἓναπειλημμένον
1297 1029 1401 1072 καθ’
1436 1027 1531 1071 ἑκά-

78 1117 181 1157 στην
209 1101 353 1145 κλάσιν
382 1101 486 1158 ἀέρα
513 1106 565 1159 τῇ
594 1100 744 1156 κινήσει
771 1101 1045 1156 θερμαίνουσι
1075 1100 1144 1142 καὶ
1173 1103 1370 1153 συστῆναι
1398 1096 1532 1140 κωλύ-

77 1185 192 1213 ουσιν
221 1172 279 1219 εἷς
308 1169 410 1226 νέφη
425 1184 434 1194 ·
483 1169 527 1212 εἴ
544 1187 584 1212 τι
611 1168 690 1226 γὰρ
723 1170 1000 1223 συμπιληθείη
1030 1166 1207 1220 τούτου,
1248 1166 1403 1224 ῥαδίως
1430 1165 1531 1208 αὐτὸ

78 1239 330 1291 διακρίνουσι
365 1241 417 1294 τῇ
455 1238 708 1294 παρατρίψει
746 1237 1047 1291 θερμαίνουσαι
1061 1252 1072 1263 ·
1122 1234 1186 1279 ὅτι
1213 1235 1292 1293 γὰρ
1320 1232 1347 1290 ῆ
1376 1235 1533 1290 κίνησις

76 1307 289 1361 θερμαίνει
315 1306 525 1362 προφανὲς
547 1305 697 1348 ἅπασι·
729 1303 793 1347 διὸ
822 1305 889 1346 καὶ
917 1309 1001 1348 τῶν
1028 1308 1162 1359 βελῶν
1189 1308 1273 1347 τῶν
1302 1303 1407 1358 μετὰ
1430 1306 1532 1345 πολ-

69 1375 150 1427 ’λῆς
187 1371 322 1430 ῥύμης
358 1374 673 1429 ἐκπεμπομένων
712 1370 734 1416 ὃ
763 1370 967 1427 μόλιβδος
1006 1371 1027 1416 ὃ
1057 1372 1134 1423 τὰς
1170 1372 1316 1422 ἀκίδας
1355 1372 1532 1426 συνέχων

75 1441 218 1491 τακείς,
248 1440 274 1496 ἢ
297 1439 438 1491 ἅπλῶς
463 1440 490 1497 ’ἦ
518 1441 647 1485 κόλλα
677 1442 904 1484 διαπίπτειν
935 1440 1063 1491 αὐτὰς
1090 1447 1209 1493 ποιεῖ’,
1238 1442 1274 1483 εἲ
1294 1440 1352 1496 μὴ
1374 1439 1534 1497 νεύροις

74 1506 151 1552 εἷεν
180 1510 477 1564 συνδεδεμέναι.
515 1511 600 1553 ἐκεῖ
621 1510 700 1567 γὰρ
730 1509 784 1552 τὰ
813 1509 915 1566 νέφη
947 1509 1214 1552 συνίστανταί
1240 1523 1390 1565 φησιν,
1428 1508 1472 1550 ἐν
1498 1501 1533 1566 ᾧ

75 1577 302 1632 προϊούσης
329 1582 404 1632 τῆς
433 1577 695 1628 ἀνακλάσεως
723 1580 781 1628 εἷς
811 1577 958 1631 ἀχανὲς
989 1577 1032 1619 αἱ
1062 1576 1219 1626 ἀκτῖνες
1248 1574 1439 1629 ἀλλήλων
1471 1577 1534 1617 δι-

72 1647 261 1687 ίστανται
291 1649 480 1688 πλεῖστον
510 1646 611 1703 ἀέρα
638 1645 791 1700 μεταξὺ
822 1644 1179 1699 διαλαμβάνουσαι
1218 1644 1284 1686 καὶ
1314 1642 1383 1684 διὰ
1410 1647 1533 1686 τοῦτο

78 1713 278 1768 δυσπαθῆ
294 1717 354 1770 τῷ
374 1717 546 1771 θερμῷ·
577 1713 684 1763 εἲκὸς
713 1708 786 1756 οὖν
818 1713 903 1756 ἐκεῖ
925 1712 978 1755 τὰ
1009 1712 1111 1769 νέφη
1141 1712 1438 1755 συνίστασθαι·
1468 1710 1536 1753 δέ-

78 1781 231 1822 δεικται
259 1780 338 1837 γὰρ
368 1781 411 1823 ἓν
440 1787 528 1831 τοῖς
546 1781 750 1833 ὄπτικοῖς,
782 1780 846 1824 ὅτι
868 1780 911 1823 αἶ
939 1784 1022 1823 τῶν
1051 1779 1225 1822 ἀκτίνων
1253 1779 1416 1829 κλάσεις
1445 1779 1531 1822 κατ’

77 1847 171 1898 ἴσας
206 1847 284 1898 τὰς
323 1847 580 1906 ἑκατέρωθεν
622 1850 801 1905 γίνονται
840 1850 1036 1904 γωνίας..
1063 1846 1206 1904 διόπερ
1253 1849 1536 1898 ἐξαπλοῦσθαι

77 1916 291 1974 συμβαίνει
321 1915 548 1974 προϊούσας
575 1917 651 1967 τὰς
681 1917 996 1971 ἀνακλωμένας·
1029 1915 1136 1958 ἀλλὰ
1165 1918 1233 1959 καὶ
1263 1916 1307 1958 ἓν
1329 1923 1417 1966 τοῖς
1436 1932 1537 1958 κατ-

77 1982 248 2041 όπτροις
280 1985 327 2034 αἱ
351 1986 683 2042 προσπίπτουσαι
709 1989 792 2029 τῶν
821 1984 963 2040 ὄψεων
994 1983 1151 2034 ἀκτῖνες
1178 1986 1246 2027 καὶ
1276 1984 1344 2026 διὰ
1361 1983 1409 2027 τὸ
1429 1988 1537 2026 λεῖον

78 2052 122 2103 ἐξ
161 2052 296 2096 αὐτῶν
337 2052 618 2108 ἀνακλώμεναι
665 2056 1014 2111 παλινδρομοῦσιν
1032 2085 1045 2104 ,
1105 2052 1208 2096 ὅθεν
1249 2053 1535 2107 ἕξεληλύθασι.

80 2120 221 2178 διόπερ
260 2120 431 2171 ἑαυτοὺς
468 2119 644 2178 δρῶντες
681 2122 782 2165 ἄλλο
809 2139 850 2165 τι
880 2120 983 2177 ὁρᾶν
1011 2122 1054 2164 ἐν
1077 2128 1165 2171 τοῖς
1193 2120 1440 2177 κατόπτροις
1466 2138 1538 2163 νο-

79 2189 246 2243 μίζομεν
274 2194 348 2244 τῆς
373 2191 542 2245 κρίσεως
569 2195 653 2234 τῶν
681 2189 844 2247 ὁρατῶν
872 2189 966 2233 κατ’
990 2189 1118 2244 αὐτὴν
1147 2189 1359 2245 γινομένης
1387 2189 1465 2243 τὴν
1493 2189 1538 2230 ἐκ

81 2259 156 2309 τῆς
193 2256 373 2306 κλάσεως
409 2257 452 2298 ἓν
487 2263 546 2315 τῷ
583 2259 802 2317 κατόπτρῳ
834 2258 1131 2312 συνισταμένην
1159 2258 1330 2312 γωνίαν·
1371 2258 1439 2299 καὶ
1469 2256 1538 2298 διὰ

84 2326 208 2365 τοῦτο
237 2323 285 2365 τὸ
315 2323 393 2373 ἔξω
423 2325 550 2380 φανὲν
579 2326 749 2369 εἴδωλον
779 2327 894 2370 ἔνδον
923 2326 966 2367 ἓν
995 2329 1053 2382 τῷ
1081 2324 1302 2381 κατόπτρῳ
1334 2322 1434 2366 εἶναι
1465 2326 1538 2367 δο-

83 2396 148 2432 κεῖ
169 2391 237 2432 καὶ
266 2390 402 2445 ἐπειδὴ
434 2391 526 2433 κατ’
559 2392 652 2442 ἴσας
679 2393 755 2442 τὰς
783 2393 1040 2449 ἑκατέρωθεν
1072 2394 1223 2449 γωνίας
1250 2390 1275 2447 ῆ
1308 2392 1450 2442 κλάσις
1478 2394 1539 2448 γί-

83 2474 217 2509 νεται,
260 2459 296 2499 εἶ
320 2457 397 2511 μὲν
423 2458 476 2500 τὰ
505 2457 606 2515 ὑπὲρ
636 2465 817 2517 κεφαλῆς
843 2459 962 2516 ῆμῶν
991 2463 1090 2503 ἰδεῖν
1121 2461 1335 2513 ἐθέλοιμεν
1364 2461 1444 2516 πρὸ
1463 2478 1540 2503 πο-

85 2527 168 2568 δῶν
194 2524 242 2567 τὸ
273 2525 505 2578 κάτοπτρον
542 2526 686 2570 ὕπτιον
715 2529 859 2578 θέντες
898 2530 965 2570 καὶ
996 2528 1308 2582 ἀποβλέψαντες
1336 2530 1393 2578 εἷς
1422 2528 1536 2580 αὐτό,

83 2592 159 2647 τὴν
189 2592 349 2649 ὀροφὴν
379 2591 563 2648 ὁρῶμεν,
607 2599 689 2637 τῶν
719 2595 893 2638 ἀκτίνων
923 2600 999 2650 τῆς
1036 2594 1174 2649 ὅψεως
1211 2596 1304 2638 κατ’
1341 2595 1540 2651 ἀμβλείας

83 2659 159 2709 τὰς
185 2659 439 2715 ἑκατέρωθεν
458 2662 676 2715 κλωμένων
695 2665 861 2718 γωνίας,
893 2664 1025 2712 ὀξεῖαν
1046 2663 1090 2705 δὲ
1109 2663 1185 2718 τὴν
1213 2665 1367 2718 μεταξὺ
1394 2682 1538 2707 ποιου-

87 2732 169 2770 σῶν
198 2730 264 2770 καὶ
295 2728 427 2778 οὕτως
456 2730 512 2778 εἷς
540 2728 651 2782 ὕψος
681 2730 997 2787 ἀναφερομένων
1027 2731 1096 2773 διὰ
1124 2730 1171 2774 τὸ
1204 2731 1279 2785 τὴν
1308 2732 1451 2803 κλάσιν
1478 2734 1535 2787 μὴ

132 2875 169 2919 *)
198 2875 281 2911 Ald.
306 2879 524 2922 ψυχροτέρῳ.
