1774 3184
203 357 278 396 ET
299 354 517 394 OLYMP.
546 353 608 393 IN
635 353 816 393 ARIST.
839 353 1175 393 METEOROL.
1205 352 1313 392 LIB.
1335 353 1368 391 I.
1443 343 1538 389 159

90 484 182 510 τινα
211 468 426 520 νομίζομεν
455 463 556 507 εἶναι
590 463 777 519 θερμήν·
830 462 1013 518 ἠδύνατο
1042 456 1116 505 οὖν
1145 460 1278 512 οὕτως
1305 461 1327 506 5
1352 462 1540 521 Ἀριστο-

89 535 208 589 τέλης
247 538 366 576 λῦσαι
403 533 478 588 τὴν
507 532 696 589 ἆπορίαν.
719 523 760 574 x5
795 532 841 574 δὲ
870 531 918 574 οὗ
947 534 1070 573 τοῦτο
1100 537 1225 581 ποιεῖ’,
1265 530 1372 574 ἀλλὰ
1398 534 1540 589 παρεὶς

90 608 212 645 τοῦτο
234 603 361 657 ζητεῖ,
391 602 434 643 τί
458 599 566 650 ὅλως
593 604 790 643 ποιοῦντα
809 599 862 643 τὰ
889 598 1060 656 οὐράνια
1089 597 1262 654 σώματα
1288 602 1541 658 θερμαίνον-

91 685 155 713 σιν
181 668 314 725 ἦμᾶς·
355 670 425 712 καί
452 685 599 726 φησιν,
640 667 704 711 ὅτι
734 671 999 724 συγκινοῦντα
1026 667 1074 710 τὸ
1101 665 1342 723 ὗπέκκαυμα
1372 670 1441 711 καὶ
1467 669 1542 712 τὸν

91 738 280 794 ἀπόγειον
308 738 423 794 ἀέρα.
454 741 586 780 ταῦτα
616 732 690 780 οὗν
716 735 932 791 κινούμενα
959 737 1269 793 θερμαίνονται,
1303 738 1370 779 καὶ
1399 736 1542 781 λοιπὸν

90 809 385 864 θερμαίνουσιν
423 803 554 860 ἡμᾶς·
614 805 678 848 ὅτι
717 805 762 847 δὲ
800 811 1040 861 συγκινεῖται
1078 802 1100 847 5
1140 803 1328 861 ἀπόγειος
1362 804 1444 862 ἀὴρ
1482 810 1542 864 τῷ

89 876 212 918 παντὶ
242 876 436 930 δηλοῦσιν
464 874 503 916 οἳ
525 878 699 928 κομῆται
728 879 816 922 τοῖς
844 872 984 922 αὐτοῖς
1011 871 1188 928 πλάνησι
1216 874 1543 931 παρανατέλλον-

89 959 170 992 τες.
219 945 255 985 εἰ
285 943 333 984 δέ
356 959 419 992 τις
445 942 537 999 εἴπῃ
565 943 632 984 καὶ
663 940 890 996 ἓναλλαχὴν
914 940 1087 995 ἴσχουσι,
1118 940 1286 999 ῥητέον,
1317 940 1381 985 ὅτι
1404 942 1542 997 ἐπειδὴ

90 1012 141 1054 οὗ
167 1012 332 1061 πάντως
362 1011 565 1067 συνισχύει
595 1011 840 1054 ἀκολουθεῖν
868 1013 927 1066 τῷ
956 1009 1078 1051 παντὶ
1107 1007 1129 1052 5
1158 1009 1347 1065 ἀπόγειος
1375 1009 1470 1067 ἀήρ.
1509 1012 1545 1053 εἲ

91 1081 137 1122 δὲ
175 1081 242 1122 καὶ
281 1080 382 1122 ποτὲ
420 1081 497 1134 μὲν
530 1081 724 1141 ,φαίνεται
758 1076 1004 1134 μικρότερος
1041 1077 1141 1120 ποτὲ
1180 1077 1227 1120 δὲ
1258 1079 1429 1132 μείζων,
1470 1078 1544 1122 οὐκ

90 1147 248 1205 ἄπορος
277 1146 298 1190 5
331 1147 474 1204 λόγος·
523 1152 648 1190 τοῦτο
683 1146 761 1202 γὰρ
799 1146 1013 1200 συμβαίνει
1053 1145 1121 1188 διὰ
1155 1144 1203 1188 τὸ
1234 1146 1434 1201 νέμεσθαι
1469 1146 1544 1190 τὸν

90 1217 340 1272 πυρωθέντα
377 1217 445 1258 καὶ
482 1214 883 1272 προεκφλογωθέντα
907 1216 951 1268 *)
991 1213 1094 1270 ἀέρα
1131 1214 1207 1270 τὴν
1244 1215 1544 1271 παρακειμένην

88 1283 213 1339 ὕλην·
237 1284 343 1326 ’ποτὲ
373 1284 418 1326 δὲ
447 1285 520 1326 παὶ
548 1282 790 1340 νοτιώτερος
819 1284 990 1339 γίνεται,
1030 1282 1175 1326 ὀίλλοτε
1214 1284 1260 1326 δὲ
1286 1283 1547 1341 βορειότερος

90 1349 112 1394 ὅ
144 1351 268 1401 αὒτὸς
293 1351 492 1406 κομήτης.
522 1351 617 1394 ἀλλ’
638 1353 673 1394 εἴ
699 1351 815 1394 τοῦτ’
842 1350 976 1401 οὕτως
1004 1350 1082 1406 ἔχει
1111 1353 1179 1394 καὶ
1206 1356 1259 1409 τῇ
1287 1356 1362 1394 τοῦ
1390 1352 1546 1403 παντὸς

89 1419 240 1475 κινήσει
276 1411 516 1475 συγκινεῖται
556 1417 577 1462 5
610 1418 798 1475 ἀπόγειος
838 1419 944 1476 ἀήρ,
994 1422 1039 1462 τί
1064 1419 1216 1476 δήποτε
1243 1419 1303 1476 μὴ
1333 1425 1463 1463 πᾶσαι
1501 1421 1544 1464 αἶ

90 1494 262 1545 σφαῖραι
288 1489 584 1544 θερμαίνουσιν
612 1484 724 1543 ἧμᾶς
752 1487 859 1530 ἀλλὰ
883 1486 1007 1542 μόναι
1037 1488 1081 1530 αἶ
1109 1493 1184 1531 τοῦ
1213 1486 1356 1545 ἥλί;ου
1394 1490 1544 1547 φαμὲν,

90 1554 152 1597 ὅτι
183 1560 311 1597 πᾶσαι
338 1556 415 1610 μὲν
443 1556 736 1608 θερμαίνουσι,
775 1555 882 1610 πλὴν
907 1559 1067 1610 μᾶλλον
1095 1553 1121 1610 ἦ
1144 1560 1219 1598 τοῦ
1237 1555 1378 1612 ἡλίου,
1408 1557 1545 1641 ἐπειδὴ

91 1623 336 1679 συμμέτρως
363 1639 407 1664 τε
439 1629 603 1665 κινεῖται
633 1625 700 1665 καὶ
731 1623 887 1676 ταχέως
922 1625 988 1665 καὶ
1019 1621 1253 1681 σύμμετρον
1288 1622 1407 1679 ἡμῶν
1440 1624 1545 1682 ἀφέ-

93 1705 251 1744 στηκεν.
293 1688 319 1752 ἦ
348 1689 427 1746 γὰρ
459 1689 643 1744 ἀπλανὴς
682 1691 717 1731 εἲ
754 1691 822 1732 καὶ
860 1690 1041 1740 ὀξύτατα
1070 1690 1176 1734 πάνυ
1205 1698 1370 1735 κινεῖται
1400 1693 1469 1735 διὰ
1496 1692 1545 1736 τὸ

96 1775 197 1799 ειναι
238 1756 348 1800 ὅλων
389 1758 512 1840 μείζω
550 1758 623 1800 τὸν
661 1757 843 1808 κύκλον,
902 1759 995 1801 ἀλλ’
1031 1776 1103 1802 ουν
1140 1759 1256 1815 όμως
1292 1760 1398 1803 πολὺ
1427 1759 1544 1817 ἡμῶν

93 1825 294 1881 ἀφέστηκε
335 1826 402 1867 καὶ
445 1824 514 1867 διὰ
540 1830 662 1868 τοῦτο
694 1826 744 1869 οὗ
775 1830 989 1883 θερμαίνει
1017 1826 1148 1883 ἡμᾶς·
1190 1827 1212 1872 5
1242 1829 1289 1871 δὲ
1316 1833 1392 1872 τοῦ
1424 1827 1544 1885 ἡλίου

92 1892 240 1942 κύκλος
266 1892 392 1947 μέσος
420 1891 477 1935 ὢν
506 1894 750 1950 συμμέτρως
774 1892 892 1950 ἡμῶν
918 1894 1164 1952 ἀφίσταται,
1195 1897 1440 1955 συμμέτρως
1466 1897 1546 1952 ἔχει

93 1961 161 2002 καὶ
196 1959 349 2014 τάχους
388 1962 455 2003 καὶ
484 1961 554 2003 διὰ
581 1967 704 2005 τοῦτο
735 1961 846 2018 ἡμᾶς
873 1965 1111 2018 θερμαίνει·
1154 1964 1252 2008 ἀλλ’
1275 1965 1377 2016 ἴσως
1403 1983 1466 2016 τις
1494 1966 1545 2009 ἀ-

91 2034 214 2084 πορεῖ
235 2030 303 2071 καὶ
331 2030 374 2071 τί
401 2027 554 2084 δήποτε
582 2031 640 2086 μὴ
673 2031 941 2082 ἀντανίσωσις
956 2034 1038 2087 **),
1077 2034 1144 2075 καὶ
1173 2033 1272 2091 ὅπερ
1303 2034 1352 2076 οὗ
1382 2041 1494 2078 ποιεῖ
1518 2034 1543 2091 ἦ

93 2095 278 2150 ἀπλανὴς
317 2096 385 2138 διὰ
420 2097 468 2139 τὸ
508 2097 730 2154 ἀπόστημα
756 2100 814 2156 μὴ
844 2107 955 2144 ποιεῖ
979 2100 1047 2143 διὰ
1075 2100 1122 2144 τὸ
1152 2101 1278 2155 τάχος
1288 2119 1305 2152 ;
1341 2102 1367 2158 ἦ
1398 2104 1444 2146 δὲ
1472 2109 1547 2158 τῆς

94 2162 348 2221 σελήνης***>
381 2164 429 2207 οὗ
455 2173 565 2208 ποιεῖ
581 2167 656 2210 ,διὰ
684 2168 731 2211 τὸ
762 2168 911 2223 τάχος,
943 2169 1012 2211 διὰ
1040 2170 1082 2211 τί
1108 2169 1157 2212 τὸ
1189 2172 1458 2226 προσεγγίζειν
1485 2171 1545 2226 μὴ

93 2235 222 2283 ποιεῖς
260 2232 333 2271 -καί
356 2248 505 2287 φησιν,
535 2234 599 2276 ὅτι
624 2235 818 2279 οὐδέποτε
846 2237 894 2280 τὸ
922 2236 1069 2293 πόρρω
1100 2235 1147 2279 ὃν
1175 2236 1252 2279 κᾶν
1281 2237 1406 2287 ὀξέως
1433 2243 1546 2294 κινῆ-

95 2311 189 2348 ται,
227 2299 464 2353 θερμαίνει,
509 2301 606 2344 οὗδὲ
636 2302 683 2345 τὸ
713 2306 911 2359 πλησίον,
951 2304 1010 2359 μὴ
1049 2303 1174 2354 ὀξέως
1211 2306 1257 2347 δὲ
1285 2305 1543 2360 κινούμενον·

97 2361 202 2417 πλὴν
231 2360 287 2412 ὡς
315 2362 426 2418 οἶμαι
454 2372 578 2410 τοῦτο
609 2369 942 2426 ἀποκληρώτικόν
962 2373 1093 2414 ἔστιν·
1123 2372 1216 2414 ἀλλ’
1238 2374 1339 2423 ἴσως
1355 2390 1418 2423 τις
1438 2374 1546 2418 ἀπο-

96 2436 179 2486 ρεῖ,
215 2432 250 2472 εἷ
279 2431 348 2473 διὰ
373 2433 448 2488 τὴν
475 2433 647 2491 ἡλιακὴν
680 2445 860 2496 σφαῖραν
887 2442 1038 2496 γίνεται
1067 2438 1094 2495 ἦ
1123 2442 1357 2497 θερμασία,
1397 2443 1444 2484 τί
1469 2442 1544 2498 δή-

186 2590 308 2634 affler,
341 2603 447 2636 quam
471 2594 542 2628 hoc
566 2597 674 2630 modo
698 2597 742 2631 de
765 2600 885 2633 calore
908 2600 1105 2643 plantarum
1132 2599 1264 2634 sentire
1291 2602 1456 2637 solebant
1477 2614 1544 2638 ve-

186 2652 294 2684 teres.
342 2648 416 2684 cfr.
443 2663 534 2695 quae
558 2652 709 2687 disserui
732 2657 912 2689 Meteoroz.
937 2664 1038 2691 veter.
1064 2658 1137 2701 XI,
1164 2655 1220 2693 54.
1244 2669 1279 2702 p.
1294 2660 1362 2694 218
1374 2671 1428 2704 sq.

108 2755 110 2758 y
142 2714 180 2759 ³¹²)
202 2717 363 2751 Verbum
386 2717 514 2752 lexicis
539 2720 698 2756 addatur.

140 2780 198 2827 **)
222 2783 366 2818 Lexicis
389 2787 550 2823 addatur.

143 2855 216 2900 *⁸*)
245 2859 321 2893 Scr.
349 2857 441 2905 ὅπερ
465 2857 509 2895 οὔ
529 2866 642 2897 ποιεῖ.
