1774 3198
423 345 646 386 LIBRUM
673 344 1002 386 SECUNDUM.
1064 341 1184 385 GAP.
1202 347 1271 386 ΠΙ.
1470 338 1565 380 529

117 461 296 501 fontibus
330 473 400 498 sua
427 459 609 498 hauserit
642 472 767 511 eaque
796 459 889 498 satis
926 459 1062 510 inepte
1093 458 1298 498 interdum
1327 459 1379 497 ad
1409 458 1567 497 Italiam

115 528 371 569 transtulerit
391 526 482 581 (cfr.
508 541 609 579 quae
630 528 857 566 monuimus
873 527 1094 566 Meteorol.
1119 535 1197 565 vet.
1217 526 1363 565 Graec.
1385 534 1426 564 et
1442 527 1565 564 Rom.

116 599 198 646 VI,
228 600 295 635 26.
329 611 371 648 p.
399 593 511 649 135).
577 595 808 634 Secundum
839 594 1046 633 Problem.
1076 595 1251 644 XXVI,
1281 598 1320 633 2.
1342 608 1393 673 Ρ.
1417 594 1522 644 940,
1540 595 1566 632 b

115 665 243 716 spirat
274 664 318 702 in
353 665 525 703 Graecia
564 657 668 702 κατιὶ
701 659 883 714 χειμῶνά
911 676 954 701 τε
984 661 1052 701 καὶ
1081 659 1310 716 ἇρχομέιου
1340 658 1461 715 ἔαρος
1500 661 1566 701 καὶ

114 728 357 784 μετοπώρου
387 729 603 784 λήγοντος,
653 744 755 783 quae
789 736 928 770 nostro
964 730 1057 769 loco
1086 733 1318 783 repugnare
1355 730 1563 770 videntur.

116 799 197 838 Sed
218 805 330 838 recte
351 814 393 838 se
410 798 534 839 habet
551 805 723 851 uterque
741 799 870 838 locus.
931 799 1130 849 Quamvis
1156 799 1265 837 enim
1285 798 1329 837 in
1350 797 1434 836 fine
1459 798 1567 837 illius

115 868 209 905 anni
225 867 353 919 partis
371 868 527 919 spirare
546 868 685 913 soleat,
715 873 850 905 tamen
866 867 1024 919 primus
1045 873 1117 916 est,
1149 866 1218 918 qui
1235 865 1409 904 imbrem
1429 865 1565 904 affert:

115 936 184 986 qui
202 935 308 973 enim
326 941 419 973 ante
437 948 530 974 eum
548 935 702 986 spirare
719 935 871 984 solent,
900 935 1044 973 etesiae
1063 935 1271 986 aquilones
1303 932 1393 986 (qui
1414 934 1568 985 spirant

109 999 311 1052 χειμῶνός
338 1016 381 1041 τε
411 1001 479 1042 καὶ
505 1000 659 1056 θέρους
689 1001 756 1042 καὶ
783 997 1028 1055 μετοπώρου
1064 999 1220 1055 μέχρι
1258 1003 1352 1041 τοῦ
1389 997 1566 1053 λήγειν

113 1077 159 1109 ut
180 1071 236 1108 ait
266 1069 571 1123 Theophras
582 1077 611 1110 t.
642 1071 692 1108 de
711 1060 847 1109 {sentis
878 1071 914 1121 §.
938 1074 1003 1109 10.
1021 1084 1060 1122 p.
1073 1069 1172 1121 761)
1202 1063 1391 1108 serenum
1412 1070 1566 1108 caelum

114 1139 346 1178 afferebant.
404 1139 487 1178 Cfr.
516 1136 735 1177 llffeteorol.
761 1146 890 1177 veter.
931 1139 1014 1187 VI,
1041 1141 1185 1189 19.‘p,
1216 1141 1311 1177 113.
1367 1136 1567 1189 Apposite

118 1205 523 1258 Theophrastus
552 1206 602 1243 de
632 1218 747 1243 caus.
772 1205 971 1255 plantor.
1000 1208 1042 1255 I,
1079 1208 1151 1253 13,
1173 1207 1213 1244 7.
1244 1217 1283 1256 Ρ.
1306 1208 1410 1245 360:
1439 1201 1486 1244 τὸ
1521 1202 1566 1243 δὲ

111 1271 351 1326 μετόπωρον
379 1270 454 1324 οὗχ
485 1269 619 1326 ὥσπερ
651 1268 800 1323 ἐλέχθη
840 1269 909 1324 (1,
944 1276 1020 1322 13,
1054 1272 1093 1310 4.
1125 1286 1164 1324 p.
1191 1271 1299 1325 359)
1338 1269 1462 1326 ’ξηρὸν
1497 1271 1565 1312 καὶ

111 1337 275 1394 ψυχρόν
305 1339 436 1389 ἔστιν,
476 1337 581 1379 ἀλλὰ
609 1340 769 1390 μᾶλλον
804 1336 976 1392 θερμόν.
1024 1335 1111 1390 ἅμα
1140 1337 1185 1379 δὲ
1213 1341 1264 1392 τῇ
1294 1341 1372 1379 τοῦ
1409 1336 1564 1392 ἄστρου

108 1406 317 1462 μεταβολῇ
339 1409 539 1460 (intellige
559 1408 796 1446 caniculam.
826 1408 900 1446 cfr.
920 1406 1205 1446 Schneider
1234 1408 1285 1446 ad
1303 1407 1562 1459 Theophr.

110 1478 164 1517 V.
190 1491 230 1529 p.
251 1480 347 1516 326.
405 1477 580 1516 Ideler
616 1475 751 1513 Ueber
768 1475 850 1512 den
874 1476 1100 1526 Ursprung
1118 1475 1209 1512 und
1223 1475 1292 1513 die
1310 1475 1564 1528 Bedeutung

111 1545 183 1583 der
219 1546 495 1583 Sternnamen
530 1557 573 1595 p.
603 1541 715 1594 243)
750 1537 925 1596 ὑγρότης
956 1539 999 1581 ἒν
1031 1543 1090 1596 τῷ
1122 1539 1210 1594 ἀέρι
1239 1539 1488 1595 &myst-stat.-
1508 1565 1564 1574 -—

27 1600 33 1604 ⁷
110 1615 206 1652 Post
227 1609 376 1664 ἄνεμος
395 1615 440 1651 F.
461 1613 514 1650 Η.
541 1611 594 1649 N.
617 1611 731 1650 Cam.
752 1611 798 1650 P.
817 1611 858 1648 S.
880 1610 967 1649 cas.
989 1610 1115 1649 Bekk.
1136 1610 1294 1648 addunt
1321 1607 1422 1661 ἐστι’,
1453 1613 1563 1664 quod

112 1682 304 1719 omittu’nt
321 1681 370 1718 E.
383 1680 435 1718 A.
451 1679 636 1717 Alex.—
657 1672 935 1724 ἁλεεινότατος
954 1678 1076 1716 Alex.
1094 1678 1204 1716 Cam.
1224 1678 1298 1716 cfr.
1317 1678 1368 1716 ad
1386 1679 1422 1724 I,
1441 1683 1478 1727 3,
1496 1684 1561 1728 12,

110 1749 180 1788 ubi
201 1748 254 1787 de
270 1747 400 1787 verbo
423 1742 618 1786 ἆλεαίνειν
639 1746 826 1784 diximus.
841 1767 898 1773 --
926 1748 993 1785 De
1011 1759 1058 1785 re
1074 1746 1148 1784 cfr.
1164 1745 1373 1786 Problem.
1392 1748 1562 1796 XXVI,

113 1820 182 1856 16.
224 1830 267 1868 Ρ.
298 1815 405 1862 942,
437 1829 479 1854 a:
524 1810 683 1866 θερμὸς
713 1810 754 1853 δ’
781 1810 866 1852 ἐστὶ
897 1809 964 1853 dm*
992 1810 1039 1853 τὸ
1071 1811 1297 1866 μίγνυσθαι
1326 1810 1561 1864 τὰπνεῦμα

110 1886 169 1939 τῷ
200 1879 305 1923 κατὰ
334 1879 506 1935 Λιβύην
537 1879 626 1936 ἀέρι
654 1881 802 1936 θερμῷ
835 1877 934 1921 ὄντι.
986 1880 1053 1920 καὶ
1084 1878 1151 1920 διὰ
1180 1881 1304 1920 τοῦτο
1334 1878 1559 1933 ,ιιεγαλοκύ-

109 1966 200 2002 μων
237 1949 403 1999 νοτίζειν
442 1953 552 1990 ποιεῖ’
577 1946 624 1989 τὸ
655 1947 803 2002 θέρος,
853 1947 1063 2000 ἐμπίπτων
1094 1947 1135 1995 ἒς
1164 1945 1240 2000 τὴν
1269 1944 1489 1987 θάλατταν
1519 1955 1559 1989 et

108 2019 175 2058 adi
204 2019 422 2057 Meteorol.
442 2026 570 2057 veter.
597 2018 749 2057 Graec.
768 2025 809 2056 et
828 2018 1010 2056 Roman.
1038 2018 1113 2066 VI,
1139 2020 1208 2056 23.
1237 2030 1275 2068 Ρ.
1294 2019 1374 2056 120
1395 2029 1482 2067 sqq.
1504 2038 1557 2044 —-

108 2085 247 2127 τόπων
270 2085 337 2126 καὶ
366 2086 500 2141 ’ξηρῶν
524 2084 591 2126 καὶ
622 2086 791 2139 θερμῶν
819 2085 958 2125 addito
975 2085 1117 2138 priore
1134 2082 1213 2124 καί.
1242 2085 1298 2123 Η.
1314 2083 1556 2123 Alex.›Cam.

110 2153 156 2194 P.
187 2155 273 2194 cas.

224 2225 294 2261 27.
322 2223 509 2262 τοιοῦτον
532 2233 610 2273 pro
632 2222 818 2268 τοιοῦτος
842 2223 895 2261 A.
915 2221 1038 2260 Alex.
1066 2243 1115 2250 —
1159 2215 1273 2258 ἀλλ’
1308 2215 1436 2258 ὅθεν
1465 2215 1558 2272 ἅρ-

107 2302 257 2340 χεται
289 2292 436 2328 πνεῖν
474 2284 696 2343 ψυχρός.
734 2290 810 2328 cfr.
841 2287 1195 2340 Theophrast.
1226 2286 1276 2324 de
1301 2289 1438 2325 ventis
1463 2286 1496 2337 §.
1517 2291 1555 2325 3.

108 2371 152 2409 p.
183 2358 289 2396 758:
332 2354 417 2395 ἐκεῖ
442 2354 881 2410 (πρὸςμεσημβριάν)
911 2350 932 2395 ὅ
961 2350 1079 2401 νότος
1105 2350 1366 2406 ψυχρότερος
1395 2349 1421 2404 ἢ
1451 2349 1553 2406 παρ’

109 2419 222 2476 ἡμῖν,
257 2419 313 2470 ὥς
342 2421 388 2463 δέ
413 2422 517 2470 τινές
545 2435 670 2478 φασι,
713 2425 872 2476 μᾶλλον
901 2419 926 2475 ἢ
956 2420 1117 2475 βορέας.
1156 2421 1364 2460 Problem.
1386 2422 1556 2471 XXVI,

141 2496 193 2532 7:
234 2490 310 2531 εἶσὶ
340 2489 384 2530 δὲ
414 2490 664 2543 κυματώδεις
700 2491 767 2531 καὶ
805 2487 1150 2544 συνεστραμμένοι
1187 2486 1253 2527 καὶ
1282 2491 1368 2534 τοῖς
1397 2486 1440 2527 ἓν
1469 2488 1557 2527 Λι-

109 2557 192 2614 βύῃ
219 2554 372 2611 ὁμοίως
400 2558 555 2612 ψυχροὶ
595 2557 655 2610 [οἱ
684 2556 847 2610 νότοι],
889 2554 945 2605 ὥς
978 2556 1017 2598 οἱ
1044 2554 1187 2610 βορέαι
1224 2554 1420 2594 ἐνταῦθα.
1479 2556 1554 2595 cfr.

112 2629 332 2666 Meteorol.
348 2616 430 2666 bet.
468 2629 540 2678 VI,
561 2632 629 2667 23.
659 2642 698 2680 Ρ.
722 2631 815 2666 122.
848 2620 1269 2679 συμπαραλαμβάνειν
1294 2637 1372 2675 pro
1404 2634 1556 2674 συμπε-

44 2686 46 2688 ’
113 2692 434 2748 ριλαμβάνεινΕ.
451 2697 502 2734 Ν.
526 2696 715 2743 confusis,
735 2696 795 2734 uti
807 2694 899 2733 fieri
915 2695 1034 2740 solet,
1062 2691 1425 2745 praepositionibus
1444 2688 1557 2744 παρά

114 2769 155 2800 et
184 2762 291 2827 περί.
348 2764 436 2803 Cfr.
476 2763 734 2803 Schaefer
773 2762 825 2800 ad
861 2762 1080 2814 Dionys.
1116 2760 1468 2801 Halicarnasss.
1508 2759 1557 2797 de

113 2845 291 2882 compos.
320 2831 480 2871 verbor.
512 2846 552 2884 p.
579 2831 673 2870 184.
705 2831 914 2869 Maletum.
935 2831 1074 2869 critic.
1106 2843 1146 2880 p.
1168 2830 1249 2924 2354
1268 2849 1324 2857 ·-
1343 2824 1434 2880 τὴν
1458 2823 1557 2867 ἄνω·
