1812 3158
357 412 447 454 392
571 418 1010 458 COMMENTARIUS
1039 420 1098 457 IN
1129 420 1527 461 METEOROLOG.

357 532 391 566 A
402 542 425 578 g
436 542 457 565 a
468 531 579 566 cles.
617 525 814 573 Διόδοτος
843 530 910 579 qui
940 535 1103 568 vocatur
1143 530 1169 566 S
1180 530 1288 567 trab
1299 531 1382 568 oni
1420 532 1499 569 XI.
1533 544 1571 581 p.
1599 535 1677 570 784
1701 536 1748 581 B,

357 596 389 631 is
417 593 717 632 Theodotus
746 594 855 632 audit
882 595 1050 633 Iustin
1063 609 1086 632 ο
1114 596 1231 645 XLI,v
1246 595 1285 634 4.
1342 597 1549 634 Alcman
1577 602 1616 634 et
1637 598 1752 635 Alc-

356 673 396 696 m
406 672 491 696 aeo
501 673 528 697 n
556 660 693 698 eadem
714 667 803 698 sunt
832 661 1004 698 nomina.
1035 661 1106 699 cfr.
1139 662 1166 698 S
1177 662 1340 699 almas.
1367 663 1548 701 Exercit.
1573 660 1752 700 Plinian-

356 738 397 775 p.
425 727 518 763 580.
566 726 837 764 Meineoke
874 726 925 764 acl
961 727 1222 766 Theocrit.
1259 728 1370 765 XXI
1383 757 1394 776 ‚
1421 730 1487 765 10.
1543 729 1754 778 Perperam

357 790 460 840 apud
490 791 609 829 Aris
622 791 710 829 tid.
740 793 855 830 Tom.
874 793 924 830 II.
952 796 1078 843 p.311
1101 789 1271 844 (Iebb)
1299 790 1477 831 Andro
1490 794 1651 831 tionis
1678 806 1755 831 no-

358 869 448 893 men
475 858 516 894 in
545 857 583 895 A
592 871 619 895 n
629 857 654 894 d
663 871 685 895 r
694 871 717 895 o
727 871 753 896 n
765 858 777 895 i
789 871 807 895 s
836 859 1007 896 mutavit
1032 859 1082 896 Si
1095 872 1116 895 e
1127 859 1152 896 b
1162 859 1255 896 elis
1285 856 1520 898 Philochori
1537 867 1576 897 et
1590 860 1756 898 Andro—

357 923 483 958 tionis
511 922 765 974 fragmenta
802 938 842 975 p.
877 928 967 963 118.
1032 927 1289 975 Anaxagorae
1325 925 1508 975 magister
1547 926 1594 963 ab
1633 925 1755 964 Ari-

356 1000 373 1023 s
383 994 399 1024 t
409 1000 432 1023 0
444 993 461 1025 t
473 989 549 1026 ele
576 990 808 1040 Metaplzys.
832 991 867 1039 I,
891 995 930 1029 3.
959 992 1000 1029 H
1011 1004 1031 1028 e
1041 1004 1062 1028 r
1073 999 1112 1028 m
1124 1004 1147 1027 o
1158 992 1248 1028 tim
1257 1004 1308 1028 us
1337 997 1513 1039 vocatur,
1542 992 1604 1029 cui
1623 1004 1755 1028 assen-

354 1053 457 1091 tiunt
494 1054 801 1104 Simplicius
841 1057 883 1094 in
922 1057 1078 1095 Arist.
1116 1056 1239 1107 Phys.
1284 1057 1353 1095 fol.
1387 1061 1465 1095 321
1481 1086 1492 1106 ‚
1548 1057 1756 1094 Plinius

356 1119 516 1156 Hister.
538 1127 625 1157 nat.
642 1122 736 1165 VII,
757 1125 828 1160 52:
856 1122 925 1160 sed
944 1135 968 1159 a
989 1124 1015 1160 S
1030 1129 1149 1160 exto
1178 1124 1211 1160 E
1225 1136 1263 1159 m
1274 1136 1300 1171 p
1312 1123 1326 1160 i
1337 1135 1359 1160 1·
1370 1124 1383 1160 i
1394 1136 1446 1160 co
1476 1123 1562 1159 adv.
1586 1121 1756 1160 Mathe-

354 1191 454 1222 mat.
471 1186 547 1231 IX,
562 1189 601 1234 7,
622 1186 783 1236 aliisque
801 1188 949 1225 Herm
962 1201 984 1224 ο
997 1188 1177 1236 timon,
1208 1202 1229 1226 a
1247 1188 1528 1226 Plutarcho
1546 1189 1698 1226 Herm
1710 1200 1757 1224 o—

355 1248 532 1300 dorus,
569 1264 592 1288 a
620 1251 836 1290 Valerio
866 1254 1085 1291 Maximo
1113 1254 1422 1304 Hermippus
1450 1255 1664 1304 appellatus
1683 1257 1753 1290 est.

354 1315 425 1352 cfr.
453 1317 654 1354 Fabric.
683 1317 734 1354 ad
771 1319 906 1357 Sext.
946 1319 1190 1370 Empiric.
1229 1320 1309 1356 1.1.
1367 1318 1690 1357 Erechtheus
1718 1322 1758 1355 et

353 1380 389 1416 E
399 1372 510 1418 rich
521 1381 573 1420 th
584 1384 666 1420 oni
677 1397 703 1420 u.
713 1397 730 1420 s
758 1370 894 1422 eadem
914 1391 1004 1422 sunt
1020 1385 1177 1422 nomina
1179 1415 1193 1432 ‚
1218 1391 1404 1423 monente
1425 1384 1557 1423 Schol.
1581 1384 1630 1421 ad
1644 1384 1692 1420 Il.
1703 1379 1757 1432 β’,

355 1446 446 1485 547.
459 1449 555 1485 Dio
566 1450 610 1486 01
621 1462 642 1485 e
651 1449 777 1486 tiani
796 1451 1042 1500 imperatoris
1062 1451 1259 1502 privatum
1277 1464 1422 1488 nomen
1436 1457 1520 1488 erat
1539 1452 1577 1488 D
1588 1450 1634 1487 io
1645 1450 1687 1486 cl
1696 1462 1717 1486 e
1728 1462 1755 1485 s.

353 1512 424 1550 cfr.
454 1514 521 1550 La
533 1520 684 1552 etant.
708 1515 757 1552 de
775 1507 892 1554 mort.
907 1530 1015 1566 per-9.
1034 1531 1067 1554 0.
1087 1521 1124 1556 9.
1147 1531 1186 1567 p.
1201 1516 1280 1554 374
1296 1518 1384 1567 Bip.
1438 1516 1588 1554 Eadem
1619 1515 1756 1552 obser-

352 1579 459 1616 vatio
496 1580 736 1630 aliquatenus
766 1581 816 1618 de
836 1582 986 1619 Latinis
1010 1584 1128 1620 valet.
1155 1616 1157 1619 .
1185 1583 1266 1631 Qui
1295 1584 1398 1619 enim
1425 1582 1530 1632 apud
1562 1582 1601 1618 H
1614 1581 1660 1618 ie
1670 1594 1691 1618 r
1702 1593 1725 1616 o
1735 1600 1757 1607 -

352 1644 479 1681 clem
506 1647 728 1695 Hippiatr.
754 1648 817 1694 ΙΙ,
839 1650 900 1685 85.
930 1662 969 1698 p.
996 1651 1074 1687 177
1102 1649 1288 1686 Florus
1316 1645 1330 1700 (
1348 1645 1543 1699 Φλῶρος)
1575 1652 1755 1694 vocatur,

352 1717 536 1748 monente
560 1712 636 1749 iam
668 1714 701 1750 F
711 1726 733 1750 a
743 1713 768 1750 b
778 1713 823 1751 ri
835 1714 910 1751 cio
939 1715 1051 1752 Bibl.
1073 1715 1143 1752 Gr.
1171 1715 1266 1752 Vol.
1283 1715 1359 1752 VI.
1386 1727 1426 1764 p.
1449 1717 1527 1751 503
1556 1712 1661 1749 idem
1686 1716 1755 1758 est,

352 1789 469 1826 quem
497 1778 710 1816 Photius
739 1780 1062 1818 Florentium
1092 1786 1130 1817 et
1149 1780 1375 1829 Geoponica
1393 1780 1482 1829 plus
1503 1778 1623 1815 semel
1642 1777 1755 1814 Flo-

349 1855 372 1879 1·
381 1856 402 1879 e
411 1856 438 1880 n
448 1844 488 1880 ti
499 1858 524 1880 n
533 1858 560 1881 u
569 1858 609 1881 m
637 1851 780 1883 vocant
791 1860 801 1893 ;
831 1847 1007 1896 quamvis
1028 1851 1164 1883 contra
1185 1851 1343 1882 moneat
1361 1846 1550 1883 :nonnulla
1578 1844 1617 1882 N
1627 1844 1640 1880 i
1651 1843 1694 1880 cl
1704 1855 1726 1879 a
1737 1855 1755 1879 s

350 1907 400 1944 ad
429 1909 646 1958 Geoponie.
679 1912 771 1948 Vol.
792 1912 824 1948 Ι.
854 1924 893 1961 p.
917 1912 1073 1948 LVIII.
1104 1931 1154 1938 --
1199 1908 1294 1948 Alia
1321 1912 1434 1960 plura
1460 1912 1497 1948 L
1510 1923 1532 1946 o
1544 1911 1568 1947 b
1582 1923 1602 1946 e
1613 1909 1690 1946 cki
1701 1921 1755 1945 us

348 1973 390 2010 in
418 1972 633 2024 Aglaoplz.
671 1976 786 2013 Tom.
814 1976 867 2014 II.
910 1990 956 2026 p.
976 1980 1054 2015 996
1079 1989 1136 2026 sq.
1167 1996 1221 2004 --
1280 1978 1343 2013 De
1369 1988 1501 2012 mense
1524 1974 1755 2011 Gamelione

350 2041 480 2077 omnia
513 2046 616 2078 nota.
659 2063 712 2070 --
751 2042 830 2088 τῶν
860 2038 1069 2080 ἀδυνάτων
1108 2039 1229 2093 φασίν
1266 2041 1484 2092 recepimus
1513 2054 1564 2078 ex
1594 2039 1679 2077 cod.
1705 2040 1752 2076 E.

348 2105 507 2156 Reliqui
531 2119 667 2144 omnes
697 2120 786 2144 cum
810 2109 842 2145 B
854 2108 946 2145 ekk
961 2120 1048 2145 ero
1081 2111 1170 2144 ante
1190 2105 1312 2160 φασίν
1329 2108 1509 2145 inserunt
1530 2101 1640 2144 εἶναι.

460 2176 498 2209 9.
527 2171 593 2210 καὶ
619 2176 703 2218 τοῖς
729 2169 802 2223 τὴν
828 2174 974 2211 omittit
996 2186 1056 2223 pr.
1084 2186 1186 2211 man.
1206 2175 1254 2211 E.
1294 2195 1343 2201 -—
1393 2171 1549 2210 Deinde
1574 2166 1750 2219 κομήτην

347 2250 421 2287 pro
453 2234 580 2288 κόμην
611 2239 660 2276 A.
688 2240 754 2276 Er.
788 2241 932 2290 inepte.
991 2239 1181 2288 Quamvis
1212 2238 1328 2276 etiam
1357 2238 1436 2276 Pli
1447 2238 1496 2283 ni
1507 2251 1534 2275 u
1544 2250 1561 2274 s
1588 2236 1752 2272 Hister.

348 2310 482 2340 natur.
501 2304 554 2351 II,
575 2308 627 2342 23
647 2304 770 2342 dicat:
802 2306 1063 2355 Spargantur
1083 2304 1311 2355 aliquando
1331 2311 1370 2340 et
1389 2301 1625 2340 errantibus
1652 2299 1751 2336 stel-

347 2366 399 2405 lis
420 2371 673 2420 caeterisque
694 2372 849 2419 crines,
878 2371 928 2408 de
946 2370 1219 2420 phaenomeno
1239 2375 1370 2407 tamen
1387 2368 1535 2406 nemini
1554 2365 1751 2404 recentio-

345 2447 436 2472 rum
472 2436 725 2485 comprobato
762 2436 1019 2474 dubitandum
1043 2443 1112 2474 est.
1166 2435 1374 2485 Aegyptiis
1404 2435 1556 2485 qualem
1582 2430 1753 2467 auctori-

345 2506 466 2538 tatem
497 2501 644 2539 tribuat
671 2501 1015 2551 Aristoteles,
1043 2508 1152 2553 patet
1181 2515 1232 2538 ex
1256 2501 1360 2538 libro
1387 2500 1435 2536 de
1455 2498 1567 2536 caelo
1599 2497 1660 2542 II,
1686 2498 1751 2535 12.

344 2579 385 2616 p.
407 2570 486 2605 292
498 2595 508 2614 ‚
531 2580 573 2604 a:
614 2562 761 2616 ὁμοίως
791 2565 834 2605 δὲ
863 2566 927 2605 καὶ
955 2566 1043 2619 περὶ
1070 2563 1166 2612 τοὺς
1197 2563 1342 2611 ἄλλους
1376 2561 1545 2614 ἀστέρας
1572 2558 1748 2611 λέγουσιν

346 2628 383 2669 οἶ
410 2628 531 2670 πάλαι
559 2629 818 2684 τετηρηκότες
846 2630 889 2670 ἐκ
918 2634 1110 2672 πλειστῶν
1139 2630 1238 2670 ἐτῶν
1265 2626 1479 2681 Αἰγύπτιοι
1514 2624 1578 2662 καὶ
1606 2623 1749 2672 Βαβυ-

345 2693 477 2735 λώνιοι
490 2727 500 2747 ,
545 2695 642 2749 παρ’
678 2690 732 2736 ὧν
760 2695 913 2744 πολλὰς
940 2697 1088 2742 πίστεις
1116 2695 1254 2746 ἔχομεν
1282 2693 1368 2744 περὶ
1398 2688 1566 2730 ἑκάστου
1591 2690 1670 2727 τῶν
1700 2684 1748 2726 ἶλ-

346 2772 487 2813 στρων.
543 2766 606 2802 De
628 2764 854 2813 Babyloniis
874 2765 958 2803 sive
980 2762 1185 2802 Chaldaeis
1220 2759 1346 2797 refert
1372 2760 1410 2796 D
1421 2758 1468 2795 io
1482 2756 1508 2794 d
1519 2769 1542 2792 ο
1553 2769 1574 2794 1·
1583 2768 1609 2792 u
1619 2769 1638 2792 s
1666 2755 1693 2792 S
1704 2754 1717 2791 i
1727 2776 1748 2784 -

345 2828 426 2865 cul
437 2841 464 2865 u
476 2842 492 2865 s
519 2829 572 2876 II,
598 2833 661 2866 30.
701 2830 815 2867 Tom.
833 2830 864 2867 Ι.
895 2843 934 2879 p.
957 2829 1053 2867 143:
1084 2827 1163 2864 τῶν
1193 2824 1218 2863 ὃ
1226 2821 1236 2835 ’
1262 2820 1437 2875 ἀστέρων
1466 2818 1749 2873 πολυχρονίους
