1760 3138
261 369 335 408 ΕΤ
360 336 575 408 OI'XMP.
598 368 659 409 IN
684 367 866 408 ARIST.
889 367 1220 408 METEOROL.
1249 367 1425 408 LIB.II.
1494 360 1589 405 275

111 514 125 529 ,
146 479 308 537 τροφὴν
345 480 531 536 γίνεσθαι
569 482 643 522 τοῦ
677 476 795 535 ἡλίου
828 480 894 521 καὶ
923 482 998 533 τῆς
1027 477 1198 534 σελήνης
1237 479 1304 521 καὶ
1335 482 1417 521 τῶν
1457 479 1592 523 ἄλλων

146 547 344 604 ἀστέρων.
394 547 513 590 ἔνθεν
554 549 656 605 φασὶ
695 546 947 604 τρεφόμενος
983 545 1004 590 ὃ
1031 545 1147 602 ἥλιος
1178 546 1334 603 τροπὰς
1369 553 1480 589 ποιεῖ’
1510 553 1591 591 τῶν

147 613 279 670 ὡρῶν.
329 615 465 670 ἐπειδὴ
492 619 569 677 γὰρ
600 618 643 660 ἓν
671 621 730 659 τῶ
758 616 871 670 θέρει
898 618 1057 670 μᾶλλον
1086 615 1150 656 ἐπὶ
1179 613 1231 656 τὰ
1257 613 1400 671 βόρεια
1429 610 1534 658 ουσα
1565 614 1591 671 ἦ

144 682 364 735 θάλασσα,
409 679 568 739 τροφὴν
597 675 708 732 αὐτῶ
739 684 954 739 παρέχεται
983 701 1030 726 το
1070 683 1114 733 ἐξ
1147 681 1274 737 αὐτῆς
1312 681 1590 737 ἀτμιζόμενον,

144 751 294 794 τούτου
321 750 443 807 χάριν
472 748 625 804 θέρους
653 745 674 790 ὃ
707 750 823 806 ἥλιος
858 750 1119 807 βορειότερος
1154 751 1303 806 γίνεται
1341 754 1592 794 κατακολου-

144 823 237 861 θῶν
267 824 316 876 τῇ
343 817 422 870 ὑπὸ
453 821 526 872 τῆς
553 816 774 872 θαλάσσης
809 818 1081 875 ἀναδιδομένῃ
1119 822 1269 875 τροφῇ.
1317 824 1518 874 χειμῶνος
1547 821 1592 863 δὲ

143 886 278 936 νότιος
315 888 486 943 γίνεται,
511 881 514 885 ’
540 886 677 940 ἐπειδὴ
717 886 876 943 ἔφθασε
917 887 982 930 διὰ
1012 891 1085 930 τοῦ
1114 891 1269 943 θέρους
1305 886 1403 930 ὅλον
1429 886 1510 943 ἤδη
1542 889 1589 931 τὸ

137 955 320 1012 χρηστὸν
351 954 659 1008 ἀνικμάσασθαι
689 959 764 1009 τῆς
786 954 1004 1010 θαλάττης
1030 956 1095 997 καὶ
1113 954 1256 1009 μηκέτι
1285 953 1469 1011 εὐπορῶν
1496 973 1590 1013 τρο-

143 1028 225 1079 φῆς
253 1019 382 1076 ἦλθεν
411 1024 468 1071 εἷς
495 1021 546 1064 τὰ
576 1020 692 1064 νότια
720 1020 775 1071 ὡς
804 1024 847 1064 ἐκ
878 1025 1082 1077 δαψιλοῦς
1119 1020 1385 1078 ὑπαρχούσης
1427 1027 1503 1078 τῆς
1541 1024 1590 1066 ἇ-

141 1093 287 1145 τμίδος
316 1093 360 1134 ἐκ
387 1095 470 1134 τῶν
506 1090 684 1146 γλυκέων
719 1087 898 1132 ὑδάτων.
948 1092 1013 1132 καὶ
1045 1088 1154 1133 οὕτω
1191 1090 1400 1143 συνεᾜαινε
1437 1092 1591 1148 θέρους

140 1161 325 1214 γίνεσθαι
354 1148 420 1202 καὶ
446 1162 659 1213 χειμῶνος.
712 1157 844 1200 ταῦτά
879 1159 986 1214 φασί
1010 1174 1116 1207 τινες
1145 1162 1224 1200 τῶν
1256 1162 1439 1214 φυσικῶν
1468 1164 1589 1216 φιλο-

141 1227 298 1284 σόφων.
338 1226 439 1269 ὅθεν
464 1226 617 1269 οἴονται
647 1226 714 1267 καὶ
743 1225 818 1280 τὴν
846 1225 1070 1268 θάλασσάν
1109 1242 1208 1268 ποτε
1247 1226 1587 1282 ξηρναθήσεσθαι

140 1295 291 1339 διὰτὸ
329 1299 517 1338 πλεῖστον
555 1294 808 1347 ἀνικμᾶσθαι
847 1294 891 1344 ἐξ
927 1293 1055 1349 αὐτῆς
1091 1293 1138 1336 τὸ
1178 1291 1316 1351 ὑγρόν.
1377 1298 1532 1351 Olym
1545 1314 1585 1352 p.
1617 1323 1626 1332 ‹

138 1367 212 1407 fol.
235 1371 300 1416 28,
323 1366 349 1404 b
377 1388 434 1394 --
464 1370 530 1415 29,
551 1379 574 1404 a
593 1364 648 1417 *).

250 1436 315 1484 II,
355 1438 396 1474 8.
464 1431 569 1473 Καὶ
617 1428 736 1472 οὔτε
777 1429 830 1472 τὸ
869 1434 971 1484 πῦρ
1017 1461 1251 1473 ......
1302 1432 1583 1488 τρέφεται]

130 1500 475 1556 Ἀγανακτοῦντος
503 1496 634 1555 φωνή.
687 1497 795 1540 οὕτω
824 1497 902 1554 γὰρ
933 1498 1095 1552 ἠλίθιοί
1119 1499 1239 1551 εἶσιν,
1285 1497 1347 1540 ὅτι
1377 1500 1585 1553 νομίζουσι

135 1568 183 1611 τὸ
216 1567 463 1622 ἒξατμισθὲν
493 1565 670 1623 φθάνειν
700 1565 762 1606 ἐπὶ
800 1565 874 1619 τὴν
902 1563 1077 1619 ἡλιακὴν
1110 1571 1314 1621 σφαῖραν,
1354 1568 1486 1609 καίτοι
1516 1585 1585 1610 το-

137 1636 295 1678 σούτων
328 1634 463 1677 ἄλλων
494 1637 681 1690 σφαιρῶν
712 1633 754 1673 ἐν
782 1636 840 1689 τῷ
869 1632 981 1689 μέσῳ
1017 1631 1175 1684 οὐσῶν,
1219 1634 1285 1674 καὶ
1314 1638 1388 1688 τῆς
1415 1633 1587 1688 ἀτμίδος

136 1704 242 1758 μηδὲ
271 1702 347 1751 τὰς
376 1701 602 1758 ἀκρωρείας
631 1698 776 1753 σχεδὸν
804 1697 1129 1756 ὖπερβαινοῦσης
1150 1701 1218 1755 '‘¹‘).
1280 1704 1583 1758 Olympiod-

136 1776 207 1814 fol.
238 1778 314 1824 30,
345 1773 384 1812 b.

141 1936 147 1938 .
179 1904 214 1946 ¹¹¹)
240 1903 346 1950 Quod
370 1913 475 1946 supra
501 1902 571 1935 iam
597 1903 677 1946 plus
701 1902 811 1935 semei
833 1900 1059 1944 monuimus,
1085 1901 1123 1935 in
1149 1901 1481 1947 Olympiodori
1506 1906 1584 1940 edi-

223 1960 322 1994 tione
345 1958 477 1993 Aldina
502 1959 624 2003 (idque
646 1960 690 1993 de
710 1957 876 1992 omnibus
895 1959 993 1993 valet
1016 1958 1327 1994 Aristotelicorum
1351 1960 1583 2006 interpretum

223 2027 432 2065 graecorum
457 2016 690 2058 editionibus,
729 2026 821 2060 quae
845 2016 939 2059 apud
963 2014 1049 2049 Aldi
1072 2015 1163 2049 fiiios
1188 2016 1225 2050 in
1252 2018 1367 2051 lucem
1399 2019 1582 2063 prodiere)

224 2084 481 2118 saepenumero
509 2073 557 2107 ita
580 2075 696 2107 locata
724 2084 803 2106 esse
829 2073 941 2107 verba
966 2073 1228 2116 commentarii,
1270 2075 1370 2119 quasi
1398 2077 1441 2109 ad
1466 2077 1579 2120 ipsum

223 2131 427 2165 Aristotelis
451 2141 540 2175 opus
563 2123 795 2175 pertinerent,
819 2130 855 2163 id
877 2130 982 2163 etiam
1005 2130 1071 2166 fol.
1095 2131 1152 2172 29,
1178 2142 1208 2163 a.
1232 2132 1253 2164 Ι.
1282 2134 1302 2165 5
1328 2144 1346 2165 a
1369 2132 1429 2164 fin.
1455 2133 1582 2166 accidit

221 2188 260 2222 in
283 2174 511 2221 adnotatione
534 2187 718 2234 longiore,
749 2198 839 2231 quae
864 2186 952 2220 nihil
977 2194 1173 2221 memoratu
1200 2187 1318 2234 digni,
1352 2194 1391 2221 ut
1417 2200 1493 2222 eam
1516 2190 1582 2223 ad-

223 2244 427 2283 scribamus,
455 2244 622 2278 continet.
669 2245 795 2285 Verba*
815 2244 910 2278 enim
934 2239 993 2278 ὅτι
1018 2240 1222 2288 κοιλότερός
1249 2243 1349 2278 ἐστιν
1370 2242 1390 2278 ό
1414 2242 1583 2281 Ὠκεανός

223 2298 288 2344 τῆς
313 2296 401 2344 παρ’
426 2297 514 2343 ἡμῖν
538 2296 741 2344 θαλάττης,
766 2297 875 2344 δῆλον
903 2299 1251 2344 Olympiodori
1277 2306 1378 2343 sunt,
1406 2302 1502 2345 quod
1524 2302 1581 2336 id-

223 2348 320 2391 circo
337 2367 534 2400 monemus,
555 2368 600 2390 ne
618 2356 696 2400 quis
720 2356 757 2390 in
782 2362 955 2391 contextu
974 2355 1178 2390 Aristotelis
1204 2358 1375 2401 quaedam
1403 2358 1580 2393 excidisse

224 2414 424 2448 arbitretur.

177 2471 235 2516 **)
259 2471 433 2505 Putabant
456 2469 549 2503 enim
578 2474 741 2514 veterum
770 2470 943 2507 nonnutli.
969 2479 1122 2513 vapores
1145 2469 1187 2502 ad
1213 2474 1346 2502 certam
1367 2474 1502 2503 tantum
1527 2473 1579 2505 al-

221 2527 407 2563 titudinem
441 2526 571 2560 attosti:
601 2537 680 2560 esse
713 2527 807 2560 enim
837 2533 976 2561 montes
1014 2527 1165 2560 affirmat
1211 2526 1507 2560 Plutarchus
1536 2529 1579 2561 ‹le

223 2589 327 2630 primo
346 2584 474 2626 frigido
502 2594 535 2619 c,
553 2581 607 2616 14.
634 2584 739 2621 Tom.
754 2584 815 2618 IV.
841 2596 877 2628 p.
891 2586 959 2619 853
984 2585 1042 2619 ed.
1058 2583 1270 2628 Wyttepb„
1295 2581 1356 2626 qui
1378 2594 1496 2627 neque
1517 2594 1578 2616 ro-

221 2654 317 2682 rem,
350 2652 466 2684 neque
489 2641 699 2673 nubeculam
726 2640 926 2681 admittant,
962 2652 1042 2674 cum
1067 2640 1222 2675 vertices
1245 2649 1368 2674 eorum
1398 2639 1435 2673 in
1458 2643 1578 2674 aerem

221 2709 349 2742 purum
383 2697 614 2741 humorisque
646 2703 830 2740 expertem
855 2703 1054 2741 penetrent,
1110 2697 1269 2731 Auctore
1301 2696 1576 2730 Posidonio

223 2755 372 2788 affirmat
403 2754 597 2788 Plinius
633 2757 761 2787 Hister.
786 2761 855 2787 nat.
881 2755 928 2796 11,
946 2757 1008 2789 23:
1039 2767 1102 2788 non
1127 2757 1232 2787 minus
1257 2753 1489 2798 quadraginta·
1504 2760 1576 2786 sta-

223 2814 351 2845 diorum
376 2824 397 2844 α
412 2819 502 2844 ferra
524 2813 728 2844 altitudinem
746 2823 826 2850 esse,
852 2813 883 2843 in
903 2823 970 2855 qua
995 2814 1107 2845 nubila
1134 2824 1175 2844 ac
1196 2813 1285 2845 venii
1308 2811 1472 2854 nubesque
1497 2823 1575 2852 pro-

220 2870 365 2905 veniant.
416 2871 498 2901 Inde
521 2881 638 2911 purum
670 2869 892 2912 liquidumque
919 2875 949 2901 er
974 2870 1231 2912 imperturbatae
1255 2868 1337 2899 tucis
1362 2871 1484 2900 aetem.

1209 2914 1298 2959 18²⁸
