1820 3158
157 300 575 371 '-p.342‚a.13e1‹k.—
652 328 1038 368 LIB.1.CAP.IV.
1116 329 1344 372 --p0328‚G.
1371 328 1497 365 cas.—
1549 324 1605 366 17

175 439 212 481 οἶ
240 439 285 481 ἐκ
315 443 397 481 τῶν
427 437 638 480 δακτύλων
667 442 860 494 πυρῆνες,
900 437 1003 480 ὥστε
1034 442 1099 481 καὶ
1131 441 1187 489 εἷς
1215 440 1433 483 θάλασσαν
1463 443 1527 483 καὶ
1555 444 1609 490 εἷς

172 511 246 562 γῆν
281 509 502 563 φαίνεσθαι
542 507 762 557 πίπτοντα,
806 504 1058 562 καὶ-νύκτωρ
1101 509 1166 548 καὶ
1206 507 1308 561 μεθ’
1348 505 1504 564 ἡμέραν
1541 510 1606 550 καὶ

174 576 344 630 αἰθρίας
375 573 510 629 οὔσης.
552 580 637 622 ,1Ο.
673 572 802 615 Κάτω
833 574 878 615 δὲ
909 573 1102 630 ῥιπτεΐται
1134 575 1200 617 διὰ
1230 575 1275 618 τὸ
1304 575 1378 630 τὴν
1405 575 1662 618 πύκνωσινῙΟ

174 643 230 691 εἷς
256 641 304 684 τὸ
336 641 446 685 κάτω
475 641 606 698 ῥέπειν
635 641 709 695 τὴν
742 641 998 684 ἂπωθοῦσαν
1015 658 1023 666 ·
1056 643 1118 684 διὸ
1143 645 1209 685 καὶ
1230 643 1267 685 οἱ
1288 645 1472 698 κεραυνοὶ
1497 643 1608 686 κάτω

172 711 410 753 πίπτουσιν·
451 709 614 752 πάντων
641 709 905 765 γὰρ’τούτων
935 707 961 764 ἦ
987 710 1135 765 γένεσις
1166 710 1239 753 οὐκ
1271 710 1475 763 ἴκκαυσις,
1509 711 1604 752 ἀλλ’

173 778 346 835 ἔκκρισις
381 775 460 820 ὕπὸ
501 782 575 833 τῆς
614 777 848 830 ἐκθλίψεώς
886 778 1015 830 ἐστιν,
1074 779 1156 820 ἐπεὶ
1198 778 1300 820 κατὰ
1342 778 1465 835 φύσιν
1493 794 1534 834 γε
1560 779 1607 821 τὸ

171 846 332 900 θερμὸν
362 845 447 888 ἄνω
474 847 624 902 πέφυκε
657 845 859 901 φέρεσθαι
888 850 980 887 πᾶν.
1055 853 1118 887 11.
1146 844 1261 888 ’Ὀσα
1287 847 1364 899 μὲν
1395 842 1468 889 οὖν
1500 845 1660 902 ,ιιᾶλΛ1

172 917 243 957 λον
283 915 325 955 ἐν
363 918 422 971 τῷ
459 913 655 956 ἀνωτάτω
692 911 806 970 τόπῳ
857 915 1112 963 συνίσταται,
1175 914 1420 969 ἐκκαομένης
1463 917 1609 970 γίνεται

168 986 243 1036 τῆς
283 980 618 1034 ἀναθυμιάσεως,
668 980 747 1023 ὅσα
777 981 822 1022 δὲ
850 980 1105 1035 κατώτερον,
1155 980 1436 1037 ἓκκρινομένης
1466 983 1532 1024 διὰ
1562 984 1608 1026 τὸ

170 1049 344 1092 συνιέναι
374 1051 440 1091 καὶ
469 1048 678 1103 ψύχεσθαι
707 1048 781 1103 τὴν
809 1046 1031 1104 ὕγροτέραν
1063 1048 1365 1103 ἀναθυμίασιν·
1401 1049 1503 1105 αὕτη
1532 1050 1609 1107 γὰρ

171 1121 364 1160 συνιοῦσα
391 1118 457 1158 καὶ
476 1116 587 1159 κάτω
608 1115 787 1174 ῥέπουσα
816 1115 982 1158 ἀπωθεῖ
998 1118 1251 1172 πυκνουμένη
1285 1119 1350 1160 καὶ
1374 1117 1486 1161 κάτω
1507 1126 1616 1162 ποιεῖ

167 1189 243 1228 τοῦ
269 1188 429 1241 θερμοῦ
462 1183 538 1239 τὴν
567 1183 704 1241 ῥίψιν·
753 1190 819 1226 12.
851 1183 936 1226 Διὰ
957 1183 1001 1226 δὲ
1021 1184 1095 1239 τὴν
1121 1185 1239 1227 θέσιν
1268 1190 1341 1240 τῆς
1370 1186 1662 1240 ἀναθυμιά-12

167 1269 293 1310 σρως,
340 1250 452 1301 ὅπως
481 1250 530 1294 ἂν
559 1252 670 1308 τύχῃ.
691 1252 847 1306 κειμένη
888 1256 962 1294 τοῢ
999 1252 1179 1302 πλάτους
1214 1255 1279 1295 καὶ
1317 1258 1391 1296 τοῦ
1426 1252 1606 1308 βάθους,

168 1319 277 1363 οὕτω
311 1320 475 1377 φέρεται
515 1319 540 1376 ἢ
573 1319 657 1363 ἄνω
699 1319 725 1375 ἢ
756 1319 866 1362 κάτω
905 1319 930 1374 ἢ
971 1322 1026 1370 εἷς
1063 1320 1110 1363 τὸ
1150 1321 1332 1376 πλάγιον.
1404 1322 1456 1364 τὰ
1497 1326 1607 1365 πλεῖ-

168 1402 245 1431 στα
278 1387 318 1431 δ’
349 1390 406 1438 εἷς
433 1388 480 1431 τὸ
511 1386 680 1444 πλάγιον
711 1388 778 1431 διὰ
807 1387 854 1430 τὸ
887 1387 961 1430 δύο
1002 1388 1203 1445 φέρεσθαι
1235 1389 1393 1446 φοράς,
1430 1392 1503 1449 βίᾳ
1530 1391 1606 1444 μὲν

166 1457 300 1509 κάτω,
331 1456 450 1513 φύσει
482 1456 523 1498 ‹5’
549 1456 656 1499 ἅνω·
692 1455 826 1498 πάντα
856 1456 933 1513 γὰρ
963 1457 1066 1499 κατὰ
1095 1457 1169 1512 τὴν
1195 1457 1412 1515 διάμετρον
1441 1459 1605 1515 φέρεται

163 1525 216 1567 τὰ
244 1528 436 1567 τοιαῦτα·
470 1524 533 1568 διὸ
563 1526 629 1568 καὶ
656 1529 738 1568 τῶν
772 1524 1025 1567 διαθεόντων
1055 1524 1235 1580 ἀστέρων
1263 1523 1476 1580 ἡπλείστη
1509 1525 1605 1579 λοξὴ

165 1594 311 1648 γίνεται
341 1592 465 1650 φορά.
537 1600 601 1636 13.
639 1592 819 1635 Πάντων
850 1592 899 1646 δὴ
930 1592 1089 1635 τούτων
1120 1592 1249 1635 αἴτιον
1280 1590 1335 1640 ὡς
1359 1593 1434 1645 μὲν
1462 1590 1539 1647 ὕλη
1569 1590 1661 1647 ἧ13

167 1730 495 1782 praecipitantur,
527 1729 619 1781 quia
641 1730 925 1781 exprimuntur
945 1730 1046 1769 sicut
1063 1730 1195 1769 nuclei
1215 1744 1237 1768 e
1256 1730 1400 1782 digitis,
1428 1731 1482 1770 ita
1502 1737 1547 1770 ut
1562 1732 1605 1769 in

168 1811 279 1837 mare
299 1804 339 1836 et
355 1798 398 1836 in
416 1804 565 1836 terram
580 1826 595 1844 ‚
625 1803 748 1836 noctu
766 1803 806 1835 et
825 1811 968 1836 sereno
988 1797 1103 1836 coelo
1134 1798 1253 1836 etiam
1273 1797 1451 1837 interdiu
1472 1798 1604 1837 delabi

165 1865 393 1905 videantur.
448 1869 514 1904 10.
541 1867 745 1904 Deorsum
766 1879 868 1904 vero
883 1866 1084 1912 feruntur,
1110 1866 1202 1917 quia
1222 1865 1480 1904 condensatio
1503 1879 1604 1918 quae

165 1947 228 1972 eas
251 1934 480 1986 propulsat,
519 1932 710 1971 deorsum
741 1933 852 1983 iacit,
885 1934 1025 1974 eadem
1052 1934 1102 1972 de
1122 1947 1259 1981 causa,
1288 1940 1460 1986 propter
1486 1947 1604 1985 quam

163 2002 334 2041 fulmina
355 2001 544 2040 deorsum
569 2001 770 2041 feruntur.
828 2002 1023 2041 Omnium
1045 2002 1153 2040 enim
1181 2001 1458 2041 huiuscemodi
1491 2002 1604 2053 origo

163 2083 245 2109 non
267 2076 326 2108 est
344 2069 520 2108 incensio
542 2069 748 2121 quaedam,
767 2069 837 2108 sed
856 2069 1027 2108 secretio
1045 2083 1120 2122 per
1140 2069 1492 2122 compressionem,
1514 2083 1604 2108 cum

163 2138 382 2185 secundum
410 2143 596 2176 naturam
629 2151 750 2176 omne
777 2137 949 2176 calidum
978 2152 1135 2176 sursum
1163 2138 1319 2177 feratur
1355 2151 1516 2177 necesse
1539 2137 1602 2176 sit.

125 2210 127 2213 “
168 2208 231 2244 11.
262 2208 376 2256 Quae
398 2205 519 2256 igitur
539 2206 583 2256 in
602 2205 810 2258 superiore
838 2206 959 2257 magis
986 2207 1076 2245 loco
1095 2206 1329 2254 consistunt,
1359 2206 1451 2245 sicci
1474 2219 1605 2258 vapo-

162 2272 220 2310 ris
240 2272 515 2311 combustione
534 2279 774 2319 nascuntur,
805 2286 906 2323 quae
927 2274 1114 2321 inferius,
1144 2273 1302 2312 humidi
1319 2275 1484 2326 vaporis
1509 2287 1604 2325 pro-

162 2346 255 2392 pter
274 2340 400 2391 frigus
420 2341 687 2379 concretione.
745 2341 825 2379 Hic
844 2342 963 2391 enim,
994 2342 1152 2393 quando
1172 2342 1327 2392 cogitur
1350 2354 1395 2379 ac
1414 2340 1602 2379 deorsum

161 2408 339 2458 inclinat,
372 2407 568 2455 densatus,
603 2407 712 2459 quod
738 2408 910 2447 calidum
939 2415 999 2447 est
1020 2409 1184 2460 depellit
1205 2415 1243 2447 et
1267 2409 1309 2446 in
1333 2409 1467 2449 locum
1497 2407 1603 2446 infe-

162 2489 253 2514 rum
274 2475 481 2514 iaculatur.
542 2478 607 2514 12.
639 2476 787 2514 Fertur
806 2476 941 2528 itaque
969 2482 1039 2514 aut
1060 2490 1217 2515 sursum
1237 2481 1306 2514 aut
1325 2475 1514 2513 deorsum
1534 2482 1604 2514 aut

161 2544 204 2582 in
225 2544 346 2592 latus,
378 2543 471 2594 quia
499 2542 656 2581 duobus
684 2543 814 2582 modis
841 2550 1043 2593 movetur,
1072 2537 1120 2582 νί
1136 2543 1298 2595 quidem
1319 2542 1520 2592 deorsum,
1550 2549 1602 2580 ex'

160 2617 326 2650 naturae
355 2617 494 2650 contra
522 2611 611 2662 lege
637 2623 808 2650 sursum.
867 2611 1016 2650 Omnia
1048 2612 1153 2650 enim
1185 2612 1267 2650 eius
1295 2610 1407 2650 modi
1435 2611 1601 2649 inlatus

160 2680 348 2718 seruntur
359 2707 373 2725 ,
420 2686 540 2730 atque
581 2677 732 2717 idcirco
780 2679 983 2718 stellarum
1024 2679 1384 2718 transcurrentium
1424 2679 1601 2729 vulgaris

159 2753 293 2785 motus
320 2747 505 2799 obliquus
535 2752 606 2785 est.
668 2749 731 2784 13.
765 2746 916 2785 Causae
947 2759 1048 2786 vero
1079 2753 1172 2785 sunt
1198 2747 1378 2786 omnium
1414 2744 1601 2783 huiusce-

159 2814 291 2863 modi,
326 2821 524 2865 tamquam
551 2815 742 2864 materia,
772 2814 1028 2866 evaporatiO,
1056 2820 1243 2866 tanquam
1267 2826 1446 2862 movens,
1472 2813 1599 2871 iuter-

1184 2888 1208 2921 2
