1774 3198
421 337 641 378 LIBRUM
665 335 907 376 PRIMUM.
967 332 1089 374 CAP.
1109 335 1227 375 XIV.
1460 323 1554 397 {177

229 455 269 490 3.
299 452 439 492 Verba
459 447 676 503 ἀναγκαῖον
695 477 804 489 .....
828 447 967 503 φθίνει
989 448 1124 487 omisit
1141 447 1272 500 prima
1291 461 1412 487 manu
1434 448 1479 487 F.
1506 470 1558 478 -—

116 517 278 574 φθίνειν
309 525 369 559 est
402 519 510 559 idem
546 533 585 571 q.
623 515 907 558 ἀλλοιοῦσθαι.
956 519 1030 557 cfr.
1062 517 1294 556 Gataker
1321 517 1372 556 ad
1401 519 1558 557 Marc.

115 587 364 630 Antonin.
383 589 450 637 X,
470 592 510 628 7.
540 602 581 640 p.
593 591 688 627 291.
712 610 768 615 —
796 587 917 625 τοῦτο
947 600 1000 624 sc.
1031 582 1263 639 ἀμφότερον
1291 581 1338 624 τὸ
1368 581 1558 636 ἀκμάζειν

116 655 180 696 καὶ
203 655 381 710 φθίνειν.
423 658 554 696 ταῦτα
572 661 722 709 spectat
749 655 798 693 ad
826 654 1063 706 proximum
1090 654 1192 692 illud
1216 651 1341 704 ’ψύξιν
1367 651 1433 692 καὶ
1456 654 1559 706 θερ-

113 721 290 777 μότητα,
322 731 366 762 ut
389 725 568 776 suppleri
592 724 716 776 possit
735 719 787 762 τὰ
808 718 941 776 πάθη.
982 724 1088 762 Nam
1105 723 1312 774 sequentia
1333 722 1414 760 duo
1435 721 1561 761 verba

115 793 245 832 active
272 793 585 844 interpretanda.
1165 831 1172 840 ,

227 862 266 898 4.
297 857 406 907 αὔξει
426 875 467 900 τε
487 860 554 900 καὶ
571 859 722 914 φθίνει.
762 863 808 901 Ρ.
829 858 883 899 A.
906 862 976 900 Er.
1000 861 1110 900 cam.
1133 861 1179 899 P.
1197 861 1238 899 S.
1255 860 1411 899 Cas.--
1428 855 1560 910 μένειν

114 942 191 981 pro
210 930 433 980 composito
460 927 657 981 διαμένειν
678 931 734 969 N.

231 1001 270 1036 5.
302 995 434 1049 ξηρῶν
454 1011 529 1049 pro
549 995 779 1051 ξηροτέρων
804 998 860 1037 N.
889 1019 945 1026 —-
982 995 1026 1036 ἐκ
1046 993 1233 1050 μεγάλων
1250 993 1403 1049 μέρους
1423 992 1479 1035 Α.
1504 1016 1561 1023 -

116 1065 358 1116 Scripsimus
379 1061 458 1104 ἀνὰ
477 1062 596 1118 λόγον
615 1080 692 1118 pro
710 1067 871 1117 vulgato
893 1062 1104 1118 ἀνάλογον,
1127 1066 1187 1103 uti
1203 1066 1281 1103 iam
1301 1063 1563 1102 commenda-

118 1136 176 1173 vit
204 1135 636 1186 Koenigmannus
667 1134 1011 1185 Geogr.Aristot.
1043 1146 1083 1184 p.
1111 1136 1203 1172 101.
1233 1138 1319 1170 not.
1340 1134 1436 1171 255.
1477 1133 1563 1171 Eo-

115 1202 208 1241 dem
238 1202 359 1241 modo
387 1202 567 1240 correxit
596 1200 950 1241 Schneiderus
981 1202 1145 1239 Hister.
1167 1198 1356 1239 Animal.
1387 1200 1441 1248 ΙΙ,
1466 1203 1507 1246 3,
1534 1203 1562 1239 7

113 1271 305 1309 vitiosum
326 1269 430 1308 illud
451 1265 664 1321 ἀνάλογον,
698 1268 806 1320 quod
824 1269 948 1320 vulgo
966 1269 1044 1320 legi
1063 1268 1230 1307 solebat.
1261 1268 1336 1306 cfr.
1359 1269 1562 1308 Tom.HI.

112 1352 152 1390 p.
179 1340 243 1376 82.
284 1337 426 1389 Neque
447 1337 563 1375 aliter
583 1337 839 1375 scribendum
861 1338 931 1383 ΙΙΙ,
957 1339 1020 1386 10,
1046 1339 1083 1382 1,
1113 1337 1183 1375 ubi
1212 1336 1562 1394 Schneiderus

111 1407 194 1445 τῶν
210 1401 420 1456 ἀναλόγων
441 1406 622 1458 protulit.
649 1406 734 1444 Csr.
759 1405 935 1457 denique
953 1408 1022 1454 HI,
1039 1410 1102 1452 11,
1118 1410 1157 1444 3.
1179 1419 1220 1458 p.
1235 1406 1329 1444 116.
1356 1407 1426 1453 ΠΙ,
1442 1407 1506 1453 12,
1523 1409 1560 1443 1.

112 1487 152 1526 p.
178 1477 272 1513 117.
331 1474 391 1512 Ita
410 1473 528 1511 etiam
551 1473 833 1524 corrigendum
856 1474 964 1526 apud
981 1472 1407 1525 Theophrastum
1431 1473 1563 1524 pluri-

113 1543 188 1580 bus
203 1541 316 1580 locis.
358 1541 557 1591 Quamvis
576 1541 1022 1593 Wyttenbachius
1050 1541 1102 1579 ad
1123 1541 1321 1579 Platon.
1340 1540 1561 1579 Phaedon.

115 1624 155 1661 p.
179 1613 259 1648 110
281 1609 334 1646 D.
366 1604 566 1661 ἀνάλογον
594 1623 670 1660 pro
697 1604 775 1648 ἀνὰ
797 1604 918 1661 λόγον
945 1610 1120 1661 positum
1141 1622 1226 1647 esse
1247 1614 1416 1656 censeat,
1446 1609 1563 1647 sicuti

114 1677 234 1715 etiam
254 1672 458 1726 ἀνάμεσον
477 1690 554 1728 pro
573 1673 653 1715 ἀνὰ
670 1673 819 1727 μέσονε
848 1690 1078 1730 perperam,
1099 1683 1289 1716 monente
1307 1677 1387 1716 iam
1405 1677 1563 1716 editore

114 1743 328 1797 Lipsiensi.

229 1815 270 1851 6.
299 1812 382 1850 Pro
408 1808 671 1864 ἕξωθουμένη
703 1814 1061 1874 Koenigmann
1088 1815 1115 1852 l.
1134 1815 1160 1854 l.
1190 1828 1230 1866 p.
1256 1816 1350 1852 102.
1379 1814 1561 1853 not.256

113 1878 327 1931 legendum
362 1893 447 1918 esse
481 1881 636 1918 censuit
673 1878 953 1934 ε’ξογκουμὲνη.
1021 1882 1182 1922 Deinde
1211 1881 1390 1921 scribere
1429 1882 1563 1921 voluit

114 1942 359 1996 ἐπλεόναζεν,
381 1943 557 1986 ἀπιοῦσα
579 1945 708 2001 ξηρὰν
727 1954 854 1989 ποιεῖν
873 1947 1112 2002 ἀναγκαίως.
1143 1946 1248 1991 ὅπου
1270 1978 1282 1989 .
1294 1980 1304 1990 .
1318 1977 1330 1990 .
1343 1980 1353 1990 .
1369 1942 1561 2003 λιμνάζει.

114 2029 231 2067 quam
252 2015 589 2062 emendationem,
608 2023 653 2054 ut
671 2017 786 2056 nobis
807 2018 984 2064 videtur,
1005 2020 1268 2059 certissimam
1285 2020 1561 2072 recipiendam

114 2083 307 2121 ducimus.
327 2080 568 2123 ἐπλεόνασεν
588 2085 640 2123 Η.
661 2085 715 2123 N.
745 2080 1081 2137 ὖπερεπλεόναζεν
1109 2089 1205 2139 legit
1231 2090 1345 2140 Bag.
1375 2089 1444 2140 qui
1467 2089 1562 2127 alias

114 2163 199 2188 non
225 2151 437 2189 formasset
465 2153 732 2204 compositum
761 2153 1137 2207 superabundavit.
1176 2177 1230 2202 -,
1277 2153 1478 2195 ἀπιοῦσαν
1510 2157 1563 2195 N.

118 2241 167 2245 —-
201 2214 450 2268 πληθύουσα
479 2233 557 2270 pro
586 2217 860 2272 πληθύνουσα
893 2223 939 2260 F.
969 2224 1020 2261 H.
1044 2224 1098 2261 N.
1138 2237 1309 2275 prorsus
1336 2224 1470 2262 omisit
1495 2238 1560 2276 pr.

116 2299 238 2323 manu
259 2286 306 2323 E.
328 2279 623 2336 πλήθουσαΑ.
650 2289 714 2326 Er.
734 2309 789 2316 -
819 2284 997 2340 λιμνάζει
1016 2292 1064 2330 F.
1112 2293 1206 2342 Qua
1222 2293 1395 2330 lectione
1412 2293 1563 2345 proba·-

115 2359 184 2391 tur
212 2352 594 2404 Koenigmanni
628 2356 870 2395 emendatio,

230 2421 269 2459 7,
298 2415 372 2471 τήν
390 2427 484 2459 ante
504 2418 680 2475 φυσικήν
699 2425 891 2463 omittunt
911 2426 965 2464 H.
986 2426 1040 2464 N.
1077 2421 1152 2477 τὴν
1183 2422 1360 2479 φυσικήν
1387 2426 1502 2466 deest
1519 2427 1563 2466 in

115 2489 166 2528 A.
186 2490 257 2528 Er.
285 2510 340 2518 —-
381 2487 471 2541 περὶ
502 2486 578 2541 τὴν
606 2492 679 2542 γῆν
708 2494 754 2531 F.
776 2493 828 2531 H.
848 2493 902 2531 N.
927 2495 976 2531 A.
1001 2491 1110 2533 Cam.
1141 2516 1197 2522 -
1236 2496 1479 2547 προαγωγῆς
1505 2496 1561 2534 N.

116 2552 218 2607 πρός
236 2563 276 2595 et
299 2553 378 2608 πρό
402 2571 694 2609 saepenumero
722 2561 896 2599 confusa.
929 2562 1003 2600 cfr.
1025 2564 1160 2601 Bast.
1182 2563 1365 2612 Epistol.
1386 2565 1480 2601 crit.
1503 2563 1566 2601 ad

117 2624 378 2663 Boisonnad.
399 2639 439 2676 p.
456 2628 549 2665 175.
582 2628 656 2665 cfr.
676 2628 727 2665 ad
745 2628 777 2677 1,
801 2632 863 2677 13,
885 2633 954 2668 23.
970 2651 1024 2658 —
1057 2629 1127 2669 καί
1143 2637 1235 2668 ante
1254 2630 1382 2668 verba
1402 2627 1443 2668 ἓν
1459 2626 1563 2683 χρό-

118 2705 203 2737 νοις
227 2694 377 2731 omittit
394 2694 440 2732 E.
469 2716 525 2722 —
550 2691 694 2746 χρόνοι
725 2692 954 2748 παμμήκεις
986 2694 1088 2751 πρὸς
1116 2695 1189 2750 τὴν
1217 2694 1415 2750 ἡμετέραν
1446 2694 1562 2750 ζωήν.

118 2765 256 2798 verte:
286 2774 376 2799 cum
396 2763 514 2799 vitae
535 2770 704 2801 nostrae
723 2762 988 2816 longitudine
1007 2775 1273 2818 comparata.
1305 2767 1380 2808 cfr.
1401 2768 1563 2807 Hero-

119 2825 222 2865 dot.
255 2829 319 2874 II,
348 2832 425 2869 35:
464 2826 560 2883 ἔργα
591 2827 714 2883 λόγου
741 2831 865 2882 μείζω
897 2828 1000 2887 πρὸς
1027 2836 1163 2875 πᾶσαν
1190 2831 1342 2889 χώρην.
1384 2836 1454 2886 111,
1484 2838 1559 2875 94:
