1774 3198
261 309 358 353 414
477 320 917 360 COMMENTARIUS
945 323 1003 361 IN
1032 322 1433 364 METEOROLOG.

261 431 371 478 teles,
398 436 443 467 ut
462 442 508 466 eo
527 429 677 467 facilius
702 443 746 466 ea
766 436 896 480 posset
915 431 1100 469 refellere
1120 437 1159 469 et
1178 433 1235 470 uti
1251 433 1310 481 iis,
1340 447 1438 484 quae
1457 435 1556 474 bene
1575 437 1655 475 dis-

260 497 482 533 seruissent.
533 495 605 531 cfr.
641 495 820 532 Euseb.
856 496 1060 545 Praepar.
1084 498 1286 548 Evangel.
1314 501 1412 549 XV,
1433 503 1471 537 6.
1502 514 1539 551 p.
1563 505 1655 540 802.

260 560 506 611 Porphyr.
534 561 610 596 vit.
628 560 811 611 Pythag.
841 575 880 611 p.
892 564 984 601 205.
1043 564 1153 612 Quae
1177 565 1328 612 iniusta,
1350 571 1395 603 ut
1414 566 1525 604 nobis
1543 566 1659 604 vide-

259 632 325 663 tur
343 626 548 674 accusatio,
560 626 619 663 uti
639 627 754 663 etiam
773 628 856 664 aliis
875 629 952 665 iam
970 629 1064 666 locis
1083 629 1294 678 docuimus,
1308 645 1358 668 ex
1374 632 1493 683 ipsius
1502 629 1660 670 Aristo-

258 692 347 729 telis
368 693 521 743 scriptis
541 692 651 730 reiici
668 698 810 743 potest.
856 695 1068 745 Nunquam
1085 696 1199 743 enim,
1229 698 1261 734 si
1280 698 1369 734 talia
1387 697 1478 734 alias
1494 698 1658 745 fecisset,

259 758 466 796 Eth.Nic.
486 760 546 807 X,
571 762 621 796 10
641 760 877 808 scripsisset:
906 761 1063 812 πρῶτον
1089 758 1162 810 μὲν
1189 754 1258 799 οὗν
1289 759 1328 800 εἴ
1348 777 1386 800 τι
1413 760 1513 801 κατὰ
1539 760 1660 815 με’ρος

258 822 409 877 εἴρηται
428 825 558 870 καλῶς
573 819 649 863 ὑπὸ
668 827 748 864 τῶν
765 823 1091 878 προγενεστέρων,
1116 828 1369 878 πειραθῶμεν
1389 826 1580 875 ἐπελθεῖν,
1597 829 1661 867 cui

257 892 393 942 plures
409 891 548 929 similis
567 892 784 942 argumenti
802 893 878 930 loci
897 892 1054 943 adiungi
1064 900 1226 944 possunt
1241 907 1322 934 v.c.
1334 894 1382 932 de
1396 896 1561 942 anim-I,
1573 896 1659 942 251.

261 959 373 1007 Quae
393 958 590 1009 quomodo
610 972 651 1006 se
668 957 858 1007 habeant,
887 958 930 996 id
949 965 1102 996 certum
1121 972 1203 996 esse
1222 959 1334 998 nobis
1352 960 1532 1006 videtur,
1558 960 1661 998 utri-

257 1038 383 1074 usque
404 1023 632 1075 philosophi
650 1021 908 1075 Anaxagorae
928 1031 966 1062 et
982 1025 1202 1063 Democriti
1230 1026 1437 1064 sententias
1461 1024 1503 1063 h.
1527 1026 1553 1063 l.
1580 1038 1662 1063 esse

259 1092 450 1128 confusas.
506 1093 552 1130 In
587 1090 805 1127 Democriti
839 1091 1025 1140 opinione
1058 1091 1288 1140 exponenda
1316 1105 1405 1130 cum
1435 1091 1659 1129 Stobaeo

258 1156 805 1194 consentiuntMacrobius
827 1157 962 1194 Somn.
979 1157 1089 1205 Scip.
1104 1159 1134 1204 Ι,
1149 1159 1224 1205 15.,
1254 1158 1424 1195 Manil.
1443 1159 1563 1206 1‚753
1575 1170 1658 1208 sqq.

258 1236 378 1274 supra
403 1222 515 1260 nobis
541 1222 695 1260 laudati.
760 1221 878 1260 Adde
908 1218 1100 1259 Achill.
1131 1223 1237 1260 Tat.
1266 1226 1412 1273 Isagog.
1444 1223 1487 1260 in
1514 1219 1659 1260 Arat.

261 1280 485 1326 Phaenom.
514 1301 548 1325 c.
568 1290 635 1327 24.
665 1301 706 1338 p.
729 1290 804 1325 862
843 1283 956 1326 ἄλλοι
985 1284 1028 1325 δὲ
1056 1284 1099 1326 ἔκ
1125 1289 1276 1341 μικρῶν
1303 1285 1407 1326 πάνυ
1444 1286 1508 1326 καὶ
1535 1302 1661 1326 πεπυ-

258 1351 468 1404 κνωμένων
507 1352 569 1391 καὶ
604 1349 698 1404 ἡμῖν
737 1350 960 1392 δοκούντων
996 1348 1181 1404 ἡνῶσθαι
1220 1351 1286 1392 διὰ
1313 1351 1359 1392 τὸ
1389 1350 1590 1405 διάστημα
1613 1351 1660 1392 τὸ

259 1417 337 1458 ἀπο
367 1421 439 1459 τοῦ
469 1416 640 1471 οὐρανοῦ
669 1417 732 1457 ε’πὶ
758 1416 832 1470 τὴν
855 1421 928 1471 γῆν
952 1415 1128 1472 ἀστέρων
1159 1415 1291 1458 αὐτῶν
1318 1415 1418 1458 εἶναί
1443 1433 1577 1472 φασιν,
1609 1415 1662 1465 ὥς

259 1483 300 1525 εἶ’
320 1499 381 1532 τις
407 1481 498 1524 ἁλσὶ
528 1487 685 1531 λεπτοῖς
711 1499 753 1524 τε
781 1483 845 1524 καὶ
874 1486 1036 1531 πολλοῖς
1064 1481 1304 1523 καταπάσειέ
1327 1499 1378 1524 τι.
1408 1509 1463 1516 -
1496 1488 1574 1525 Pro
1593 1501 1662 1525 πε-

261 1554 443 1605 ριορᾶται
470 1554 516 1590 Ρ.
536 1554 576 1590 8.
598 1553 684 1591 Cas.
715 1553 781 1602 qui
807 1552 848 1589 in
871 1552 1047 1602 margine
1077 1552 1276 1602 vulgatam
1297 1551 1521 1599 adnotavit,
1548 1564 1663 1601 prae-

258 1620 354 1657 bent
375 1619 545 1669 simplex
575 1613 736 1670 ὃρᾶται,
768 1618 875 1668 quod
894 1624 933 1656 et
951 1621 1043 1669 Bag.
1070 1618 1184 1668 legit,
1213 1623 1392 1655 vertens:
1421 1618 1664 1667 adspiciun-

261 1693 339 1723 tur.
351 1707 404 1715 —
426 1681 682 1737 ἀντιφράττει
697 1690 828 1723 verte:
847 1685 902 1721 im
918 1684 985 1722 W
979 1697 1052 1734 ege
1068 1683 1220 1721 stehen.
1238 1685 1310 1722 cfr.
1326 1682 1399 1722 Th
1410 1697 1464 1721 eo
1475 1683 1661 1733 phrast.

261 1752 310 1789 de
329 1753 421 1802 igne
443 1752 477 1801 §.
491 1751 556 1790 49.
577 1762 618 1799 p.
630 1754 731 1789 722:
761 1744 846 1789 οἷον
865 1747 940 1802 γὰρ
961 1746 1215 1802 ἀντιφράττει
1243 1748 1308 1788 καὶ
1336 1746 1477 1789 κωλύει
1509 1749 1664 1801 διατμί-

261 1815 336 1864 ζειν
363 1814 439 1863 ἔξω
464 1813 511 1855 τὸ
539 1813 708 1867 θερμόν.
736 1839 791 1845 —-
829 1816 1027 1865 Deinceps
1044 1811 1237 1854 τοιούτων
1255 1827 1330 1865 pro
1348 1813 1502 1855 τούτων
1521 1817 1566 1854 P.
1577 1818 1663 1855 Cas.

260 1890 299 1921 et
326 1878 428 1921 εἶναί
446 1893 568 1935 φασιν
595 1883 754 1920 inverso
774 1881 914 1920 ordine
935 1883 982 1919 F.
1000 1882 1052 1918 H.
1073 1882 1127 1919 N.

373 1951 411 1987 5.
451 1947 632 2001 φαίνεται
659 1944 735 2000 γὰρ
763 1945 885 1999 με’γας
912 1943 1055 1992 κύκλος
1088 1948 1135 1985 Ε.
1176 1943 1359 1998 μέγιστος
1392 1942 1489 1985 εἶναι
1521 1944 1665 1993 κύκλος

260 2014 312 2055 Α.
333 2018 403 2054 Er.
424 2018 572 2066 cthag.
609 2016 816 2052 maximus
846 2027 927 2050 esse
955 2013 1143 2050 circulus.
1201 2013 1363 2064 Olymp.
1399 2011 1581 2064 μέγιστος
1609 2009 1664 2051 ὢν

261 2078 417 2128 κύκλος.
448 2078 498 2119 G.
517 2082 734 2130 suspicatur
754 2077 884 2130 μένων
906 2075 965 2117 ἀεὶ
985 2073 1005 2118 ὅ
1025 2075 1169 2124 κύκλος
1185 2079 1346 2117 minime
1363 2079 1510 2129 inepte.
1539 2079 1666 2118 Dein-

261 2161 352 2198 ceps
383 2144 449 2186 διὰ
476 2143 522 2186 τὸ
550 2143 605 2197 μὴ
635 2144 677 2184 ἐν
703 2143 837 2199 ταύτῷ
863 2143 990 2196 μένειν
1018 2142 1088 2184 τὸν
1117 2141 1229 2196 ἣλιον
1256 2142 1367 2199 τόπῳ
1394 2145 1447 2183 Η.
1472 2145 1525 2183 N.
1556 2145 1663 2183 Cam.

262 2221 303 2253 et
321 2216 363 2252 in
382 2226 504 2265 marg.
526 2215 613 2253 Cas.
637 2212 744 2264 quod
766 2212 926 2250 minime
945 2211 1218 2250 necessarium.

374 2285 412 2319 6.
450 2281 547 2318 Post
571 2279 696 2319 verba
725 2277 759 2317 εἰ
786 2274 969 2330 καθάπερ
1000 2275 1194 2316 δείκνυται
1221 2279 1268 2316 F.
1286 2277 1338 2315 N.
1368 2277 1476 2316 Cam.
1516 2264 1694 2314 addunt'

262 2349 344 2395 νῦν,
377 2347 485 2398 quod
508 2346 618 2385 uncis
636 2346 878 2383 incluserunt
902 2346 946 2382 P.
969 2345 1054 2382 Cas.
1083 2364 1138 2371 —
1174 2345 1291 2381 Solus
1316 2344 1368 2382 N.
1398 2340 1440 2381 ἓν
1466 2344 1550 2386 τοῖς
1577 2340 1665 2391 περὶ

262 2411 537 2466 ἀστρολογίας.
592 2415 656 2450 De
677 2412 760 2450 sole
781 2417 885 2448 terra
910 2411 1062 2448 maiore
1085 2411 1157 2449 cfr.
1182 2422 1281 2461 quae
1302 2421 1419 2458 supra
1443 2408 1665 2445 monuimus

263 2480 312 2518 ad
336 2483 366 2526 I,
387 2484 424 2527 3,
449 2483 487 2518 2.
544 2481 576 2518 F
579 2479 663 2516 ixas
681 2478 811 2516 stellas
835 2477 989 2527 longius
1017 2490 1100 2514 esse
1121 2482 1292 2515 remotas
1320 2488 1363 2512 ac
1387 2474 1509 2511 solem
1533 2473 1666 2511 docuit

263 2545 311 2584 de
331 2546 445 2583 caelo
471 2548 528 2594 Π,
554 2548 591 2583 8.
623 2556 662 2594 p.
686 2547 777 2591 290,
797 2555 837 2580 a:
867 2539 904 2581 οἳ
930 2540 1004 2592 μὲν
1032 2539 1107 2594 γὰρ
1133 2539 1327 2592 πλάνητες
1353 2537 1537 2591 (quibus,
1557 2540 1666 2591 quod

264 2625 316 2649 ex
333 2611 562 2662 antegressis
579 2616 709 2660 patet,
740 2610 867 2648 solem
882 2605 1128 2658 adnumerat)
1155 2603 1267 2660 ἐγγύς
1285 2604 1394 2652 εἰσιν,
1416 2600 1505 2643 ὥστ’
1526 2602 1665 2657 ἐγκρα-

263 2674 336 2727 τὴς
371 2670 472 2716 υἷι-σα
509 2673 611 2730 πρὸς
640 2672 787 2721 αὖτοὺς
815 2671 1034 2728 ἀφικνεῖται
1061 2669 1086 2725 ἡ
1117 2669 1233 2723 ὄψις·
1279 2665 1378 2722 πρὸς
1405 2668 1449 2709 δὲ
1474 2666 1569 2716 τοὺς
1594 2668 1666 2721 με’-

264 2755 406 2787 νοντας
437 2741 688 2795 κραδαίνεται
724 2739 791 2780 διὰ
824 2737 871 2780 ‘cd
900 2741 1048 2791 μῆκος,
1088 2734 1365 2787 ἀποτεινομένη
1395 2733 1533 2790 πόρρω
1562 2735 1663 2775 λίαν.
