1774 3198
273 362 366 405 442
487 370 929 410 COMMENTARIUS
957 373 1018 411 IN
1044 374 1443 415 METEOROLOG.

269 481 497 518 auctoritate
520 479 705 518 destituti.
735 501 787 509 --
816 483 916 520 Mox
931 479 1098 521 θάττων
1115 476 1142 536 ᾗ
1160 479 1185 534 ἦ
1206 485 1324 535 πῆξις·
1342 488 1389 524 Ε.
1402 515 1413 535 ,
1444 487 1572 526 minua
1594 502 1666 527 ex·-

269 548 423 597 quisite‚·
449 559 524 595 qua
542 545 592 582 de
613 558 659 582 re
680 559 795 596 supra
817 549 1020 587 monitum.

378 612 440 649 14.
481 609 522 648 ἐν
549 610 696 663 τοσῳὸὶ
726 610 859 666 χρόνῳ
895 615 945 652 A.
972 616 1041 653 Er.
1069 617 1175 655 Cam.
1204 623 1248 654 ut
1275 631 1393 669 supra
1422 620 1462 665 1,-
1494 622 1540 667 3,
1567 623 1592 658 9
1620 618 1669 658 τὸ

240 732 242 735 r
266 675 425 715 τοσονδὶ
461 675 525 714 καὶ
551 674 692 728 μικρὸν
719 674 839 731 ὕδωρ.
903 681 1077 730 Positum
1105 689 1165 720 est
1191 697 1265 734 pro
1296 682 1335 721 ἐν
1363 683 1514 738 τοσῷδε
1541 683 1666 735 μόνον

262 739 394 795 χρόνῳ
433 744 680 790 „tantillo
717 747 967 796 temporis
1005 750 1229 798 spati0“‚
1273 757 1316 788 ut
1346 751 1438 788 alibi
1474 751 1666 790 τοσοῦτον

262 823 338 860 pro
366 810 557 846 τοσοῦτον
583 806 720 859 μόνον.
777 812 848 849 cfr.
879 813 1012 862 Viger.
1051 827 1092 864 p.
1126 819 1216 853 153.
1256 817 1467 855 Lobeck
1495 818 1544 855 ad
1574 819 1666 855 So-

263 876 426 927 phocl.
455 875 579 913 Alae.
608 890 647 926 p.
679 877 773 915 334.
816 901 864 906 -—
915 875 959 917 ὄν
987 887 1079 930 post
1104 879 1303 932 μετέωρον
1331 884 1514 921 omittunt
1543 886 1588 922 F.
1613 884 1664 921 H.

262 949 307 980 ut
332 955 448 993 supra
477 943 510 991 ξ.
534 946 573 980 2.
608 964 657 968 -
698 944 925 982 Articulum
952 954 1043 984 ante
1071 947 1183 997 πῆξις
1213 949 1357 986 omittit
1376 951 1417 987 E.
1444 949 1586 987 iniuria
1613 970 1662 974 —-

261 1009 406 1059 γίνεται
434 1022 506 1059 pro
532 1006 683 1059 γίνηται
712 1011 818 1060 quod
848 1024 907 1061 pr.
939 1013 990 1050 H.
1018 1013 1061 1050 Ρ.
1102 1015 1289 1064 praebent
1323 1015 1451 1052 infimi
1479 1021 1536 1052 est
1563 1015 1663 1053 aevi.

262 1076 366 1112 Vide
396 1088 493 1124 quae
524 1076 677 1112 monuit
705 1076 1006 1127 Bernhardy
1033 1079 1082 1116 ad
1112 1081 1323 1131 Dionys.
1357 1094 1394 1131 p.
1423 1084 1498 1119 851
1529 1087 1664 1118 contra

260 1141 595 1178 Friedemann
625 1142 673 1178 de
694 1143 797 1179 med.
813 1151 1060 1192 pentametr.
1081 1147 1236 1195 syllaba
1256 1161 1298 1198 p.
1312 1151 1391 1186 296
1406 1161 1457 1198 sq.
1473 1168 1522 1172 —
1552 1162 1576 1198 η
1594 1160 1666 1197 της

259 1221 334 1258 pro
363 1208 435 1257 τῆς
460 1209 508 1245 Ε.

371 1277 435 1312 15.
466 1275 545 1311 Pro
569 1271 773 1326 ἐγγύτερον
800 1276 906 1314 Cam.
926 1264 992 1327 ff
1014 1278 1098 1315 Cas.
1122 1279 1311 1328 praebent
1329 1277 1527 1330 ἐγγυτέρω,
1558 1279 1665 1329 quod

258 1340 420 1378 minime
449 1341 721 1388 necessarium.
780 1342 861 1380 cfr.
889 1343 939 1379 ad
967 1340 1076 1391 123,
1100 1347 1163 1383 10.

371 1410 434 1444 16.
473 1403 558 1457 ἀέρι
587 1420 661 1457 pro
690 1403 774 1459 ἔαρι
803 1409 849 1446 Ε.
879 1416 923 1447 ut
941 1423 1058 1459 supra
1086 1411 1118 1459 §.
1142 1414 1179 1448 1.

369 1476 434 1511 17.
467 1469 512 1510 δέ
530 1487 568 1511 τι
595 1487 670 1524 pro
699 1470 740 1511 δ’
766 1471 820 1512 ἔτι
849 1477 900 1514 Η.
921 1476 973 1513 Ν.
995 1477 1045 1514 A.
1063 1477 1132 1515 Er.
1155 1477 1263 1514 Cam.
1292 1482 1337 1514 ut
1360 1478 1400 1526 §J
1416 1480 1479 1516 13.
1508 1499 1561 1507 —-·
1589 1491 1662 1515 τα-

252 1536 408 1590 χύτητα
438 1541 491 1577 Ν.
522 1559 577 1566 -
603 1539 1020 1592 προτεθερμαίνεσθαι
1047 1543 1099 1581 Α.
1121 1543 1188 1580 Er.

372 1610 435 1644 18.
476 1603 553 1644 διὸ
588 1635 596 1644 .
615 1636 623 1646 .
649 1635 660 1644 .
684 1636 694 1646 .
710 1635 720 1645 .
749 1609 963 1659 πρῶτον.
1021 1609 1110 1658 Qua
1127 1608 1176 1645 de
1195 1622 1240 1657 re
1258 1610 1374 1660 longe
1397 1610 1511 1647 aliter
1534 1610 1664 1660 expli-

256 1673 390 1720 canda,
407 1674 595 1711 nimirum
617 1687 737 1724 aquae
757 1674 894 1711 citiore
915 1675 1194 1724 evaporatione
1213 1675 1254 1712 in
1271 1676 1364 1722 sole,
1383 1689 1496 1726 quam
1515 1676 1557 1713 in
1574 1689 1663 1713 um-

254 1742 327 1779 bra
355 1742 425 1778 cfr.
445 1740 614 1778 Galen.
636 1741 858 1779 Commeat.
879 1742 939 1778 ad
953 1738 1044 1777 libr.
1070 1741 1144 1779 VI.
1164 1742 1443 1790 Epidemicor.
1459 1743 1661 1791 Hippocr.

257 1808 407 1857 Gomm.
435 1806 459 1843 4
479 1813 521 1844 et
540 1810 563 1844 6
594 1820 634 1857 p.
656 1806 735 1844 469
759 1819 813 1856 sq.
843 1813 884 1844 et
902 1820 999 1857 quae
1019 1813 1112 1857 post
1131 1807 1500 1845 Beckmannum
1530 1809 1663 1846 Beitr.

255 1886 328 1910 zur
349 1872 491 1910 Geso-h.
514 1872 583 1909 der
604 1872 849 1925 Effindung.
882 1874 974 1911 Vol.
997 1874 1069 1911 IV.
1099 1886 1134 1923 p.
1162 1876 1238 1911 167
1259 1886 1342 1923 sqq.
1373 1874 1593 1911 monuimus
1621 1873 1662 1910 in

254 1938 470 1976 Meteorol.
499 1945 578 1975 vet.
611 1938 756 1975 Graec.
790 1946 828 1975 et
857 1939 1036 1976 Roman.
1076 1940 1145 1985 IV,
1179 1938 1241 1976 14.
1281 1952 1323 1988 p.
1355 1942 1405 1976 93
1432 1952 1486 1989 sq.
1545 1938 1661 1975 Adde

255 2003 544 2042 Schneider
571 2003 851 2054 Eclog.phy8.
883 2006 1000 2042 Tom.
1018 2007 1049 2043 Ι.
1078 2017 1119 2054 Ρ.
1144 2007 1226 2041 262
1248 2017 1332 2054 sqq.
1362 2007 1411 2043 H.
1442 2017 1480 2054 p.
1505 2003 1580 2041 148
1600 2017 1657 2054 sq.

253 2093 309 2100 -
335 2067 491 2122 θερμόν
521 2083 595 2121 pro
623 2066 733 2121 ὕδωρ
761 2071 812 2108 H.
837 2071 890 2108 N.
914 2077 953 2108 et
970 2071 1100 2122 prima
1119 2084 1237 2108 manu
1255 2072 1301 2108 F.
1333 2066 1378 2108 τὸ
1400 2065 1510 2121 ὕδωρ
1531 2069 1662 2106 omisit

255 2138 304 2175 A.
338 2161 387 2166 —
429 2134 620 2189 οἱπερὶ
658 2132 748 2174 τὸν
772 2133 979 2175 Πόντον
1011 2166 1020 2175 .
1046 2165 1056 2176 .
1079 2166 1089 2175 ,
1131 2138 1231 2174 Cum
1251 2136 1477 2174 narratione
1494 2136 1561 2173 illa
1589 2135 1660 2172 cfr.

253 2202 608 2243 Plutarcheam
639 2201 856 2255 (deprimo
869 2203 1040 2253 frigido
1069 2217 1103 2241 c.
1127 2207 1190 2241 12.
1219 2203 1418 2241 Tom.IV.
1443 2200 1573 2252 p.846
1599 2200 1659 2237 ed.

253 2267 503 2322 Wyttenb.):
544 2265 642 2308 ὅθεν
670 2266 709 2307 οἷ
734 2265 937 2322 βάρβαροι
977 2268 1226 2319 διαβαίνουσι
1262 2267 1355 2321 πεζῇ
1394 2263 1661 2319 προβαλόντες

254 2333 472 2382 ἀλώπεκας.
516 2332 565 2374 ἂν
592 2333 667 2388 γὰρ
697 2334 754 2386 μὴ
783 2333 907 2382 πολὺς
945 2333 1037 2374 ἀλλ’
1073 2332 1302 2380 ἐπιπόλαιος
1332 2329 1499 2386 ὃπάγος
1520 2325 1567 2385 ᾖ,
1597 2330 1660 2370 αι’-

253 2398 500 2453 σθανόμεναι
522 2404 579 2456 τῷ
596 2398 721 2456 ψόφῳ
751 2404 822 2440 τοῦ
851 2397 1117 2455 ὑπορρέοντος
1142 2399 1471 2454 ἀναστρέφουσιν.
1505 2396 1596 2436 ἔνιοι
1614 2394 1658 2434 δὲ

253 2468 318 2507 καὶ
351 2466 593 2520 θηρεύουσιν
623 2468 761 2518 ἰχθῦς,
809 2465 926 2507 ὕδατι
961 2470 1103 2522 θερμῷ
1132 2470 1203 2507 τοῦ
1232 2464 1360 2520 πάγου
1391 2460 1659 2516 παραλύονΐές

253 2534 317 2573 καὶ
342 2537 562 2585 χαλῶντες,
591 2531 681 2574 τότε
709 2532 781 2586 τὴν
810 2530 955 2587 ὁρμιὰν
985 2532 1221 2584 δεξαμένων,
1248 2546 1363 2584 quem
1384 2538 1513 2568 tamen
1534 2542 1656 2579 aquae

253 2602 399 2639 calidae
417 2615 529 2639 usum
549 2602 664 2652 longe
684 2615 766 2639 esse
787 2603 905 2639 alium
932 2615 1046 2651 quam
1067 2614 1183 2651 quem
1203 2600 1482 2636 commemorat
1502 2595 1657 2631 Aristo-

253 2668 349 2704 teles
370 2681 487 2705 nemo
511 2681 592 2705 non
612 2668 734 2706 videt.
767 2668 851 2705 Alia
872 2667 921 2704 de
939 2668 1101 2715 piscium
1122 2665 1328 2704 venatione
1344 2663 1384 2699 in
1404 2661 1519 2699 Ponti
1536 2660 1656 2710 glacie

251 2732 376 2770 refert
406 2733 795 2784 Theophrastus
823 2734 872 2770 de
884 2734 995 2782 pise.
1018 2734 1064 2769 in
1079 2733 1188 2768 sicco
1208 2731 1361 2780 degent.
1382 2733 1413 2775 §.
1432 2730 1471 2765 8.
1502 2740 1540 2777 p.
1562 2729 1654 2765 828.

252 2817 306 2824 -
334 2795 555 2847 περιέχουσι
586 2808 662 2849 pro
689 2795 911 2850 περιχέουσι
940 2799 984 2836 Ρ.
1015 2819 1064 2825 -
1094 2793 1329 2846 πήγνωσθαι
1358 2792 1469 2832 Cam.
1502 2816 1550 2822 -
1579 2806 1654 2843 μο-
