1774 3198
307 350 402 393 654
614 358 886 409 ADDENDA
915 357 988 395 ΕΤ
1017 356 1391 396 GORRIGENDA.

394 465 433 500 τὸ
457 463 610 508 α’ρκτῷον
635 464 756 507 κλίμα.
793 462 828 498 οἱ
848 465 887 499 δὲ
910 466 1045 508 φυσικοί
1067 477 1193 508 φασιν,
1226 462 1272 498 ὥς
1293 466 1515 500 συνίστανται
1536 463 1572 500 οἱ
1591 466 1696 509 κομῆ-

393 533 454 555 ται
489 520 526 553 ἐν
554 521 629 554 τοῖς
658 516 725 553 ὕπὸ
752 519 898 563 σελήνην
926 517 1066 554 κόλποις
1090 517 1247 562 οἰστρώδη
1270 517 1351 554 τινὰ
1376 518 1480 564 φύσιν
1502 518 1699 554 ἐπιδεικνύ-

391 583 510 618 μενοι·
547 570 588 608 οὗ
617 573 687 618 γάρ
710 571 797 609 εἶσιν
824 572 981 619 οἷσι-ἔρις,
1013 570 1107 609 ἆλλοὲ
1139 571 1362 620 θρομβώσεις
1385 576 1475 610 τινὲς
1503 574 1539 615 ἐξ
1564 571 1701 609 ἀναθυ-

392 629 543 674 μιάσεως
563 627 622 673 τῆς
646 627 707 674 γῆς
730 627 1026 673 ἁποτελοέμεναι,
1062 624 1110 663 ὧν
1132 627 1155 672 ἦ
1182 631 1311 675 γένεσις
1341 629 1410 672 μέν
1441 629 1477 671 ἐξ
1504 626 1603 675 οἴέρος
1637 628 1702 663 τοῦ

392 684 483 719 κατὰ
510 682 664 728 συναφὴν
688 683 1096 730 ἐγκαταλαμβανομένου
1116 683 1166 728 τῷ
1189 681 1322 728 αἰθέρι.
1369 685 1502 731 Quibus
1523 685 1559 718 in
1584 685 1701 719 verbis

392 741 527 776 leviora
549 741 716 785 quaedam
738 741 863 773 menda
886 740 1096 774 sustulimus.

304 799 430 833 P.383.
452 798 477 830 l.
498 799 553 830 22.
578 814 623 820 -
647 797 740 842 Lege
763 797 827 830 Ex
849 795 1009 831 verbis
1035 806 1099 839 pro
1122 797 1169 829 In
1190 796 1361 830 verbis.

305 875 322 880 -
343 852 421 887 384.
450 872 469 878 -
493 854 547 885 10.
571 871 615 877 --
637 852 739 886 Adde
764 851 941 895 Philop.
965 852 1007 884 ad
1029 851 1213 885 Aristot.
1242 852 1339 893 Phys.
1362 863 1387 884 οι
1409 862 1443 894 p.
1460 852 1501 884 13
1526 849 1702 893 (p.327,b

391 906 574 949 Brandis):
596 904 832 950 Ἱπποκράτης
858 903 951 941 Χῖός
976 917 1027 942 τις
1050 903 1098 939 ὢν
1120 905 1271 949 ἔμπορος
1291 904 1455 952 λῃστρικῇ
1477 906 1541 950 νηῖ·
1557 917 1703 948 περιπε-

391 961 459 997 σών
480 967 539 996 καὶ
555 961 677 996 πάντα
694 960 866 996 ἀπολέσας
888 956 1004 1004 ἦλθεν
1028 957 1199 1003 Ἀθήναζε
1221 959 1444 1006 γραψάμενος
1465 958 1543 995 τούς
1562 960 1703 1007 λῃστάς,

392 1023 452 1053 καὶ
473 1015 582 1052 πολὺν
605 1019 825 1060 παραμένων
844 1015 882 1050 ἔν
899 1012 1065 1060 ,Ἀθήναις
1088 1014 1144 1051 διαὶ
1170 1014 1234 1060 τὴν
1259 1013 1397 1061 γραφῇν
1419 1015 1543 1059 χρόνον
1564 1014 1703 1058 ἐφοίτη-

394 1085 451 1108 σεν
474 1070 521 1108 εἷς
551 1071 754 1116 φιλοσόφους
790 1076 849 1106 καὶ
875 1070 921 1106 εἷς
945 1069 1108 1106 τοσοῦτον
1135 1070 1234 1113 ἕξεως
1258 1069 1490 1115 γεωμετρικῆς
1521 1066 1636 1114 ἦλθεν
1660 1067 1704 1105 w‘e

391 1125 608 1171 ἐπιχειρῆσαι
630 1123 742 1170 εὑρεῖν
765 1124 830 1160 τᾶν
853 1126 981 1162 κύκλου
1003 1122 1297 1171 τετραγωνισμὸν.

304 1206 323 1212 -
345 1184 423 1219 384.
448 1186 471 1218 l.
485 1186 540 1217 32.
564 1200 608 1207 —
629 1183 725 1228 Lege
747 1184 843 1224 Phys.
865 1186 969 1217 Auso.
993 1184 1039 1224 11,
1063 1185 1085 1215 2
1108 1192 1172 1225 pro
1196 1183 1247 1224 ΙΙ,
1269 1182 1306 1215 8.

305 1261 322 1267 -
349 1240 426 1274 385.
454 1256 475 1262 -
497 1240 552 1271 30.
574 1256 619 1262 -
652 1238 791 1270 Videsis
818 1239 921 1270 etiam
945 1239 1195 1282 Prolegomena
1221 1236 1344 1271 incerti
1369 1237 1519 1271 auctoris
1540 1237 1577 1270 in
1599 1236 1705 1272 Ari-

391 1292 577 1328 stotelis
596 1292 915 1333 Caiegor.Vol.1V.
937 1303 970 1334 p.
982 1293 1037 1332 33,
1052 1293 1074 1323 b
1097 1293 1177 1324 Br.:
1203 1288 1312 1324 αὐτοῦ
1337 1290 1412 1334 [voni
1432 1289 1703 1335 Ἀριστοτέλους]

389 1344 525 1393 εὕρημα
546 1345 686 1390 ὕστερον
707 1344 746 1380 τὰ
764 1344 812 1390 μή
830 1345 921 1381 εἶναι
935 1342 1000 1388 τὴν
1018 1346 1152 1388 γένεσιν
1167 1348 1227 1378 καὶ
1239 1343 1386 1387 φθοράν
1399 1343 1562 1389 κινήσεις,
1587 1342 1706 1390 ὥσπερ

393 1408 453 1439 καὶ
476 1402 513 1440 ἐν
534 1402 608 1437 τοῖς
630 1399 832 1446 Μετεοὶροις
855 1398 919 1444 τήν
941 1398 1028 1439 ὄψιν
1050 1398 1142 1435 aava?
1167 1395 1351 1442 ἐκπομπὴν
1372 1412 1500 1443 φησιν,
1538 1401 1574 1435 ἐν
1600 1399 1636 1435 δὲ
1658 1398 1708 1444 τῷ

391 1464 472 1504 περὶ
495 1456 608 1502 ψυχῆς
632 1455 725 1492 notro?
753 1454 922 1499 εἷσὸοχὴν.
966 1451 1111 1500 ὕστερον
1134 1452 1203 1500 γοίρ
1228 1448 1302 1496 εἶρε
1326 1458 1384 1488 καὶ
1407 1452 1471 1497 τήν
1494 1452 1661 1498 εἶσδοχήν.

305 1537 323 1543 -
346 1517 423 1550 388.
446 1516 468 1548 l.
495 1516 549 1548 13.
577 1534 621 1540 -—
648 1513 722 1547 cfr.
746 1516 836 1546 Hist.
862 1515 993 1545 animal.
1018 1512 1054 1553 1,
1077 1514 1109 1545 7-
1132 1522 1166 1554 p·
1191 1509 1271 1553 491,
1291 1521 1330 1543 a:
1363 1507 1430 1554 ἤδη
1453 1506 1495 1542 δ’
1515 1505 1706 1555 ὥμμένη

393 1571 464 1605 ἐστὶ
490 1567 624 1613 κεφᾰλη
647 1565 774 1611 ἀνδρὸς
799 1565 970 1611 ου’δεμίαν
996 1566 1117 1607 ἔχουσα
1141 1563 1272 1609 ῥαφῆν.

305 1647 322 1652 -
349 1627 426 1661 388.
451 1627 476 1660 l.
499 1626 553 1658 33.
580 1643 624 1651 —
655 1624 746 1659 Vide
773 1623 965 1658 Comment-
987 1627 1096 1655 nostr.
1120 1622 1164 1654 ad
1187 1623 1251 1664 ΙΙΙ,
1273 1620 1307 1664 4,
1332 1620 1386 1655 14.
1431 1619 1534 1655 Adde
1559 1623 1600 1655 de
1622 1634 1706 1656 sens.

393 1693 434 1714 αο
456 1682 562 1713 sensili
595 1691 624 1714 c.
646 1683 681 1713 2.
704 1692 737 1723 p.
761 1678 840 1722 437,
862 1680 903 1712 b:
940 1675 1008 1712 ἔδει
1030 1671 1125 1720 μεθ’
1148 1673 1284 1721 ἡμέραν
1307 1689 1346 1711 τε
1377 1681 1437 1711 καὶ
1462 1675 1501 1711 ἐν
1526 1674 1575 1720 τῷ
1606 1672 1708 1713 ὕδατι

393 1734 686 1781 ἀποσβέννυσθαι
713 1748 752 1769 το
777 1732 848 1777 φῶς
885 1734 1038 1778 (scilicet
1067 1742 1131 1776 pro
1164 1731 1291 1775 duplici
1320 1732 1476 1775 ratione,
1516 1744 1583 1777 qua
1617 1733 1708 1780 ignis

393 1791 502 1835 possit
525 1790 688 1833 interire,
721 1802 822 1834 quam
845 1789 1010 1834 exposuit
1032 1791 1073 1821 de
1096 1792 1184 1821 caelo
1213 1789 1280 1829 111,
1305 1788 1337 1821 6.
1367 1801 1400 1832 p.
1421 1789 1499 1831 305,
1516 1800 1552 1822 a·
1588 1786 1650 1823 δυο
1673 1786 1708 1823 δὲ

393 1846 541 1890 τρόπους
563 1859 702 1889 ορωμιν
725 1842 964 1891 φθειρόμενον
986 1858 1024 1879 το
1047 1841 1136 1886 πῦρ·
1167 1839 1234 1877 υπό
1261 1855 1299 1877 τε
1322 1841 1389 1887 yde
1419 1844 1572 1878 ἐναντίον
1600 1844 1708 1886 φθεί-

392 1914 488 1943 ρεται
511 1899 766 1946 σβεννύμευον,
798 1905 858 1934 καὶ
879 1897 936 1943 ὕφ’
961 1896 1064 1932 adrev
1085 1897 1360 1941 μαραινόμενον.
1399 1897 1502 1933 τοῦτο
1525 1896 1560 1933 δὲ
1582 1895 1708 1940 πάσχει

394 1954 436 1989 τὸ
463 1952 649 1989 ὲΗλαι-τον
631 1954 695 1989 υπὸ
722 1953 783 1988 τοῦΙ
806 1953 962 1988 πλείονος
985 1957 1044 1986 καὶ
1069 1950 1218 1994 θᾶττον,
1240 1947 1308 1994 ὅσῳ
1334 1949 1378 1986 ὃν
1401 1965 1422 1999 ῃ
1444 1952 1623 1995 ἔλαττον),
1650 1956 1707 1986 καὶ

393 2011 431 2047 ἔν
455 2012 525 2045 τοῖς
548 2006 673 2055 πάγοις
696 2009 835 2053 μᾶλλον
865 2009 1035 2054 γίνεσθαι
1060 2005 1201 2041 σκότον·
1233 2004 1255 2048 ἧ
1278 2004 1359 2051 γοῗῖν
1382 2005 1469 2050 φλδξ
1491 2011 1550 2040 καὶ
1574 2004 1621 2040 τοὶ
1644 2018 1707 2040 πε-

392 2067 579 2109 πυρωμένα
594 2061 739 2106 σώματα
756 2062 883 2105 πάσχει
899 2060 1001 2096 τοῦτο
1014 2072 1023 2083 ·
1049 2060 1120 2096 νῦν
1143 2058 1179 2094 δ’
1203 2058 1313 2096 οὖθὲν
1335 2064 1517 2107 συμβαίνει
1538 2059 1708 2096 τοιοῦτον.

306 2145 322 2151 -
344 2123 421 2157 392.
445 2123 470 2155 l.
492 2123 525 2156 9.
549 2140 594 2147 —
619 2121 735 2166 Lege:
761 2121 824 2153 fol.
839 2120 929 2162 32,b
952 2128 1018 2162 pro
1040 2118 1101 2151 fol>
1116 2119 1192 2150 321.

306 2200 325 2206 -
358 2196 402 2204 --
450 2199 473 2206 -
495 2179 549 2210 23.
573 2193 615 2201 -
645 2176 771 2211 Adde:
795 2176 1086 2208 Buttmannus
1109 2172 1147 2206 in
1168 2174 1348 2215 Mytholog.
1375 2174 1422 2206 ΙΙ.
1446 2184 1479 2216 p.
1506 2173 1581 2214 137,
1611 2172 1707 2206 cuius

395 2234 461 2267 cfr.
486 2231 588 2265 etiam
609 2233 756 2273 Lexilog.
779 2230 807 2272 1,
820 2233 876 2274 37,
894 2233 948 2274 10,
971 2229 1031 2263 ubi
1054 2231 1097 2263 de
1113 2228 1311 2262 nominibus
1333 2227 1546 2261 Eribotes
1569 2232 1604 2262 et
1628 2229 1708 2261 Eu-

393 2289 585 2332 rybates
616 2287 807 2321 disseritur.

308 2376 324 2381 -
346 2356 422 2390 393.
445 2355 470 2387 1.
492 2356 526 2389 2.
551 2372 595 2378 --
624 2354 718 2399 Lege
742 2350 982 2396 ἐπεγνωκότες.

307 2453 325 2460 -
351 2434 427 2469 393.
451 2432 476 2464 1.
501 2433 558 2464 20.
587 2432 716 2464 —·De
745 2428 974 2474 Simplicii
1005 2426 1122 2463 verbis
1146 2429 1289 2473 egerunt
1318 2424 1472 2468 Bailly
1501 2427 1646 2458 Histoire
1667 2426 1708 2457 de

394 2507 609 2541 l'asironomie
630 2510 793 2540 ancienne.
821 2490 962 2543 heloim.
986 2507 1011 2538 l·
1031 2505 1092 2538 IV.
1118 2503 1149 2547 §.
1167 2504 1258 2536 XIX
1278 2514 1352 2546 sqq.
1398 2501 1552 2536 Ideler
1572 2502 1707 2535 Handb.

396 2565 454 2596 der
471 2564 619 2596 Chronol.
643 2563 671 2596 Ι.
695 2575 729 2606 p.
744 2563 809 2597 215
822 2573 897 2606 sqq.
928 2561 1117 2595 Addendus
1141 2559 1242 2592 etiam
1265 2563 1339 2592 erat
1362 2557 1592 2591 Iamblich.
1617 2556 1708 2598 apud

395 2620 540 2653 Procl.
564 2618 602 2651 in
623 2619 754 2652 Plato
766 2630 801 2652 n.
829 2621 912 2651 Tim.
940 2618 968 2651 Ι.
991 2629 1024 2660 p.
1037 2617 1093 2654 31,
1117 2614 1177 2647 ubi
1200 2613 1450 2657 Hipparchi
1473 2614 1515 2646 de
1537 2616 1707 2646 vetustate

396 2673 679 2708 observationum
702 2673 1010 2707 astronomicarum
1033 2683 1053 2704 a
1068 2669 1248 2704 Chaldaeis
1270 2670 1436 2703 factarum
1457 2666 1621 2701 iudicium
1647 2667 1708 2699 de-

396 2729 630 2771 prehenditur.

311 2802 326 2808 —
349 2782 426 2817 394·
455 2804 472 2809 -
499 2785 531 2817 6.
555 2801 598 2806 -
624 2785 725 2817 Adde
748 2785 899 2824 Metaph
925 2779 972 2824 α’,
998 2784 1028 2815 1.
1054 2793 1088 2823 p·
1112 2781 1189 2822 981,
1210 2780 1244 2813 b.
