1820 3158
323 363 381 404 78
429 380 505 411 *μ
519 368 595 410 357,
611 379 642 400 a.
667 369 824 402 Bekk.-—
882 371 1052 410 LIB.II.
1083 371 1281 410 CAP.111.
1358 371 1711 415 -p.342,B.Cas.-

313 477 434 519 ἐκεῖνο
475 477 614 532 πικρὸν
654 478 718 518 καὶ
751 475 930 531 ἁλμυρὸν
966 479 1110 531 γίνεται
1139 483 1212 519 τοῦ
1241 480 1452 531 πινομένου
1480 484 1544 522 καὶ
1572 487 1643 523 τοῦ
1672 484 1713 523 ἐν

260 546 371 599 14τῇ
399 548 529 598 τροφῇ
557 541 678 596 ὑγροῦ
705 543 866 595 γλυκέος
893 542 1019 591 ὅντοςζ
1082 547 1143 584 14.
1176 546 1225 584 Εἰ
1253 545 1300 597 δὴ
1330 544 1461 600 ὥσπερ
1491 546 1535 587 τὸ
1558 547 1625 588 διὰ
1643 552 1713 600 τῆς

313 612 446 658 κονίας
471 608 700 662 ἠθούμενον
724 606 835 662 ὕδωρ
865 610 1006 662 γίνεται
1036 610 1188 664 πικρόν,
1219 613 1284 652 καὶ
1304 617 1431 652 ταῦτα
1458 616 1515 668 τῷ
1544 613 1616 665 μὲν
1645 613 1714 654 οὗ·-

312 680 369 731 ρῷ
399 674 795 729 συγκαταφερομένης
822 674 1008 729 τοιαύτης
1037 677 1144 725 τινὸς
1173 677 1376 730 δυνάμεως
1397 680 1460 719 οἵα
1488 681 1551 719 καὶ
1578 680 1714 733 φαίνε-

309 758 376 782 ται
401 740 647 795 ὑφισταμένη
682 741 722 780 ἒν
751 747 836 788 τοῖς
855 741 1028 796 ’ἀγγείοις
1055 741 1244 798 ἁλμυρίς,
1275 749 1331 799 τῷ
1353 744 1391 784 δ’
1417 745 1555 799 ἱδρῶτι
1579 760 1715 786 συνεκ-

311 807 542 860 κρινομένης
578 807 620 847 ἐκ
649 810 728 867 τῷν
758 812 936 861 σαρκῶν,
982 806 1065 850 οἷον
1103 805 1423 865 καταπλύνοντος
1456 812 1502 853 τὸ
1533 816 1715 853 τοιοῦτον

311 873 353 914 ἐκ
380 879 453 915 τοῦ
483 873 669 926 σώματος
706 879 778 915 τοῦ
816 873 988 923 ἐξιόντος
1023 873 1170 930 ὑγροῦ,
1215 878 1335 929 δῆλον
1364 876 1423 918 ὅτι
1453 879 1526 919 κάν
1554 883 1603 933 τῇ
1631 882 1708 918 θα-

310 940 434 995 λάττῃ
458 939 507 981 τὸ
538 941 580 981 ἐκ
610 943 680 992 τῆς
713 944 783 993 γῆς
813 941 1226 996 συγκαταμιγνύμενον
1253 947 1310 998 τῷ
1338 941 1443 999 ὑγρῷ
1478 944 1603 985 αἴτιον
1644 948 1715 997 τῆς

257 1013 305 1049 15
319 1005 607 1060 ἆλμυρότητος.
669 1013 732 1047 15.
767 1006 834 1047 Ἐν
861 1008 934 1059 μὲν
964 1003 1034 1049 οὗν
1063 1013 1120 1064 τῷ
1152 1007 1305 1061 σώματι
1335 1011 1478 1062 γίνεται
1507 1010 1552 1051 τὸ
1582 1015 1716 1052 τοιοῦ-

308 1090 377 1115 τον
405 1071 430 1126 ἡ
459 1078 530 1126 τῆς
556 1078 712 1128 τροφῆς
749 1071 970 1121 ὑπόστασις
1007 1074 1073 1115 διὰ
1102 1075 1173 1127 τὴν
1203 1074 1397 1127 ἀπεψίαν·
1449 1077 1490 1117 ἓν
1519 1077 1562 1117 δὲ
1590 1081 1639 1131 τῇ
1666 1081 1714 1131 γῇ

257 1146 306 1181 16
317 1141 405 1181 τίνα
433 1140 582 1195 τρόπον
607 1138 758 1194 ὑπῆρχε
788 1140 957 1180 λεκτέον.
1026 1148 1090 1181 16.
1123 1140 1254 1189 (Ὀλως
1283 1142 1326 1182 δὲ
1355 1146 1439 1190 πῶς
1467 1141 1552 1184 οἶόν
1579 1137 1621 1184 τε
1649 1159 1715 1183 το-

309 1211 454 1248 σοῦτον
481 1206 630 1254 ὓδατος
658 1211 816 1260 πλῆθος
845 1207 1128 1260 ξηραινομένης
1156 1208 1218 1248 καὶ
1242 1210 1559 1262 θερμαινομένης
1587 1210 1716 1264 ἐκκρι-

307 1277 455 1326 θῆναις
485 1272 708 1314 πολλοστὸν
735 1273 811 1327 γὰρ
841 1274 904 1313 δεῖ
925 1273 1047 1327 μέρος
1077 1273 1173 1315 αὐτὸ
1203 1278 1274 1314 τοῦ
1305 1274 1540 1328 λειφθέντος
1561 1273 1714 1316 εἶναιὲν

307 1344 357 1395 τῇ
385 1343 446 1395 γῇ.
487 1339 542 1380 ἔτι
565 1340 608 1380 δὲ
638 1339 704 1380 διὰ
732 1340 774 1379 τί
800 1338 847 1380 οὗ
875 1340 940 1379 καὶ
969 1344 1038 1380 νῦν
1068 1339 1165 1380 ὅταν
1195 1340 1455 1394 ξηραινομένη
1486 1340 1586 1396 τύχῃ
1605 1339 1630 1394 ἦ
1652 1346 1713 1395 γῆ,

307 1406 382 1447 εἴτε
410 1407 553 1447 πλείων
591 1406 665 1446 εἴτε
686 1404 891 1457 -ἒλάττων,
934 1407 1044 1459 idlae,-
1090 1404 1114 1459 ἦ
1144 1405 1218 1460 γὰρ
1248 1404 1419 1461 ὑγρότης
1449 1408 1513 1447 καὶ
1543 1405 1563 1448 ὃ
1593 1407 1716 1461 ἱδρὼς

256 1474 459 1526 17γίνεται
479 1472 639 1526 πικρός·
683 1471 788 1527 εἴπερ
816 1472 892 1527 γὰρ
922 1474 986 1513 καὶ
1015 1472 1126 1523 τότε,
1167 1474 1233 1513 -καὶ
1261 1476 1330 1513 νῦν
1361 1474 1492 1527 ἐχρῆν.
1553 1480 1617 1514 17.
1653 1473 1713 1515 Οὐ

273 1591 277 1595 q
308 1540 488 1594 φαίνεται
509 1539 553 1579 δὲ
572 1542 692 1580 τοῦτο
713 1543 954 1591 συμβαῖνον,
985 1538 1088 1579 ἀλλὰ
1116 1538 1216 1593 ξηρὰ
1246 1539 1319 1590 μὲν
1349 1534 1449 1580 οὖσα
1477 1537 1712 1595 ὑγραίνεται,

307 1603 409 1660 ὑγρὰ
439 1604 478 1646 δ’
504 1599 607 1645 οὖσα
639 1604 763 1646 οὐθὲν
791 1604 933 1656 πάσχει
950 1609 1144 1646 τοιοῦτον.
1182 1609 1266 1653 πῶς
1295 1605 1333 1645 δ’
1359 1600 1428 1646 οὖν
1459 1603 1543 1647 οἷόν
1563 1622 1605 1647 τε
1627 1608 1714 1661 περὶ

307 1747 426 1791 potus
448 1746 487 1777 et
505 1740 682 1777 alimenti
701 1738 888 1778 humores
909 1739 1118 1777 dulcedine
1135 1739 1306 1789 praediti
1324 1740 1409 1777 sint.
1442 1738 1652 1790 14.Itaque
1669 1740 1713 1787 si,

308 1813 354 1844 ut
369 1819 483 1856 aqua,
512 1819 609 1856 quae
629 1820 701 1856 per
721 1807 894 1844 cinerem
921 1807 1089 1854 colatur,
1119 1806 1173 1843 ita
1194 1805 1290 1843 haec
1307 1819 1439 1844 amara
1463 1805 1711 1844 redduntur:

306 1874 422 1912 urina
446 1873 625 1922 quidem,
665 1873 772 1922 quod
794 1874 954 1911 facultas
987 1872 1175 1922 quaedam
1200 1873 1282 1909 eius
1310 1873 1484 1922 generis,
1525 1873 1646 1922 qualis
1671 1874 1714 1910 in

307 1940 409 1979 vasis
438 1939 588 1988 salsugo
619 1938 821 1976 subsidere
844 1939 1041 1986 cernitur,
1077 1951 1156 1975 una
1185 1951 1274 1975 cum
1299 1951 1342 1975 ea
1365 1937 1560 1986 defertur,
1591 1938 1713 1975 sudor

308 2013 458 2053 nutem,
487 2005 593 2055 quod
612 2005 727 2042 simul
749 2019 770 2041 e
788 2004 967 2042 carnibus
994 2005 1232 2050 secernitur,
1263 2003 1450 2050 humore,
1480 2003 1547 2053 qui
1571 2003 1713 2049 effluit,

306 2074 383 2112 tale
407 2071 593 2123 quiddam
618 2086 640 2108 e
666 2083 854 2121 corpore,
884 2070 1008 2108 veluti
1027 2069 1246 2118 abluendo,
1279 2069 1530 2107 extrahente:
1559 2070 1714 2120 perspi-

306 2153 424 2179 cuum
444 2144 525 2184 est,
554 2138 595 2176 id
615 2151 791 2187 quoque,
821 2136 926 2187 quod
947 2149 998 2173 ex
1015 2142 1122 2174 terra
1141 2136 1297 2173 humori
1321 2136 1566 2184 admiscetur,
1595 2137 1713 2173 salse-

307 2206 410 2244 dinis
438 2205 609 2242 marinae
631 2217 785 2241 causam
806 2216 899 2240 esse.
959 2205 1018 2240 15.
1051 2202 1130 2239 Sed
1158 2203 1199 2240 in
1228 2216 1414 2253 corpore,
1444 2202 1520 2239 tale
1537 2202 1712 2240 alimenti

307 2273 569 2311 sedimentum
603 2270 652 2307 ob
677 2270 909 2307 cruditatem
931 2268 1111 2306 efficitur.
1168 2270 1215 2307 In
1237 2275 1344 2306 terra
1363 2281 1484 2312 vere,
1512 2269 1711 2319 quomodo

305 2340 421 2386 insit,
452 2337 663 2375 dicendum
694 2337 780 2374 fuit.
855 2338 919 2373 10.
954 2335 1129 2373 Omnino
1150 2348 1269 2383 vero,
1304 2335 1370 2385 qui
1392 2335 1478 2372 fieri
1499 2341 1639 2386 potest,
1667 2340 1712 2372 ut

307 2419 396 2444 cum
422 2405 687 2442 exsiccaretur
714 2411 752 2441 et
777 2403 1053 2446 incalesceret,
1083 2408 1190 2439 tanta
1208 2415 1330 2452 aquae
1353 2402 1465 2451 copia
1491 2402 1612 2439 fuerit
1640 2414 1712 2438 ex-

305 2478 443 2512 cretaz,
465 2472 549 2508 eius
573 2472 698 2518 enim,
738 2469 841 2520 quod
870 2469 911 2506 in
938 2474 1047 2506 terra
1073 2468 1253 2506 relictum
1282 2473 1358 2514 est,
1399 2467 1600 2504 minimam
1628 2479 1711 2503 esse

306 2544 460 2588 partem
482 2543 654 2587 oportet.
686 2536 795 2586 Quid
811 2534 952 2572 deinde
972 2547 1106 2573 causae
1127 2540 1194 2582 est,
1214 2547 1285 2571 cur
1301 2546 1406 2570 nunc
1424 2546 1591 2583 quoque,
1620 2546 1709 2569 cum

307 2603 525 2642 exsiccatur
548 2609 664 2650 terra,
694 2616 764 2640 seu
784 2602 904 2639 multa
924 2601 988 2646 ait,
1009 2615 1077 2638 seu
1090 2614 1225 2651 pauca,
1256 2611 1336 2636 nou
1357 2598 1499 2635 sudet?
1555 2598 1657 2636 Nam
1676 2599 1709 2636 si

306 2676 392 2708 tum
402 2669 547 2707 humor
562 2682 606 2706 ac
622 2668 744 2706 sudor
762 2668 885 2706 amari
902 2667 1178 2714 reddebantur,
1187 2665 1292 2707 idem
1303 2677 1574 2713 nuncquoque
1587 2677 1709 2714 opor-

307 2741 419 2774 teret.
478 2738 540 2772 17.
571 2735 692 2783 Quod
712 2740 843 2771 tamen
862 2733 1038 2771 accidere
1057 2746 1138 2771 non
1160 2731 1357 2771 cernitur:
1399 2729 1468 2767 sed
1496 2743 1584 2767 cum
1609 2731 1709 2768 sicca

308 2809 386 2852 est,
414 2801 681 2847 humectatur,
722 2813 811 2838 cum
841 2798 1022 2845 humida,
1057 2811 1104 2836 re
1135 2798 1243 2835 nulla
1276 2796 1357 2834 eius
1385 2795 1493 2833 modi
1519 2796 1705 2834 afficitur.
