1774 3198
271 383 363 426 508
483 390 930 431 COMMENTARIUS
958 391 1017 431 IN
1042 391 1445 441 METEOROLOG.

267 516 352 540 mus
372 515 462 540 cum
481 503 525 539 P.
541 501 666 539 Bekk.
696 501 844 538 Omnes
863 500 1005 551 reliqui
1024 506 1063 537 et
1079 500 1215 551 scripti
1236 506 1275 537 et
1292 499 1385 538 editi
1406 500 1628 542 συνεστώ
1639 517 1669 552 ς,

265 590 320 596 ——
346 569 464 606 τοῦτο
494 572 583 604 ante
613 563 782 616 πότιμον
810 566 940 604 omisit
967 567 1010 604 F.
1049 588 1101 593 —
1138 563 1244 604 ἐστίν
1272 573 1362 617 post
1391 563 1537 613 παντός
1563 568 1671 607 deest

264 633 369 683 apud
389 635 432 670 F.
454 634 504 670 H.
529 631 578 668 N.
607 643 660 659 —‘-
696 629 751 670 τὸ
794 629 837 670 δ’
873 630 1052 671 αἴτιον
1083 660 1092 669 .
1116 660 1126 670 .
1149 639 1162 670 “.
1182 661 1190 670 .
1221 628 1382 670 ἔσται.
1441 633 1670 672 Aristoteles

264 712 348 742 eam
367 699 408 735 in
429 698 662 748 disputando
688 699 880 736 rationem
900 699 1099 750 sequitur,
1128 712 1243 748 quam
1270 704 1310 736 et
1326 699 1419 736 alias
1443 704 1597 745 servat,
1625 706 1671 736 ut

261 765 435 814 primum
462 765 748 802 controversias
776 770 896 816 ponat
918 764 1102 816 deinceps
1132 763 1408 815 expediendas.
1465 764 1585 802 Cuius
1610 765 1670 801 rei

261 830 454 868 rationem
492 830 627 868 reddit
663 830 898 881 Μειαρᾶγε.
934 833 989 878 Β,
1022 834 1057 868 1.
1096 844 1136 882 p.
1163 832 1255 877 995,
1281 843 1323 868 a:
1374 827 1539 881 Ἀνάγκη
1568 844 1669 882 προς

260 892 330 946 τήν
370 893 613 947 ζητουμένην
650 893 869 947 ἐπιστήμην
904 894 1086 935 ἐπελθεῖν
1123 892 1228 948 ημᾶς
1263 897 1444 947 πρῶτον,
1493 894 1582 948 περὶ
1613 894 1668 934 ὡν

260 958 459 1013 ἀπορῆσαι
490 961 553 1001 δεῖ
585 964 757 1014 πρῶτον.
787 986 842 992 -
880 959 961 1001 ἔστι
991 960 1035 1000 δὲ
1060 966 1144 1008 τοῖς
1160 959 1386 1014 εὐπορῆσαι
1409 959 1668 1012 βουλομένοις

257 1025 457 1080 προῦργου
486 1025 531 1067 τὸ
562 1026 800 1080 διαπορῆσαι
830 1029 982 1074 καλῶς·
1018 1023 1041 1079 ἢ
1070 1025 1164 1080 γὰρ
1193 1024 1409 1079 ὕστερον
1447 1024 1666 1079 εὐπορία

257 1090 405 1139 λύσις
431 1095 530 1133 τῶν
556 1091 817 1147 πρότερον
848 1091 1215 1145 ἀπορουμένων
1243 1092 1362 1143 ἐστι’,
1392 1089 1496 1132 λύειν
1526 1090 1566 1131 δ’
1593 1090 1665 1132 οὐκ

256 1155 361 1197 ἔστιν
390 1156 631 1211 ἀγνοοῦντας
657 1158 727 1198 τὸν
757 1157 916 1210 δεσμόν.
948 1157 1031 1198 ἀλλ’
1059 1155 1081 1211 ἢ
1113 1162 1183 1211 τῆς
1212 1159 1390 1206 διανοίας
1417 1155 1564 1212 ἀπορία
1593 1158 1664 1210 δη-

255 1225 322 1263 λοῒ
345 1227 465 1264 τοῦτο
495 1225 584 1278 περὶ
613 1227 685 1264 τοῦ
721 1224 965 1278 πράγματος.
1002 1217 1028 1276 ἦ
1058 1224 1133 1278 γὰρ
1172 1223 1333 1278 ἀπορεῖ,
1372 1221 1497 1277 ταύτῃ
1533 1239 1664 1277 παρα-

255 1288 421 1341 πλήσιον
465 1288 641 1330 πέπονθε
691 1295 775 1337 τοῖς
813 1289 1050 1342 δεδεμένοιςτ
1085 1288 1283 1329 ἀδύνατον
1319 1288 1394 1343 γὰρ
1425 1287 1663 1343 ἀμφοτέρως

255 1357 468 1408 προελθεῖν
503 1355 636 1402 πάσας
663 1354 880 1410 πρότερον,
919 1355 1071 1396 τούτων
1098 1371 1138 1396 τε
1163 1353 1281 1409 χάριν
1308 1355 1372 1395 καὶ
1403 1352 1469 1394 διὰ
1493 1353 1539 1394 τὸ
1568 1352 1663 1402 τούς

255 1421 470 1473 ζητοῦντας
497 1420 589 1462 ἄνευ
616 1424 688 1461 τοῦ
714 1421 953 1476 διαπορῆσαι
982 1425 1140 1476 πρῶτον
1168 1418 1329 1473 ὁμοίους
1356 1418 1452 1461 εἶναι
1482 1425 1566 1467 τοῖς
1592 1426 1665 1461 ποῖ’

255 1487 319 1527 δεῖ
340 1487 513 1537 βαδίζειν
544 1480 748 1540 ἀγνοοῦσι,
789 1488 854 1528 καὶ
882 1486 982 1541 πρὸς
1017 1485 1174 1534 τούτοις
1211 1485 1302 1527 οὐδ’
1336 1485 1377 1526 εἷ’
1395 1502 1489 1526 ποτε
1517 1485 1563 1527 τὸ
1592 1487 1660 1539 ζη-

254 1551 447 1604 τούμενον
479 1552 640 1607 εὕρηκεν
667 1551 692 1606 ἢ
710 1552 766 1606 μὴ
787 1552 1010 1607 γινώσκειν·
1033 1551 1079 1594 τὸ
1109 1552 1185 1607 γὰρ
1213 1551 1326 1600 τέλος
1351 1550 1481 1607 τούτῳ
1510 1551 1583 1604 μὲν
1613 1550 1659 1593 οὗ

255 1619 398 1670 δῆλον,
437 1622 494 1674 τῷ
524 1619 567 1659 δὲ
592 1619 726 1667 ’καλῶς
762 1618 1062 1674 προηπορηκότι
1091 1620 1225 1672 δῆλον.
1272 1617 1328 1658 ἔτι
1354 1617 1399 1658 δὲ
1425 1616 1580 1669 βέλτιον
1611 1616 1660 1658 ἇ-

253 1684 375 1738 νάγκη
406 1684 503 1736 ἔχειν
532 1684 634 1740 πρὸς
659 1685 705 1726 τὸ
735 1692 864 1739 κρῖναι
892 1684 962 1727 τὸν
990 1684 1120 1740 ὥσπερ
1150 1684 1359 1726 ἀντιδίκων
1387 1684 1452 1724 καὶ
1479 1687 1559 1724 τῶν
1581 1682 1659 1736 ἀμ-

254 1749 558 1805 φισβητούντων
587 1751 715 1806 λόγων
744 1751 943 1805 ἀκηκοότα
970 1752 1142 1793 πάντων.
1170 1762 1239 1781 —·
1253 1753 1448 1803 Exempla
1468 1765 1659 1802 quaeren-

252 1820 356 1857 tibus
373 1820 488 1857 offert
508 1821 618 1858 Zell
647 1821 696 1858 ad
718 1822 877 1859 Arist.
898 1821 1034 1859 Echio.
1051 1822 1214 1858 Nieom.
1234 1819 1308 1866 VI,
1331 1822 1392 1866 12,
1413 1822 1450 1856 3.
1479 1819 1595 1856 Tom.
1605 1821 1656 1858 Π.

252 1898 294 1936 p.
318 1885 409 1922 241.
439 1887 527 1933 VII,
554 1887 590 1933 1,
615 1888 651 1924 5.
681 1900 722 1936 p.
747 1890 842 1926 253.
870 1909 920 1915 —
960 1885 1025 1924 καὶ
1055 1882 1138 1935 ἅμα
1167 1883 1256 1936 περὶ
1282 1880 1491 1934 θαλάττης
1519 1884 1569 1923 G.
1603 1905 1656 1914 —

252 1964 326 2001 την
353 1948 535 2002 πρώτην
544 1952 691 1989 omittit
713 1954 760 1990 E.

362 2019 399 2055 5.
430 2017 508 2054 Pro
527 2014 829 2068 περιτεταμένου
848 2017 900 2057 N.
930 2015 1091 2054 exhibet
1116 2012 1362 2066 τεταμμὲνου
1383 2035 1435 2045 --
1463 2011 1654 2054 τούτων

251 2096 324 2134 pro
342 2097 370 2120 π
382 2079 548 2122 άντων
575 2085 622 2121 F.
646 2083 697 2120 H.
715 2084 764 2121 N.
786 2083 891 2121 Cam.
921 2070 986 2134 979—
1002 2083 1086 2121 Cas.
1100 2083 1230 2119 omisit
1247 2081 1478 2128 vocabulum
1489 2083 1652 2133 Olymp.

250 2149 320 2188 fol.
341 2152 407 2196 30,
425 2148 464 2197 b,
495 2150 559 2199 qui
586 2149 729 2187 deinde
749 2147 893 2187 πολλοί
919 2147 1079 2186 exhibet
1095 2161 1170 2199 pro
1193 2148 1446 2199 πλεῖστοι.-
1474 2143 1529 2193 ὡς
1546 2150 1654 2187 πλεῖ-

251 2225 339 2254 στοι
367 2216 486 2253 τοῦτο
515 2213 693 2267 λέγουσιν
714 2217 768 2254 Η.
789 2215 842 2253 N.
861 2234 916 2241 —
943 2211 989 2252 δέ
1013 2220 1103 2265 post
1130 2211 1350 2266 φερομένου
1379 2214 1510 2252 omisit
1529 2216 1577 2254 Ε.
1599 2236 1653 2243 -

250 2278 435 2334 γενέσεως
463 2280 526 2319 καὶ
556 2282 722 2333 φθορᾶς
749 2282 891 2318 omisso
914 2294 954 2319 τε
973 2283 1021 2319 F.
1042 2303 1091 2308 —
1121 2294 1162 2318 τε
1189 2286 1279 2330 post
1307 2276 1548 2318 λεπτότατον
1575 2293 1652 2319 om.

249 2349 297 2386 E.
315 2347 368 2385 N.
393 2367 448 2375 --
475 2348 609 2386 Verba
629 2346 694 2385 καὶ
712 2343 955 2398 γλυκύτατον
975 2346 1121 2384 omittit
1139 2347 1190 2384 N.
1211 2369 1260 2374 ——-
1290 2344 1470 2398 φαίνεται
1486 2359 1561 2397 pro
1581 2343 1652 2398 φέ-

177 2425 182 2430 ·
252 2427 374 2469 ρεται.
395 2415 443 2452 Ε.
473 2414 592 2452 Alex.
617 2414 687 2452 fol.
710 2418 774 2461 92,
791 2413 830 2451 b.
854 2414 905 2451 A.
928 2414 994 2451 Er.
1024 2413 1098 2450 cfr.
1117 2416 1149 2459 ᾗ.
1168 2415 1206 2449 3.
1221 2432 1270 2440 --
1300 2410 1559 2464 καταφέρεται
1574 2425 1650 2462 pro

251 2476 358 2518 κάτω
376 2477 535 2532 φέρεται
565 2479 754 2518 exhibent
774 2481 821 2518 E.
839 2480 892 2517 H.
913 2479 966 2517 N.
989 2479 1042 2518 A.
1070 2479 1109 2517 A
1121 2478 1134 2515 l
1146 2490 1216 2515 ex.
1246 2499 1300 2506 --
1327 2476 1382 2523 εἷς
1397 2474 1469 2527 τὴν
1486 2478 1558 2528 γῆν
1574 2491 1648 2529 pro

250 2541 350 2598 πρὸς
376 2543 449 2596 τὴν
473 2547 546 2596 γῆν
575 2545 622 2583 F.

361 2614 396 2650 6.
424 2613 481 2661 βο
493 2608 515 2648 ύ
528 2613 575 2650 λε
587 2624 669 2649 ται
697 2625 726 2648 π
738 2624 757 2649 ο
770 2624 782 2647 ι
794 2624 810 2648 ε
822 2613 869 2649 ἲν
895 2617 1029 2650 verte:
1049 2610 1199 2661 facere
1216 2609 1325 2647 solet.
1378 2610 1441 2647 De
1457 2607 1533 2646 hoc
1553 2622 1648 2647 ver-

249 2677 390 2715 borum
406 2674 628 2726 βοῦλεσθαι
646 2682 686 2714 et
702 2673 851 2716 ἐθέλειν
868 2690 942 2715 usu
970 2677 1041 2715 cfr.
1071 2681 1228 2727 praeter
1258 2675 1289 2712 A
1300 2679 1344 2711 st
1369 2674 1418 2711 acl
1449 2675 1501 2712 Pl
1512 2688 1533 2711 a
1544 2681 1560 2712 t
1571 2681 1643 2713 ου.

250 2742 426 2780 Phaedr.
453 2757 494 2794 p.
515 2745 608 2789 235,
636 2736 770 2781 Refz.
798 2743 849 2781 ad
875 2743 1047 2792 Viger.
1075 2755 1117 2792 p.
1141 2743 1219 2779 736
1250 2745 1290 2776 et
1314 2740 1428 2777 Zell
1455 2740 1504 2777 ad
1534 2742 1647 2779 Ari-

252 2813 364 2846 stot.
393 2808 528 2850 Etlzic.
550 2808 643 2846 Nic.
662 2811 732 2857 III,
757 2812 793 2854 1,
815 2810 878 2847 15.
900 2822 939 2858 Ρ.
960 2811 1036 2855 85,
1067 2807 1134 2857 qui
1153 2804 1436 2843 Aristotelio-‘im
1459 2796 1643 2857 loquendi
