1774 3198
436 362 656 403 LIBRUM
685 351 1011 410 SECUNDUM.
1070 361 1186 401 GAP.
1206 361 1282 400 1v.
1467 351 1560 395 541

128 476 314 516 Strabo
356 477 424 517 VI.
460 491 502 530 p.
537 477 619 517 404
647 479 704 516 B:
744 471 766 516 ὃ
795 473 870 528 μὲν
908 467 980 516 οὖν
1019 471 1203 526 Σύβαρις
1239 471 1336 521 τοὺς
1373 471 1564 521 πίνοντας

124 542 276 591 ἵππους
305 540 377 584 ἀπ’
412 541 540 585 αὐτοῦ
576 541 820 599 πτυρτικοὺς
848 547 974 584 ποιεῖ’
1019 540 1081 583 διὸ
1112 542 1179 583 καὶ
1207 538 1281 589 τὰς
1311 539 1455 595 ἀγέλας
1484 539 1564 581 ἀπ·-

130 610 330 666 είργουσιν
358 609 433 651 ἀπ’
466 610 606 653 αὐτοῦ.
642 613 922 652 Aristotel.
947 612 995 650 de
1014 611 1199 651 mirabil.
1220 612 1398 650 auscult.
1418 614 1563 661 &1833

125 680 371 720 Eustath.
400 681 451 720 ad
487 682 696 732 Dionys.
738 682 997 732 Perieget.
1035 694 1077 720 v.
1110 683 1206 719 373.
1237 693 1277 731 p.
1301 682 1379 718 162
1424 679 1564 718 eadem
1595 690 1600 698 “

126 750 214 788 fere
243 750 369 788 verba
393 748 556 788 habent.
624 750 711 789 Cfr.
741 750 921 802 Heyne
954 749 1148 800 Opuscul.
1170 747 1361 793 academ.
1393 749 1488 787 Vol.
1509 749 1564 787 ΙΙ.

126 831 166 868 p.
190 821 280 856 128.
338 819 431 857 Huc
452 818 572 856 etiam
593 818 770 869 pertinet
785 819 877 856 fons
891 817 935 855 in
952 817 1081 856 insula
1099 818 1242 864 Naxo,
1274 817 1325 854 de
1343 830 1423 868 quo
1453 817 1566 855 Cte-

125 886 230 924 sias
259 885 355 925 Ind.
386 880 493 937 apud
521 885 666 925 Phot.
693 884 900 923 Biblioth.
930 898 969 936 p.
991 888 1043 923 68
1083 885 1142 924 ed.
1171 884 1458 924 Hoeschel:
1498 881 1566 922 καὶ

126 950 168 992 ἒν
197 949 324 1007 Νάξῳ
355 949 507 1006 κρήνην
536 948 657 1004 εἶναι,
688 951 730 1000 ἐξ
758 944 810 1005 ἧς
836 948 944 999 οἶνος
973 949 1098 992 ἐνιότε
1129 949 1193 1006 ῥεῖ
1216 952 1282 992 καὶ
1312 949 1425 1003 μάλα
1453 946 1567 1003 ἡδύς.

124 1041 181 1048 ·-
209 1018 284 1072 τὴν
314 1018 524 1072 Σκυθικὴν
555 1019 602 1060 δέ
626 1028 782 1060 mutato
818 1021 1037 1060 verborum
1070 1021 1212 1059 ordine
1243 1023 1291 1060 F.
1356 1021 1422 1059 De
1452 1021 1566 1058 fonte

123 1088 200 1127 isto
226 1087 332 1127 nihil
352 1089 424 1129 diu
446 1090 654 1141 quaerenti
674 1089 774 1128 mihi
794 1090 981 1128 innotuit.
1009 1110 1065 1116 —
1095 1085 1285 1139 ἐμβάλλει
1312 1102 1386 1140 pro
1405 1083 1566 1138 εἰσβάλ-

124 1157 182 1195 λει
201 1159 252 1196 F.
273 1177 328 1185 -—
359 1154 406 1196 δέ
420 1164 513 1209 post
530 1161 637 1196 ποῖοι
659 1157 851 1196 omittunt
869 1159 916 1196 E.
938 1158 994 1196 N.
1017 1177 1068 1183 -
1112 1153 1267 1210 εἴρηται
1289 1170 1411 1208 supra
1430 1162 1566 1194 tamen

121 1225 255 1276 posito
284 1222 460 1276 γίνονται
489 1227 541 1264 Ε.
567 1248 619 1254 —
660 1221 815 1278 εἴρηται
845 1222 890 1263 δὲ
917 1222 1013 1278 περί
1033 1224 1171 1263 addito
1203 1222 1252 1263 δέ
1277 1226 1322 1262 Ε.
1352 1226 1399 1263 F.
1431 1225 1485 1263 H.
1510 1223 1565 1262 N.

121 1293 298 1331 Innuere
327 1292 504 1331 videtu?
520 1292 672 1330 librum
701 1292 751 1330 de
778 1306 900 1330 sensu
926 1300 967 1330 et
989 1293 1153 1342 sensili,
1182 1292 1366 1344 quamvis
1385 1293 1436 1330 ea.>
1450 1291 1501 1329 de
1518 1305 1566 1329 re
1627 1326 1630 1329 ,

119 1358 240 1397 liceat
261 1357 413 1398 idcirco
436 1360 642 1410 dubitare,
673 1361 764 1411 quia
792 1361 835 1398 in
853 1361 924 1399 illo
943 1361 994 1399 ad
1013 1360 1328 1410 Meteorologica
1356 1365 1567 1411 provocat,

120 1427 228 1478 quod
260 1441 331 1466 suo
367 1428 456 1465 loco
488 1429 734 1468 monuimus.
801 1430 954 1468 Totum
988 1429 1122 1467 locum
1160 1428 1567 1467 Vicomcrcatus

119 1495 303 1546 p.108‚b
322 1495 376 1532 ita
397 1496 722 1534 constituendum
744 1510 829 1535 esse
852 1488 1027 1535 censuit:
1059 1493 1101 1535 αἱ
1121 1494 1166 1535 δὲ
1183 1493 1379 1549 διαφοραὶ
1408 1491 1566 1534 τούτων

120 1559 276 1600 ἐκεῖθεν
313 1560 432 1613 δῆλαι
470 1560 514 1602 ἐκ
550 1565 626 1602 τοῦ
655 1560 820 1612 εῗὸἕναι,
860 1568 968 1604 ποῖοι
997 1563 1120 1615 χυμοὶ
1159 1561 1202 1603 ἐκ
1232 1562 1361 1603 ποίων
1389 1561 1567 1615 γίνονται

121 1625 317 1680 κράσεων.
349 1626 504 1682 εἴρηται
535 1627 580 1669 δὲ
608 1630 699 1685 περὶ
728 1628 863 1672 αὐτῶν
887 1632 1016 1688 χωρὶς
1044 1630 1086 1672 ἒν
1117 1628 1268 1678 ἄλλοις.
1330 1630 1452 1681 Quod
1477 1631 1567 1670 fere

119 1695 393 1747 probaverim.

234 1764 302 1806 48.
335 1756 408 1804 οὗν
428 1765 578 1804 omittit
599 1767 655 1806 N.
675 1790 732 1798 ——
757 1765 911 1817 ὕδατος
930 1783 1006 1822 pro
1026 1764 1189 1808 ὑδάτων
1208 1770 1256 1808 F.
1272 1769 1326 1807 H.
1340 1768 1394 1807 N.
1410 1789 1466 1798 --
1489 1765 1569 1806 αῗεί

119 1845 195 1883 pro
217 1828 281 1870 ἀεί
298 1833 408 1872 Cam.
426 1834 471 1872 P.
493 1835 533 1873 S.
558 1835 646 1875 cas.
669 1839 742 1877 cfr.
765 1838 816 1876 ad
835 1841 884 1887 Π,
905 1843 944 1888 2,
970 1841 1004 1877 9.
1033 1841 1084 1887 Π,
1105 1842 1145 1888 3,
1168 1841 1235 1876 32.
1256 1857 1313 1864 —
1342 1836 1480 1876 Verba
1498 1833 1567 1875 καὶ

119 1900 207 1944 πῶς
231 1897 535 1951 μεταβάλλουσι
567 1904 711 1944 desunt
739 1905 848 1958 apud
869 1907 980 1946 Cam.
1002 1906 1047 1944 P.
1069 1907 1110 1944 S.
1130 1906 1218 1945 Cas.
1239 1925 1294 1934 -
1325 1900 1403 1944 ὅσα
1421 1918 1497 1956 pro
1520 1898 1567 1942 ὃ-

118 1961 230 2007 πόσα
257 1969 303 2006 F.
332 1969 386 2007 H.
446 1971 633 2023 Denique
659 1974 824 2014 inverso
854 1974 1021 2024 ordine,
1064 1987 1163 2026 quae
1194 1974 1314 2012 etiam
1354 1986 1472 2010 causa
1506 1977 1566 2010 est

118 2034 343 2074 omissionis
365 2037 602 2086 verborum,
632 2042 746 2081 cuius
768 2042 891 2082 modo
913 2043 1182 2092 meminimus,
1211 2040 1274 2088 τίς
1289 2035 1314 2092 ἡ
1336 2036 1460 2094 φύσις
1489 2036 1564 2078 αὐ-

117 2103 200 2140 τῶν
228 2101 294 2141 καὶ
323 2118 410 2150 πως
437 2104 646 2157 μεταβάλ)
650 2123 740 2150 ουσι
767 2113 820 2151 A.
852 2117 892 2149 et
916 2110 1037 2151 Alex.
1065 2110 1164 2173 Aldi
1176 2138 1187 2158 ‚
1229 2109 1373 2161 quibus
1414 2107 1565 2147 accedit

120 2168 248 2208 Vico
262 2179 536 2213 mercatus.

739 2291 839 2330 Cu.
867 2292 942 2331 IV.

231 2371 483 2414 Admiranda
504 2391 598 2416 sane
615 2392 680 2417 ars
698 2386 759 2419 est
774 2381 1006 2420 Aristotelis
1021 2395 1087 2421 res
1105 2381 1211 2419 inter
1229 2393 1272 2418 se
1288 2379 1564 2428 connectendi,

118 2452 219 2490 quae
240 2440 533 2483 diversissimae
552 2446 758 2487 videntur.
821 2450 936 2500 Quae
956 2451 1063 2488 enim
1082 2448 1286 2499 hucusque
1306 2448 1356 2485 de
1374 2447 1562 2497 fontibus,

117 2505 253 2546 fluviis
282 2515 323 2546 et
344 2512 469 2558 mari,
500 2512 627 2565 deque
653 2517 940 2556 mutationibus
966 2517 1230 2564 disseruerat,
1260 2529 1360 2567 quae
1382 2522 1490 2554 terra
1518 2530 1564 2555 ac

118 2587 231 2614 mar-e
250 2576 485 2629 subierunt,
517 2594 584 2619 eae
606 2588 686 2621 tam
709 2590 819 2622 arcto
846 2585 1013 2624 vinculo
1039 2585 1147 2622 inter
1174 2597 1217 2621 se
1246 2583 1485 2634 cohaerent,
1517 2590 1564 2623 ut

119 2641 221 2682 nihil
242 2658 293 2682 ex
317 2647 450 2684 medio
470 2649 558 2687 tolli
580 2657 709 2700 queat.
765 2653 852 2691 Iam
873 2653 924 2691 ad
943 2653 1256 2705 disputationem
1276 2650 1327 2689 de
1343 2658 1562 2690 ventorum

118 2710 272 2761 origine
294 2726 338 2750 ac
357 2721 502 2754 natura
525 2718 645 2767 redit,
674 2733 797 2770 supra
814 2721 847 2769 Ι,
871 2724 935 2769 13,
961 2724 984 2758 6
1009 2721 1302 2772 interruptam,
1332 2733 1449 2771 quam
1471 2733 1562 2758 cum

117 2781 352 2829 antegressis
371 2796 416 2821 ea
433 2785 590 2824 ratione
609 2787 834 2840 coniungit,
862 2789 972 2841 quod
989 2788 1156 2828 eandem
1176 2788 1338 2827 subesse
1365 2787 1561 2839 originem

118 2842 233 2893 (licat,
262 2861 379 2899 quam
399 2852 520 2891 maris
542 2853 740 2894 salsedini.
777 2857 879 2896 Cum
903 2870 1002 2897 vero
1019 2857 1142 2909 paulo
1162 2855 1369 2895 difficilior
1387 2856 1440 2894 sit
1455 2869 1561 2895 ven-
