1812 3158
328 336 424 380 350
544 346 990 386 COMMENTARIUS
1018 349 1080 388 IN
1099 350 1503 394 METEOROLOG.

325 456 406 494 τῶν
444 452 577 507 ἀρχῶν
614 451 738 505 αὐτὴν
775 453 877 494 καθ’
909 453 1054 508 ἑαυτὴν
1081 453 1177 497 εἶναι
1205 458 1337 499 πίστιν
1363 481 1418 488 -—-
1446 463 1731 507 demonstravit

325 534 420 560 van
447 521 693 572 Cappelle
722 521 772 559 ad
800 523 959 564 Arist.
991 525 1157 575 Quaest.
1180 525 1363 564 mec-han.
1386 541 1425 578 p.
1445 532 1566 582 78sq.

437 587 500 624 14.
530 586 626 624 Post
642 585 897 640 ψυχρότατον
925 590 1074 628 addunt
1097 588 1184 629 ἐστί
1201 592 1251 629 Η.
1274 593 1324 630 Ν.
1351 613 1407 620 -
1434 594 1523 648 περὶ
1543 593 1588 635 δὲ
1606 600 1731 637 ταῦτα

323 650 375 691 τὰ
404 648 572 702 ἐχόμενα
602 653 745 691 omisso
775 653 838 692 καὶ
867 657 919 694 H.
949 654 1000 695 τὰ
1024 663 1115 695 ante
1143 654 1309 708 ἐχόμενα
1336 667 1494 699 servato
1524 661 1589 700 καὶ
1615 665 1733 702 omit-

320 723 411 756 tunt
435 721 484 756 F.
502 719 555 756 N.
583 721 675 769 Bag.
706 734 781 770 pro
805 718 972 772 ἐχόμενα
1001 721 1155 763 τούτων
1182 725 1341 764 videtur
1359 728 1496 778 legisse
1521 723 1571 766 τοὶ
1592 731 1733 781 συνεχῆ

320 781 498 833 τούτων,
529 799 619 823 cum
644 793 796 825 vertat:
822 791 993 840 attigua
1012 789 1086 829 his.
1113 813 1169 820 ——
1196 792 1394 844 Deinceps
1420 800 1511 845 post
1531 790 1733 847 ὑπερβολὴ

320 847 395 903 γὰρ
423 851 510 889 cod.
541 853 588 890 E.
624 852 734 891 addit
763 851 901 907 ἀέρος,
939 870 1172 907 perperam:
1209 858 1242 896 si
1277 859 1372 909 quid
1405 860 1629 899 addendum
1662 869 1731 910 est,

319 918 462 968 supple
481 914 720 968 πνεύματος.
778 922 861 960 Cfr.
893 922 941 959 de
956 931 1143 973 generat.
1166 931 1204 961 et
1225 926 1376 962 interit.
1394 928 1447 976 ΙΙ,
1468 931 1502 966 3.
1522 941 1564 978 p.
1577 929 1731 976 330‚b:

318 981 366 1024 τὸ
396 986 475 1036 πῦρ
506 982 612 1024 ἔστιν
649 981 852 1038 ὑπερβολὴ
890 986 1168 1042 θερμότητος,
1221 987 1353 1044 ὥσπερ
1391 991 1457 1031 καὶ
1487 989 1734 1045 κρύσταλλος

317 1047 596 1102 ψυχρότητος·
636 1048 660 1103 ἦ
690 1050 773 1104 γὰρ,
795 1054 909 1105 πῆξις
945 1055 1011 1094 καὶ
1039 1052 1064 1107 ἦ
1095 1054 1195 1105 ζέσις
1229 1052 1452 1110 ὕπερβολαί
1486 1057 1587 1105 τινές
1619 1058 1731 1108 εἰσιν,

315 1113 341 1168 ἦ
368 1116 443 1168 μὲν
470 1115 750 1170 ψυχρότητος,
788 1114 887 1170 ἤθε’
914 1118 1194 1174 θερμότητος·
1231 1122 1266 1162 εἴ
1291 1122 1366 1174 μὲν
1393 1117 1465 1164 οὖν
1493 1120 1513 1163 ὃ
1535 1122 1735 1178 κρύσταλ-

315 1180 388 1229 λός
416 1181 500 1223 ἐστι
527 1185 642 1236 πῆξις
669 1181 792 1237 ὑγροῦ
819 1185 884 1224 καὶ
904 1190 1066 1241 ψυχροῦ
1095 1188 1159 1227 καὶ
1187 1187 1232 1229 τὸ
1258 1193 1337 1244 πῦρ
1365 1189 1475 1230 ἔσται
1504 1189 1606 1239 ξέσις
1633 1194 1734 1245 θερ-

314 1252 394 1301 μνῦ
423 1250 489 1289 καὶ
518 1251 654 1305 ξηροῦ.
692 1248 752 1290 διὸ
782 1251 846 1291 καὶ
869 1249 986 1292 οὐδὲν
1015 1250 1104 1293 οὔτ’
1128 1253 1170 1294 ἐκ
1189 1254 1442 1308 κρυστάλλου
1461 1256 1618 1310 γίνεται,
1649 1256 1727 1298 οὔτ’

317 1314 361 1355 ἐκ
388 1313 529 1369 πυρός.
587 1318 728 1364 Adde,
757 1332 856 1369 quae
877 1319 928 1357 ad
945 1321 976 1368 Ι,
998 1320 1035 1369 4,
1052 1322 1078 1359 4
1106 1323 1366 1361 monebimus.

429 1385 493 1421 15.
521 1386 594 1422 τοῦ
623 1382 834 1436 λεγομένου
862 1384 927 1424 καὶ
955 1385 1203 1437 καλουμένου
1231 1388 1279 1428 Α.
1301 1390 1408 1428 Cam.
1428 1390 1474 1429 P.
1495 1392 1534 1428 S.
1556 1392 1626 1431 Er.
1647 1392 1732 1430 Cas.

313 1449 393 1487 Pro
410 1447 569 1502 θερμόν
586 1452 633 1489 Ε.
657 1465 720 1502 pr.
743 1465 861 1489 manu
881 1449 1042 1505 ψυχρόν
1062 1460 1102 1492 et
1117 1455 1171 1493 ita
1193 1455 1310 1493 etiam
1329 1458 1446 1506 paulo
1466 1463 1567 1508 post.
1602 1459 1731 1496 Male!

313 1517 387 1555 cfr.
410 1518 465 1565 II,
496 1519 542 1555 5:
578 1511 599 1556 ὅ
628 1514 703 1567 μὲν
733 1508 806 1555 οὗν
835 1513 938 1569 ἀήρ,
980 1515 1165 1572 καθάπερ
1195 1519 1236 1559 ἓν
1263 1524 1348 1566 τοῖς
1375 1519 1453 1574 πρὸ
1480 1519 1635 1562 τούτων
1662 1520 1734 1562 λό-

313 1595 399 1634 γοις
426 1579 651 1635 εἰρήκαμεν,
681 1581 827 1634 γίνεται
857 1581 901 1622 ἐκ
927 1581 1104 1624 τούτων·
1131 1581 1156 1637 ἦ
1174 1584 1249 1637 μὲν
1266 1584 1341 1639 γὰρ
1370 1584 1488 1638 ἀτμὶς
1514 1584 1636 1642 ὗγρὸν
1665 1589 1732 1628 καὶ

312 1645 475 1702 ψυχρόν
504 1646 726 1702 (εὖόριστον
755 1647 830 1699 μὲν
857 1647 933 1703 γὰρ
964 1646 1018 1697 ὡς
1044 1647 1180 1704 ὑγρόν,
1219 1650 1287 1692 διὰ
1315 1651 1359 1692 δὲ
1386 1650 1432 1693 τὸ
1456 1650 1607 1700 ’ὕδατος
1634 1650 1733 1694 εἶναι

312 1713 474 1768 ψυχρὸν
512 1717 562 1769 τῇ
592 1715 716 1772 οἶκείᾳ
745 1713 883 1769 φύσει,
926 1713 1058 1771 ὥσπερ
1087 1715 1198 1771 ὕδωρ
1227 1716 1283 1770 μὴ
1313 1719 1596 1775 θερμανθέν),
1638 1717 1658 1759 ὃ
1688 1719 1733 1760 δὲ

313 1779 464 1827 καπνὸς
490 1779 650 1834 θερμὸν
678 1781 744 1821 καὶ
773 1779 906 1834 ξηρόν.
944 1779 1046 1823 ὥστε
1074 1782 1261 1838 καθάπερ
1290 1783 1334 1825 ἐκ
1361 1783 1591 1837 συμβόλων,
1622 1785 1733 1826 συνί-

313 1859 452 1886 σταιτο
485 1844 533 1886 ἂν
562 1843 583 1887 ὃ
616 1845 694 1900 ἀὴρ
729 1843 851 1899 ὑγρὸς
883 1847 950 1887 καὶ
976 1848 1154 1902 θερμός·
1189 1873 1246 1880 —
1299 1853 1349 1890 In
1377 1853 1512 1891 verbis
1551 1850 1636 1892 διὰ
1675 1851 1730 1893 τὸ

312 1911 549 1964 ἀτμίζειν
576 1927 628 1952 τε
663 1912 748 1952 καὶ
784 1910 1148 1965 ἀναθυμίασιν
1185 1913 1324 1966 ἔχειν
1358 1919 1469 1969 γῆς,
1510 1932 1611 1969 quae
1634 1920 1731 1970 quid

310 1980 385 2017 sibi
404 1979 554 2029 velint,
584 1993 635 2017 ex
660 1979 796 2019 verbis
826 1981 960 2031 paullo
986 1988 1076 2020 ante
1103 1983 1241 2020 adlatis
1267 1989 1399 2034 patet,
1429 1997 1472 2022 τε
1501 1985 1648 2023 omittit
1675 1986 1729 2023 N.

310 2047 381 2098 γῆς
401 2042 500 2096 ἔχειν
518 2046 682 2097 praebet
700 2047 746 2084 F.
795 2047 896 2085 Cum
916 2049 1035 2098 vulgo
1058 2044 1230 2098 ἀτμίζειν
1250 2050 1441 2100 significet
1459 2046 1609 2100 ἀτμίδα
1627 2047 1729 2090 ἀπο-

311 2115 420 2151 πνεΐν
447 2126 488 2151 v.
506 2126 540 2151 e.
564 2113 669 2164 apud
698 2112 1115 2164 Theophrastum
1146 2113 1193 2152 de
1218 2128 1352 2153 caus-9.
1374 2116 1510 2165 plant.
1531 2118 1584 2165 Π,
1603 2117 1641 2164 4,
1665 2121 1727 2155 11.

310 2182 465 2229 p.398:
495 2179 545 2231 γῆ
575 2175 726 2230 ἀτμίζει
752 2174 878 2231 ὕδωρ,
906 2180 1010 2218 infra
1028 2181 1062 2230 Ι,
1087 2184 1152 2219 10.
1180 2194 1221 2232 Ρ.
1244 2181 1337 2228 347,
1358 2182 1403 2220 b:
1433 2179 1588 2235 φρέατα
1610 2179 1729 2233 ἀτμί-

311 2243 364 2294 ζει
391 2243 567 2297 βορείοις
594 2243 749 2295 μᾶλλον
776 2242 802 2296 ἢ
831 2244 998 2295 νοτίοις,
1045 2246 1151 2285 The
1164 2260 1186 2284 ο
1195 2247 1307 2299 phr.
1343 2248 1391 2285 de
1418 2246 1598 2287 sudorib.
1631 2249 1665 2298 §.
1685 2255 1725 2289 2.

309 2325 350 2363 p.
376 2315 477 2350 811:
508 2307 742 2361 ἄτμίζοντος
771 2308 831 2350 ἀεὶ
859 2313 931 2351 τοῦ
961 2309 1168 2362 σώματος,
1210 2311 1352 2350 Probl.
1380 2315 1547 2363 XXVI,
1581 2318 1647 2353 28.
1687 2329 1728 2366 p.

311 2377 405 2427 943,
434 2392 477 2416 a:
516 2374 689 2428 ἀτμίζειν
719 2379 879 2417 ποιοῦσι
908 2375 945 2416 οἳ
971 2376 1217 2431 ψυχρότεροι
1247 2375 1407 2429 ἄνεμοι,
1444 2381 1510 2419 ubi
1539 2383 1728 2432 supplen-

310 2444 407 2483 dum
435 2441 510 2495 τὴν
532 2445 628 2496 γῆν,
663 2444 771 2496 quod
799 2446 916 2483 etiam
941 2445 1242 2496 intelligendum
1273 2451 1357 2484 erat
1382 2446 1432 2483 ad
1459 2453 1725 2497 antegressum

310 2509 563 2564 ξηραίνουσι,
617 2511 950 2562 Xenophont.
991 2511 1179 2551 Anabas.
1210 2513 1282 2560 IV,
1312 2513 1348 2557 5,
1379 2513 1452 2550 15:
1493 2509 1643 2563 κρήνην
1671 2536 1726 2543 —-

309 2574 336 2628 ἢ
365 2575 534 2629 πλησίον
563 2570 615 2629 ἦν
646 2574 867 2629 ἀτμίζουσα
895 2575 937 2616 ἐν
965 2573 1072 2631 νάπῃ
1117 2577 1207 2630 (adi
1246 2578 1406 2616 omnino
1438 2578 1726 2617 Blomfield

310 2644 438 2682 Gloss.
467 2643 518 2682 ad
543 2642 791 2695 Aeschyl.
822 2644 1062 2695 Agamemn.
1081 2658 1122 2683 v.
1148 2640 1270 2696 1282)
1300 2664 1355 2671 -
1383 2648 1450 2680 aut
1480 2639 1629 2693 ἀτμίδα
1657 2643 1724 2684 ἕκ-

308 2707 486 2760 πέμπειν,
514 2723 707 2760 vaporem
723 2724 977 2760 provocare,
1006 2717 1053 2749 ut
1072 2711 1176 2749 infra
1194 2712 1229 2759 Ι,
1251 2712 1321 2747 11:
1349 2710 1420 2747 τοῦ
1449 2705 1725 2760 ἓξατμίζοντος

308 2773 353 2815 ἐκ
375 2777 448 2827 τῆς
473 2777 547 2828 γῆς
570 2772 618 2815 τὸ
646 2771 772 2829 ὑγρὸν.
796 2772 946 2827 πυρός,
993 2774 1335 2827 Theophrast.
1371 2774 1419 2811 de
1443 2783 1550 2814 vent.
1590 2778 1625 2827 §.
1657 2778 1722 2816 41.
