1820 3158
0 439 14 562 ‘'¹⁵⁴⁴ssv-u5ue-
4 364 15 430 *iffi-z·
4 341 6 348 Α·
4 288 6 290 ’

153 398 547 443 -p.363,b.13ekk.-
594 398 991 438 LIB.11.CAP.V1.
1047 395 1422 440 —p.347,n.cas.-
1476 390 1568 434 103

128 511 229 568 τρόν
257 528 299 554 τε
328 511 499 565 κείμενοι
530 509 685 565 ἄνεμοι,
716 510 783 552 καὶ
805 506 867 559 οἷς
895 510 994 552 εἰσὶν
1023 509 1220 552 ἐναντίοι·
1264 508 1391 566 ἕτεροι
1421 508 1463 551 δ’
1496 510 1571 552 εἶσὶ

129 578 233 622 καθ’
255 578 326 628 οὓς
354 578 562 621 οὔκ-ἴστιν
591 579 755 621 ἐναντία
781 577 1005 633 πνεύματα.
1047 577 1127 620 ἀπὸ
1154 577 1231 631 μὲν
1257 577 1335 634 γὰρ
1363 581 1438 620 τοῦ
1458 579 1495 630 Ι,
1525 575 1572 620 ὃν

130 650 298 689 καλοῦσι
326 648 555 703 θρασκίαν·
586 640 707 696 οὗτος
735 645 813 703 γὰρ
842 646 968 700 μέσος
996 645 1196 702 ἀργέστου
1224 646 1291 688 καὶ
1320 644 1570 702 ἀπαρκτίου·

129 714 209 757 ἀπὸ
241 715 287 757 δὲ
314 720 389 758 τοῦ
419 717 485 767 Κ,
526 713 574 758 ὃν
603 719 772 758 καλοῦσι
799 714 952 768 μέσην·
990 708 1111 763 οὗτος
1136 712 1216 769 γὰρ
1251 712 1377 767 μέσος
1415 714 1573 756 καικίου

129 784 196 824 καὶ
225 783 467 840 ἀπαρκτίου.
518 781 544 838 ἦ
577 783 623 826 δὲ
650 786 726 826 τοῦ
757 783 783 825 I
795 784 841 825 K
877 781 1095 838 διάμετρος
1126 781 1320 836 βούλεται
1355 781 1432 835 μὲν
1469 781 1574 824 κατὰ

127 850 200 894 τὸν
229 851 298 894 διὰ
325 850 479 900 παντὸς
509 849 609 894 εἶναι
631 850 891 908 φαινόμενον,
921 849 996 893 οὐκ
1019 849 1187 908 ἀκριβοῖ
1204 849 1262 892 δέ.
1323 855 1363 892 9.
1388 848 1575 892 Ἔναντία
1604 855 1628 892 9

128 919 174 961 δὲ
202 918 364 969 τούτοις
392 919 466 962 οὒκ
494 919 577 962 ἔστι
605 925 692 969 τοῖς
720 918 970 972 πνεύμασιν,
1018 917 1110 960 οὔτε
1138 921 1198 976 τῷ
1227 917 1435 976 θρασκίᾳ,
1482 916 1574 960 οὔτε

126 991 186 1044 τῷ
213 987 319 1044 μέσῃ
357 986 492 1044 (ἔπνει
520 986 598 1042 γὰρ
628 985 680 1028 ἄν
708 1003 772 1036 τις
800 985 873 1042 ἐφ’
908 979 957 1029 οὗ
985 985 1032 1028 τὸ
1064 987 1141 1029 Μ·
1188 989 1311 1027 τοῦτο
1352 984 1430 1042 γὰρ
1469 984 1574 1028 κατὰ

127 1054 376 1111 διάμετρον),
408 1053 499 1097 οὔτε
517 1058 577 1112 τῷ
596 1056 632 1105 I,
661 1058 720 1112 τῷ
740 1054 950 1113 θρασκίᾳ·
980 1053 1086 1096 ἔπνει
1113 1052 1192 1116 γᾴρ
1220 1050 1271 1095 ἂν
1301 1051 1381 1095 ἀπὸ
1411 1056 1485 1095 τοῦ
1508 1055 1572 1094 Ν·

126 1126 249 1165 τοῦτο
275 1122 354 1177 γὰρ
384 1121 488 1165 κατὰ
515 1121 734 1178 διάμετρον
762 1121 810 1164 τὸ
841 1127 1030 1176 σημεῖον,
1072 1123 1108 1164 εἲ
1134 1120 1193 1176 μὴ
1225 1119 1302 1162 ἀπ’
1338 1119 1468 1163 αὐτοῦ
1507 1122 1573 1163 καὶ

127 1189 195 1231 ἐπ’
228 1190 364 1246 ὀλίγον
400 1196 494 1232 πνεῖ
525 1205 587 1238 τις
623 1188 794 1245 ἄνεμος,
842 1188 890 1232 ὃν
919 1193 1112 1232 καλοῦσιν
1143 1189 1183 1233 οἶ
1213 1189 1304 1245 περὶ
1334 1187 1408 1233 τὸν
1444 1188 1573 1231 τόπον

126 1257 275 1308 ἐκεῖνον
303 1258 519 1313 φοινικίσιν.
580 1264 646 1300 10.
684 1257 748 1300 Τὰ
768 1257 845 1312 μὲν
865 1251 938 1300 οὗν
956 1256 1190 1314 κυριώτατα
1219 1258 1286 1300 καὶ
1317 1256 1564 1313 διωρισμένα
1578 1264 1628 1298 10

123 1321 334 1380 πνεύματα
370 1324 492 1368 ταῦτ’
527 1325 612 1367 ἐστὶ
648 1327 716 1368 καὶ
752 1330 902 1369 τοῦτον
940 1327 1130 1369 τέτακται
1165 1325 1240 1369 τὸν
1267 1325 1448 1382 τρόπον·
1497 1329 1572 1368 τοῦ

125 1391 176 1433 δ”
197 1390 297 1435 εἶναι
324 1394 487 1443 πλείους
525 1391 699 1447 ἀνέμους
728 1393 808 1436 ἀπὸ
839 1398 923 1439 τῶν
950 1394 1057 1452 πρὸς
1086 1393 1238 1451 ἄρκτον
1265 1393 1406 1436 τόπων
1435 1392 1461 1449 ἢ
1491 1397 1573 1436 τῶν

122 1460 228 1515 πρὸς
244 1462 503 1518 μεσημβρίαν
525 1460 655 1504 αἶ’τιον
684 1461 809 1515 ‘toste
838 1461 914 1517 τὴν
934 1462 1175 1517 οἰκουμένην
1196 1460 1442 1504 ὑποκεῖσθαι
1470 1460 1575 1518 πρὸς

121 1532 269 1572 τοῦτον
294 1528 368 1572 τὸν
386 1529 529 1583 τόπον,
562 1530 629 1572 καὶ
660 1528 723 1572 ὅτι
752 1534 892 1588 πολλῷ
923 1535 1060 1573 πλεῖον
1087 1529 1203 1586 ὕδωρ
1233 1531 1299 1572 καὶ
1327 1530 1431 1584 χιὼν
1459 1528 1574 1571 ἄπω-

123 1599 258 1639 θεῖται
287 1598 344 1646 εἰς
370 1602 494 1640 τοῦτο
524 1596 571 1639 τὸ
600 1598 727 1654 μέρος
756 1598 825 1640 διὰ
855 1598 903 1641 τὸ
935 1597 1056 1640 ἐκεῖν’
1090 1596 1169 1641 ὕπὸ
1209 1597 1283 1640 τὸν
1318 1597 1435 1651 ἥλιον
1473 1594 1573 1639 εἶναι

124 1733 288 1781 aestivo,
319 1735 507 1785 solusque
526 1747 601 1785 per
623 1734 865 1774 diametrum
886 1736 922 1774 ei
944 1735 1175 1786 opponitur.
1221 1738 1260 1774 8.
1293 1734 1418 1773 Venti
1434 1734 1572 1786 igitur,

126 1800 194 1850 qui
222 1814 298 1852 per
329 1801 570 1840 diametrum
602 1803 723 1854 positi
749 1810 866 1852 sunt,
895 1809 936 1842 et
963 1803 1108 1853 quibus
1133 1803 1203 1840 alii
1222 1802 1512 1849 adversantur,
1543 1801 1570 1838 ii

125 1873 230 1907 sunt,
286 1869 370 1907 Alii
395 1875 528 1907 autem
549 1876 663 1918 sunt,
694 1871 839 1921 quibus
857 1870 1050 1910 contrarii
1067 1870 1184 1909 flatus
1211 1869 1315 1908 nulli
1337 1875 1444 1908 sunt.
1503 1869 1570 1908 Ab

124 1934 152 1974 I
172 1936 277 1974 enim
298 1936 332 1975 is
351 1950 465 1988 quem
493 1942 640 1976 vocant
659 1937 907 1988 Thrasciam,
937 1939 1048 1977 inter
1063 1939 1262 1990 Argesten
1283 1943 1322 1975 et
1338 1937 1570 1990 Aparctiam

122 2003 398 2043 intermedius.
455 2004 522 2043 Ab
543 2005 632 2057 ipso
655 2012 791 2045 autem
810 2007 855 2047 K
877 2008 933 2057 is,
965 2019 1084 2058 quem
1107 2008 1249 2046 Mesen
1271 2011 1438 2055 vocant,
1466 2005 1573 2044 inter

123 2071 302 2110 Caeciam
323 2078 363 2110 et
380 2073 612 2124 Aparctiam
640 2074 809 2115 medius.
866 2077 1002 2128 Atque
1031 2074 1229 2113 diameter
1256 2073 1332 2113 JK
1354 2073 1466 2111 iuxta
1491 2072 1571 2110 cir—

123 2140 261 2177 culum
281 2154 441 2193 semper
460 2143 724 2198 conspicuum
744 2157 830 2182 esse
850 2144 962 2192 solet,
985 2142 1093 2181 haud
1115 2156 1216 2181 vero
1232 2154 1400 2194 prorsus
1420 2145 1570 2178 exacte.

125 2211 161 2244 9.
190 2207 264 2245 His
288 2214 416 2246 autem
437 2208 597 2249 flatibus
626 2211 828 2250 contraria
854 2225 937 2250 non
957 2217 1049 2250 sunt
1069 2224 1199 2262 neque
1225 2209 1416 2249 videlicet
1434 2209 1572 2246 Mesae

125 2272 287 2324 (aliquis
310 2276 416 2313 euim
444 2278 616 2328 spiraret
633 2292 656 2317 a
676 2285 827 2330 puncto
847 2279 921 2328 M,
955 2278 1064 2332 quod
1083 2291 1159 2330 per
1180 2277 1422 2316 diametrum
1442 2288 1572 2327 oppo-

124 2339 274 2393 nitur),
301 2354 431 2394 neque
449 2344 665 2384 Thrasciae
691 2347 736 2384 in
760 2345 806 2393 I,
846 2361 869 2385 a
896 2347 942 2386 N
966 2346 1096 2394 enim,
1138 2344 1248 2395 quod
1273 2349 1470 2396 punctum
1495 2355 1572 2393 per

123 2406 366 2448 diametrum
385 2410 602 2450 adversum
621 2419 694 2460 est,
713 2414 907 2465 spiraret3
934 2414 1012 2453 nisi
1030 2413 1079 2452 ab
1099 2412 1179 2451 hoc
1199 2412 1326 2460 venit,
1347 2411 1417 2462 qui
1437 2416 1572 2448 tamen
1627 2446 1647 2456 ,

124 2488 207 2514 nou
234 2476 354 2528 longe
373 2479 657 2529 progreditur,
687 2488 835 2520 ventus
856 2482 1019 2534 quidam
1032 2510 1044 2530 ,
1075 2493 1194 2532 quem
1218 2479 1375 2534 aecolae
1397 2477 1572 2516 Phoeni-

124 2542 225 2581 ciam
253 2551 412 2583 vocant.
484 2549 548 2585 10.
586 2548 800 2600 Praecipui
838 2550 962 2601 igitur
998 2547 1234 2598 definitique
1264 2545 1377 2586 venti
1405 2544 1450 2584 hi
1478 2550 1573 2584 sunt

123 2609 310 2661 huncque
330 2612 374 2651 in
395 2613 563 2652 modum
586 2615 777 2668 dispositi.
837 2618 922 2656 Cur
942 2622 1077 2654 autem
1096 2628 1119 2653 a
1138 2614 1257 2662 locis,
1287 2627 1390 2665 quae
1409 2613 1460 2651 ad
1478 2625 1573 2663 sep-

123 2678 368 2716 tentrionem
388 2682 518 2730 posita
543 2689 661 2729 sunt,
697 2685 834 2735 plures
862 2684 1099 2723 exoriantur
1127 2682 1264 2728 venti,
1294 2695 1413 2732 quam
1438 2680 1488 2716 ab
1506 2680 1569 2723 iis,

127 2759 229 2796 quae
249 2745 300 2783 ad
319 2747 542 2796 meridiem,
573 2762 687 2788 causa
703 2758 774 2800 est,
797 2752 986 2802 quoniam
1002 2749 1229 2788 habitabilis
1246 2754 1354 2786 terra
1370 2746 1464 2784 huic
1480 2746 1568 2784 loco

126 2813 377 2864 subiiciatur‚
415 2816 605 2868 quodque
632 2817 675 2856 in
705 2817 807 2857 hanc
839 2825 995 2871 partem
1033 2818 1124 2868 plus
1156 2829 1350 2867 aquarum
1382 2820 1422 2853 et
1450 2814 1569 2861 nivis,

126 2882 313 2932 quoniam
330 2882 400 2921 illa
418 2884 491 2922 soli
513 2885 678 2937 eiusque
698 2887 867 2925 motioni
885 2886 1042 2926 subdita
1051 2885 1144 2931 sint,
1155 2883 1401 2935 depellatur:
1425 2881 1569 2933 quibus
