1820 3158
122 345 522 392 —p.348,a.13ek1‹.—
587 345 736 386 LIB.I.
765 342 998 384 CARXH,
1063 338 1233 385 -p.334,
1247 341 1287 375 Β.
1305 338 1433 378 Cas,—
1478 332 1540 376 41

122 458 267 501 οὐδένα
292 458 440 516 χρόνον
471 455 558 501 οἶόν
583 474 626 499 τε
653 457 783 511 μένειν
800 455 1003 511 μετέωρον
1022 452 1083 496 ὄν.
1141 459 1180 494 3.
1205 450 1328 494 Ἀλλὰ
1345 452 1428 507 μὴν
1447 452 1541 495 οὐδ’
1577 459 1601 494 3

122 525 256 583 ὥσπερ
287 527 329 568 αἱ
355 526 540 580 ψακάδες
564 523 647 566 ἄνω
674 525 750 578 μὲν
779 523 968 577 ὀχοῦνται
993 521 1060 563 διὰ
1081 518 1317 576 μικρότητα,
1349 521 1547 576 ἐνδιατρί-

122 606 256 647 ψασαι
286 594 327 636 ‹5’
350 595 413 636 ἐπὶ
441 598 515 635 τοῦ
544 592 684 648 ἀέρος,
729 590 862 644 ὥσπερ
905 591 970 631 καὶ
1010 590 1073 630 ἐπὶ
1111 592 1184 630 τοῦ
1218 587 1369 638 ὕδατος
1401 593 1451 643 γῆ
1481 591 1546 630 καὶ

118 661 274 718 χρυσὸς
303 662 370 704 διὰ
396 663 679 717 μικρομέρειαν
706 659 900 708 πολλάκις
926 657 1192 710 ἐπιπλέουσιν,
1223 655 1354 706 οὕτως
1384 657 1447 698 ἐπὶ
1475 662 1548 699 τοῦ

123 729 243 785 ἀέρος
269 729 316 772 τὸ
345 728 479 784 ὕδωρ,
522 727 803 770 συνελθόντων
833 727 877 768 δὲ
906 729 1069 768 πολλῶν
1096 729 1252 781 μικρῶν
1279 723 1447 780 μεγάλαι
1476 742 1549 767 κα-

122 797 365 853 ταφέρονται
395 796 592 850 ψακάδες.
670 798 709 837 4.
752 798 886 836 Τοῦτο
925 793 1001 850 γὰρ
1034 792 1107 836 οὐκ
1137 792 1334 846 ἐνδέχεται
1362 793 1550 848 γενέσθαι
1580 797 1604 835 4

122 864 187 904 ἐπὶ
221 868 295 918 τῆς
329 863 528 918 χαλάζης·
583 863 642 905 οὗ·
660 863 736 919 γὰρ
767 862 993 919 συμφύεται
1021 861 1073 903 τὰ
1102 860 1308 915 πεπηγότα
1337 859 1471 917 ὥσπερ
1500 854 1552 904 τὰ

121 928 238 987 ὑγρά.
281 933 404 986 δῆλον
434 927 505 973 οὖν
535 930 597 973 ὅτι
627 930 711 973 ἄνω
741 934 936 972 τοσοῦτον
962 929 1076 985 ὕδωρ
1105 928 1277 982 ἔμεινεν·
1321 928 1368 970 οὗ
1397 929 1474 985 γὰρ
1505 929 1555 973 ἂν

123 998 249 1054 ἐπάγη
278 1003 488 1041 τοσοῦτον.
548 1006 585 1041 5.
626 1002 725 1047 Τοΐς
751 999 827 1051 μὲν
859 993 932 1039 οὖν
962 998 1075 1038 δοκεῖ’
1104 999 1178 1038 τοῦ
1215 995 1381 1046 πάθους
1424 997 1553 1040 αἴτιον
1584 1018 1607 1041 o

125 1064 223 1108 εἶναι
245 1066 392 1109 τούτου
421 1069 487 1108 καὶ
515 1071 588 1120 τῆς
613 1066 822 1120 γενέσεως,
853 1064 952 1107 ὅταν
971 1064 1151 1119 ἀπωσθῇ
1179 1062 1225 1105 τὸ
1247 1064 1370 1120 νέφος
1398 1067 1454 1114 εἷς
1482 1066 1554 1108 τὸν

124 1134 208 1177 ἄνω
247 1134 373 1177 τόπον
407 1138 563 1187 μᾶλλον
601 1132 700 1176 ὄντα
733 1133 897 1189 ψυχρὸν
934 1132 1002 1174 διὰ
1029 1131 1077 1174 τὸ
1107 1130 1237 1187 λήγειν
1267 1133 1351 1174 ἐκεῖ
1369 1134 1444 1183 τὰς
1471 1134 1551 1177 ἀπὸ

123 1207 198 1256 τῆς
225 1207 298 1257 γῆς
324 1206 405 1244 τῶν
434 1202 604 1243 ἀκτίνων
634 1200 885 1254 ἀνακλάσεις,
916 1199 1045 1242 ἐλθὸν
1102 1199 1113 1214 '
1138 1200 1223 1242 ἐκεῖ
1245 1200 1477 1256 πήγνυσθαι
1505 1204 1553 1246 τὸ

123 1269 250 1324 ὕδωρ.
302 1269 365 1312 ὸίὸ
395 1271 461 1311 καὶ
491 1269 643 1325 θέρους
668 1273 826 1323 μᾶλλον
866 1270 932 1310 καὶ
969 1269 1011 1310 ἓν
1046 1274 1136 1317 ταῖς
1174 1266 1368 1319 ἃλεειναΐς
1400 1271 1556 1327 χώραις

123 1339 305 1394 γίνεσθαι
334 1338 408 1387 τὰς
431 1338 634 1391 χαλάζας,
675 1337 737 1379 ὅτι
771 1338 835 1378 ἐπὶ
862 1340 1000 1378 πλεῖον
1029 1336 1076 1378 τὸ
1107 1341 1265 1391 θερμὸν
1293 1337 1454 1381 ‹invto-fh?
1476 1341 1554 1383 ἀπὸ

123 1411 196 1460 τῆς
220 1412 291 1462 γῆς
317 1407 391 1456 τὰς
419 1407 600 1462 νεφέλας.
662 1413 701 1448 6.
742 1406 964 1458 Συμβαίνει
996 1403 1035 1446 δ’
1066 1405 1108 1446 ἓν
1135 1411 1222 1455 τοῖς
1250 1405 1415 1464 σφόδρα
1441 1405 1555 1464 ὗψη-
1587 1417 1611 1450 6

125 1478 211 1524 λοΐς
245 1474 391 1529 ἥκιστα
426 1476 610 1530 γίνεσθαι
642 1472 843 1527 χαλάζας·
903 1474 1033 1514 καίτοι
1068 1472 1166 1524 ἔδει,
1216 1472 1351 1531 ὥσπερ
1375 1477 1456 1518 aeui
1484 1477 1558 1531 τὴν

122 1542 242 1596 χιόνα
280 1540 438 1597 ὁρῶμεν
475 1544 539 1583 ἐπὶ
578 1549 665 1590 τοῖς
700 1539 879 1595 ὗψηλοῖς
905 1539 1084 1594 μάλιστα
1114 1541 1336 1596 γινομένην.
1404 1550 1444 1585 7.
1471 1544 1559 1586 ”Eu
1589 1553 1614 1588 7

128 1611 172 1653 δὲ
201 1608 394 1659 πολλάκις
423 1605 552 1652 ὦπται
581 1611 681 1666 νέφη
713 1609 918 1666 φερόμενα
947 1607 1020 1650 σὺν
1048 1606 1180 1666 ψόφῳ
1206 1612 1344 1668 πολλῷ
1363 1611 1463 1667 παρ’
1487 1611 1560 1653 αὖ-

129 1748 299 1786 sublime
325 1760 499 1785 manere.
565 1751 601 1786 3.
632 1747 688 1786 At
714 1759 866 1798 neque,
895 1751 940 1783 ut
969 1746 1097 1783 stillae
1127 1759 1249 1798 supra
1274 1746 1480 1787 vehuntur
1508 1752 1560 1789 ob

128 1815 368 1867 parvitatem
395 1815 438 1854 in
459 1820 552 1854 a'ere
572 1820 754 1854 versatae
787 1812 1142 1866 (quemadmodum
1163 1814 1270 1853 enim
1294 1820 1427 1854 terrae
1452 1820 1558 1857 auri-

130 1898 208 1936 que
241 1883 407 1934 exiguae
442 1884 662 1935 particulae
693 1895 816 1933 aquae
849 1895 968 1933 saepe
995 1882 1195 1931 innatant,
1232 1882 1288 1920 ita
1317 1885 1400 1922 a’eri
1430 1884 1559 1939 aqua),

130 1952 424 2002 multarumque
453 1951 681 1990 coeuntium
713 1963 854 2000 magna
884 1948 1142 1988 devehuntur
1177 1950 1399 2001 stillicidia,
1437 1954 1491 1992 ita
1519 1956 1560 1994 in

130 2019 323 2071 grandine
351 2018 441 2056 fieri
468 2025 611 2071 potest.
678 2018 718 2057 4.
757 2018 1019 2069 Nequaquam
1048 2018 1153 2055 enim
1184 2019 1430 2070 coalescunt,
1463 2036 1562 2073 quae

131 2087 195 2139 gel
241 2094 539 2136 concreverant,
564 2085 902 2139 quemadmodum
922 2085 1099 2125 humida.
1143 2086 1257 2124 Patet
1273 2087 1395 2137 igitur
1414 2095 1561 2129 tantam

132 2102 233 2206 aqh

133 2223 271 2261 suisset
297 2223 546 2273 conglaciata.
621 2225 659 2261 5.
704 2222 920 2260 Nonnullis
948 2222 1070 2272 igitur
1096 2221 1260 2260 videtur
1289 2223 1564 2274 phaenomcno

136 2289 299 2339 eiusque
319 2289 464 2340 origini
484 2303 596 2327 causa
617 2290 790 2338 subesse,
820 2289 930 2343 quod
952 2289 1078 2327 nubes
1095 2290 1138 2327 in
1160 2292 1410 2341 superiorem
1431 2294 1561 2332 locum

134 2356 401 2409 protrudatur
435 2370 607 2408 eumque
640 2356 912 2407 frigidiorem,
953 2357 1103 2408 quippe
1131 2357 1173 2394 in
1203 2370 1281 2407 quo
1307 2358 1513 2398 radiorum
1545 2377 1567 2400 a

137 2431 247 2462 terra
271 2423 510 2462 reflexiones
537 2423 739 2473 desinant,
767 2424 838 2462 ubi
865 2425 1030 2462 simulac
1059 2423 1291 2474 advenerit,
1321 2429 1564 2478 congeletur,

137 2491 370 2542 idcircoque
391 2497 535 2529 aestate
561 2491 694 2542 potius
714 2497 753 2529 et
768 2492 811 2530 in
831 2491 1086 2530 calidioribus
1114 2491 1211 2528 locis
1234 2493 1445 2542 grandines
1468 2497 1566 2545 lieri,

139 2573 230 2598 eum
257 2559 366 2596 calor
396 2572 475 2609 quo
505 2558 700 2596 intensior
729 2572 776 2596 eo
803 2558 1061 2610 longinquius
1086 2558 1210 2596 nubes
1240 2574 1400 2599 sursum
1434 2565 1565 2615 pellat.

142 2627 181 2666 6.
210 2626 336 2677 Atqui
364 2626 406 2664 in
426 2627 534 2664 locos
563 2625 682 2664 valde
711 2626 840 2664 editos
866 2627 1030 2664 minime
1054 2627 1286 2676 grandinem
1313 2629 1441 2669 delabi
1474 2646 1570 2670 cun—

142 2700 238 2732 stat:
269 2693 380 2744 quod
401 2694 564 2745 quidem
594 2693 685 2731 fieri
709 2692 895 2743 debebat,
925 2693 1260 2745 quemadmodum
1289 2698 1423 2735 nivem
1450 2701 1568 2737 ctiam

142 2762 184 2799 in
209 2761 410 2800 montibus
438 2761 722 2799 creberrimam
750 2760 842 2799 fieri
867 2761 1065 2800 videmus.
1123 2765 1161 2801 7.
1190 2748 1402 2803 Praeterea
1429 2780 1568 2818 saepe-

144 2842 311 2868 numero
339 2829 466 2868 nubcs
493 2835 689 2882 apparent
714 2829 863 2881 ingenti
884 2830 1061 2883 ⁶strepitu
1090 2844 1219 2884 prope
1241 2837 1388 2871 terram
1417 2833 1571 2873 delalac

234 2168 256 2192 c
287 2156 440 2205 copiam
477 2155 519 2192 in
551 2169 698 2207 supero
725 2155 815 2192 loco
844 2154 1128 2205 permansisse:
1160 2166 1293 2204 neque
1323 2157 1427 2194 enim
1458 2165 1565 2198 tanta
