1774 3198
412 342 633 383 LIBRUM
663 340 990 382 SECUNDUM.
1050 341 1260 382 CAP-IV.
1453 334 1545 378 551

116 459 241 499 vavit.
265 480 314 487 -—
346 453 406 496 ἀεὶ
429 469 506 508 pro
528 453 593 495 δεῖ
604 456 654 496 Ε.
684 468 785 508 quac
804 455 931 495 verba
952 467 1241 511 saepenumero
1259 456 1423 496 confusa
1440 462 1546 495 sunit.

116 527 190 565 cfr.
221 524 435 565 Brunck
462 523 513 563 ad
540 522 887 576 Aristophan.
919 523 1119 562 Cone-ion.
1149 536 1188 563 v.
1213 527 1310 563 293.
1344 544 1395 554 —-
1439 519 1548 563 οὕτω

206 676 328 704 contra
354 669 658 715 Hipparchum
679 668 945 706 vindicavit.—
966 670 1008 702 In
1028 674 1103 703 tota
1126 673 1243 703 autem
1266 667 1441 703 Herodoti
1463 678 1547 702 nai·-

204 726 343 760 ratione
366 728 467 770 plura
490 727 646 772 repperit
671 727 960 761 Plutarchus
998 737 1111 771 eaque
1140 726 1235 760 haud
1258 725 1397 760 infirma
1423 730 1547 760 contra

202 783 483 818 Herodotum
504 785 731 830 argumenta:
758 783 908 828 primum
934 782 1028 817 enim
1051 785 1162 817 malus
1185 782 1311 817 fuisset
1333 793 1418 820 saue
1440 793 1546 826 prae·

203 845 323 874 textus
350 839 553 883 Corinthiis,
578 840 878 876 Lacedaemonios
903 851 982 874 cum
1009 840 1135 874 Samiis
1157 839 1383 874 concutiendi
1411 838 1481 882 ita,
1506 843 1546 873 uk
1604 860 1607 862 -

202 907 327 930 manus
350 905 600 943 consererent,
632 899 714 944 quia
739 904 916 933 trecentos
939 908 1069 941 pueros
1093 909 1112 931 a
1136 908 1174 931 se
1201 897 1393 931 crudeliter
1415 901 1545 930 tracta-

201 958 257 987 tos
278 965 400 989 eorum
420 956 554 990 libidini
571 956 801 1001 eripuissent;
825 954 1034 1000 praesertim
1058 965 1137 987 cum
1161 959 1235 988 tota
1261 950 1319 988 res
1337 964 1410 987 non
1435 965 1455 987 a
1477 963 1545 996 po-

200 1012 286 1054 pulo
315 1011 541 1047 Corinthiaco
566 1015 628 1048 sed
656 1014 699 1047 ab
724 1013 800 1047 eius
823 1018 977 1057 tyranno
1000 1011 1193 1045 Periandro
1231 1010 1338 1045 fuerit
1371 1010 1542 1044 instituta.

198 1067 385 1103 Praeterea
410 1069 515 1103 obiici
540 1076 677 1114 potest,
709 1069 774 1105 etsi
798 1080 871 1103 non
895 1070 1039 1102 allatum
1063 1079 1083 1101 a
1106 1068 1381 1109 Plutarcho,
1414 1065 1545 1100 mirum

199 1124 322 1168 fuisse,
347 1126 378 1159 si
400 1126 672 1161 Lacedaemonii
694 1137 808 1170 usque
827 1126 872 1158 ad
892 1124 1038 1158 Nabidis
1055 1135 1203 1171 regnum
1226 1134 1418 1168 puerorum
1445 1133 1543 1158 amo-
1587 1150 1592 1153 -

196 1192 272 1215 rem
297 1190 372 1216 non
401 1189 612 1217 exercentes
646 1182 737 1226 (cfr.
772 1180 956 1215 Jacobs
987 1182 1192 1214 Ver-mischte
1217 1179 1381 1221 Schriften
1405 1180 1468 1213 111.
1505 1191 1541 1223 p.

196 1238 266 1272 216
285 1238 401 1284 sqq),
440 1239 687 1275 inserviissent
716 1237 930 1280 Corinthiis,
969 1242 1008 1271 ut
1032 1248 1113 1271 eum
1139 1238 1369 1280 excolerent3
1405 1235 1543 1271 accedit

195 1295 289 1338 quod
311 1295 412 1339 pueri
436 1307 456 1330 e
479 1296 691 1341 primoribus
719 1300 820 1330 erant
843 1294 996 1339 ideoque
1027 1294 1154 1339 procul
1184 1294 1292 1328 dubio
1314 1292 1406 1338 rapti
1429 1305 1449 1327 a
1472 1294 1542 1327 Pe-

194 1349 336 1385 riandro
360 1357 419 1386 aut
444 1353 564 1386 tributi
587 1352 699 1387 instar
721 1351 755 1387 ei
780 1351 871 1395 dati3
906 1351 962 1385 cui
987 1350 1041 1385 rei
1064 1342 1257 1396 potueruut
1282 1361 1360 1385 esse
1386 1360 1541 1395 propen-

193 1406 319 1450 siores,
347 1420 452 1452 quam
470 1409 552 1444 illos
566 1409 831 1454 recuperandi?
878 1408 1058 1453 Denique,
1082 1413 1252 1442 monente
1274 1407 1539 1451 Plutarcho,

191 1461 458 1500 Antenoris
492 1466 740 1501 Cretensis
773 1472 810 1501 et
837 1465 1062 1510 Dionysii
1086 1463 1442 1500 Chalcidensis
1466 1474 1541 1498 non

193 1529 450 1557 consenserunt
466 1523 634 1557 historiae
653 1523 884 1564 narrantium,
895 1522 923 1557 C
935 1522 1010 1556 nid
1022 1522 1034 1556 i
1046 1533 1094 1557 os
1110 1532 1182 1556 non
1200 1522 1224 1556 S
1235 1533 1255 1556 a
1267 1521 1386 1555 mios
1410 1531 1540 1566 pueros

189 1575 272 1611 illos
288 1577 482 1623 Corcyram
502 1580 654 1615 navibus
678 1581 835 1616 duxisse.
884 1580 985 1625 Quae
1004 1578 1124 1612 omnia
1144 1577 1217 1612 leni
1240 1590 1319 1612 mea
1342 1589 1448 1622 supra
1469 1577 1540 1612 iam

193 1643 469 1670 commemorata
502 1637 749 1671 emendatione
772 1641 1025 1679 removentur,
1058 1635 1089 1669 si
1113 1641 1296 1680 praeterea
1322 1640 1540 1680 postremum

193 1690 318 1735 capitis
338 1694 551 1727 vocabulum
567 1690 703 1738 Σάμιοι
716 1694 753 1727 in
766 1690 912 1728 Κνίδιοι
928 1698 1160 1737 permutatur.
1207 1691 1342 1726 Causae
1361 1702 1463 1735 vero,
1491 1692 1538 1726 ob

194 1758 280 1791 quas
304 1761 427 1783 causas
450 1750 611 1784 librarius
636 1750 777 1795 quidam
801 1751 907 1784 talem
934 1749 972 1784 in
989 1750 1134 1783 modum
1152 1754 1292 1783 textum
1317 1750 1541 1794 depravave-

191 1803 250 1848 rit,
275 1806 381 1840 facile
402 1813 550 1851 possunt
572 1807 739 1852 perspici.
776 1807 812 1841 Si
831 1806 926 1841 enim
943 1818 983 1841 re
1000 1818 1089 1841 vera
1112 1806 1253 1850 scripsit
1275 1806 1538 1841 Herodotus

192 1857 230 1893 οἱ
248 1859 407 1907 Κνίδιοι,
431 1869 514 1899 tunc
538 1864 646 1898 Samii
669 1864 751 1903 illos
777 1874 908 1908 pueros
931 1869 1123 1908 rapuerunt
1146 1863 1219 1898 suis
1241 1862 1364 1897 usibus
1388 1874 1450 1898 eos
1473 1863 1541 1898 de·-

189 1917 379 1962 stinautes,
406 1922 502 1965 quod
525 1921 752 1966 opprobrium
777 1920 915 1955 Samius
939 1920 1080 1965 quidam
1102 1922 1216 1955 lector
1237 1921 1364 1955 tollere
1391 1919 1537 1965 cupiens

190 1974 391 2010 Samiorum
417 1988 549 2013 nomen
573 1978 708 2020 iutu1i13
755 1977 913 2021 accedit,
949 1978 1043 2022 quod
1068 1989 1150 2011 cum
1174 1977 1280 2013 toties
1309 1977 1538 2012 antecesserit

189 2030 387 2066 Samiorum
403 2045 546 2079 nomen,
571 2037 699 2080 procul
716 2034 824 2069 dubio
847 2035 1054 2069 Herodotus
1078 2033 1275 2078 scripsisset
1302 2030 1418 2077 αὗτοί,
1441 2034 1536 2068 unde

187 2086 274 2122 illud
286 2087 399 2132 ipsum
410 2088 549 2134 Σαίμιοι
563 2093 658 2126 nude
675 2103 716 2126 ac
730 2102 794 2136 per
811 2103 849 2126 se
869 2097 1062 2135 spectatum
1086 2090 1158 2124 iam
1178 2090 1421 2135 depravatoris
1448 2090 1537 2135 sapit

187 2154 343 2179 manum.
365 2146 462 2180 'Sed
491 2150 579 2182 tales
617 2148 889 2192 depravationes
920 2154 1006 2182 tunc
1043 2147 1212 2191 temporis
1247 2148 1343 2180 haud
1376 2146 1537 2180 insolitas

187 2199 320 2243 fuisse,
343 2201 414 2235 iam
434 2204 566 2238 exinde
589 2210 705 2248 patet,
739 2206 834 2248 quod
858 2206 1066 2238 Plutarchus
1091 2204 1279 2238 Herodoto
1306 2205 1376 2237 tale
1403 2202 1537 2237 crimen

189 2255 227 2291 11.
243 2258 266 2289 1.
280 2262 315 2291 et
328 2256 422 2291 infra
437 2262 521 2295 c.39
536 2260 720 2304 imponere
736 2260 862 2305 potuit.
909 2254 1097 2305 Nunquam
1121 2260 1249 2294 Graeci
1271 2259 1414 2293 Solonis
1436 2260 1537 2293 frau-

189 2313 270 2346 dem
292 2313 330 2347 in
353 2315 516 2349 versibus
539 2315 610 2349 illis
634 2318 752 2349 Iliadis
785 2315 859 2360 (β’,
888 2317 968 2351 558.
1002 2318 1085 2350 coll.
1117 2316 1208 2350 Dio
1221 2327 1257 2363 g.
1290 2314 1534 2350 Lae‘rtium

191 2370 221 2412 1,
244 2368 302 2404 48.
327 2371 474 2405 strab
489 2382 560 2406 on.
584 2373 650 2406 IX.
675 2374 792 2416 p.t303
805 2373 846 2408 C.
869 2371 1037 2416 Almel.),
1069 2372 1130 2417 qui
1154 2374 1198 2407 de
1223 2372 1399 2406 Salamine
1422 2372 1537 2407 insuta
1578 2370 1581 2375 ¹

192 2431 310 2472 agunt,
337 2427 560 2461 commissam
584 2428 684 2463 obliti
707 2435 799 2464 sunt.
848 2431 900 2463 Ita
925 2429 1273 2464 Onomacritus
1296 2428 1436 2463 Musaei
1458 2439 1537 2463 car-

190 2483 286 2517 mina
320 2483 549 2528 interpolavit
581 2490 617 2518 et
641 2485 725 2519 alias
753 2487 897 2520 fraudes
932 2485 1118 2524 commisit.
1157 2487 1223 2520 cfr.
1245 2485 1537 2532 VVesseling

191 2541 237 2574 ad
259 2541 484 2575 IIerodot.
509 2542 563 2584 V,
587 2542 645 2576 90.
678 2543 878 2576 Porson.
905 2543 948 2575 atl
970 2542 1121 2586 Eurip.
1152 2544 1259 2577 Orcsr.
1289 2553 1327 2577 v·
1349 2542 1382 2576 5.
1404 2542 1540 2576 Wolf

189 2601 426 2639 Prolegomena
451 2600 496 2631 ad
518 2602 657 2632 Homer.
682 2610 719 2642 1).
733 2597 969 2633 CCXXXVI.
1015 2600 1181 2633 Fortasse
1209 2598 1314 2632 etiam
1335 2597 1535 2633 Samiorum
1596 2616 1598 2619 ·

189 2653 367 2698 principes
392 2655 436 2688 de
462 2656 528 2688 hac
552 2654 748 2689 mutatione
773 2661 1038 2699 convenerunt,
1069 2656 1164 2700 quod
1187 2666 1410 2700 nequaquam
1431 2655 1535 2689 inau-

191 2709 300 2744 ditum
322 2711 435 2745 fuisse
459 2712 563 2745 docet
580 2713 681 2745 locus
695 2711 889 2745 Luciani
912 2712 1014 2756 isque
1041 2723 1127 2746 sane
1150 2710 1299 2758 insignis
1321 2714 1533 2756 Philopseud.

169 2765 226 2809 -§.
241 2769 276 2802 3.
302 2769 468 2803 Tom.ll.
492 2780 525 2812 p.
538 2768 607 2803 306
630 2769 686 2802 ed.
714 2768 1010 2803 Schmieder.
1056 2770 1137 2803 Huc
1160 2770 1258 2803 refer
1281 2768 1386 2804 etiam
1413 2770 1533 2804 locum

189 2823 355 2859 Herod
368 2824 438 2859 oti
468 2827 520 2859 IX
533 2850 544 2868 ,
573 2823 638 2869 34,
674 2824 713 2859 in
735 2835 806 2870 quo
830 2831 992 2859 narratur
1013 2831 1094 2871 post
1116 2836 1270 2873 pugnam
1292 2827 1530 2861 Plataeensem
