1820 3158
124 394 341 440 —p.346,b.
367 393 530 428 Bekk.-
595 393 989 434 LIB.I.CAP.1X.
1049 387 1415 435 -p.332,u.cas.-
1463 381 1523 424 35

103 505 309 548 σι’·στασιν.
368 512 437 548 21.
474 505 579 561 Περὶ
607 503 683 558 μὲν
717 499 790 547 οὖν
818 507 900 547 τῶν
927 503 1142 559 γινομένων
1159 502 1213 545 ’ἐν
1240 506 1299 560 τῷ
1326 501 1416 557 περὶ
1444 500 1577 555 τὴν21

100 577 176 629 γῆν
214 574 354 631 κόσμω
390 577 448 615 τῶ
486 577 645 626 συνεχεῖ·
685 578 774 621 ταῖς
820 579 970 628 φοραῖς
1007 571 1184 628 εἴρηται,
1239 571 1335 623 περί
1375 586 1419 612 τε
1457 572 1530 622 τῆς

103 643 327 698 διαδρομῆς
358 646 439 684 τῶν
476 639 638 695 αστρων
677 641 743 682 καὶ
779 643 856 694 τῆς
893 638 1219 695 ἓκπιμπραμίνης
1253 635 1427 694 φλογός,
1472 636 1529 678 ἔτι

101 711 196 765 περί
217 726 259 751 τε
280 713 466 764 κομητῶν
493 726 560 750 και
579 712 652 750 τοῦ
670 702 923 761 καλουμένου
954 706 1171 763 γάλακτος·
1197 705 1340 760 σχεδὸν
1358 704 1436 761 γάρ
1454 706 1529 747 εἶσι

100 781 282 819 τοσαῦτα
308 777 361 819 τὰ
389 775 507 832 πάθη
536 777 589 818 τὰ
613 775 838 832 φαινόμενα
866 776 956 831 περι
983 774 1056 816 τὸν
1084 772 1210 816 τόπον
1238 776 1399 815 τοῦτον.

211 849 291 887 ΙΧ.
319 846 425 900 Περὶ
444 845 488 886 δὲ
506 848 579 886 τοῦ
606 848 657 899 τῇ
681 843 795 885 θέσει
823 843 898 895 μὲν
931 842 1120 897 δευτέρου
1147 841 1276 884 τόπου
1301 839 1404 894 μετὰ
1433 842 1528 880 τοῦ·
1561 851 1579 884 1

98 928 182 961 τον,
211 910 376 967 πρώτου
406 912 451 954 δὲ
479 913 568 967 περὶ
596 910 671 965 τὴν
697 914 772 966 γῆν
792 910 988 966 λέγωμεν·
1017 903 1136 956 οὗτος
1161 908 1238 964 γὰρ
1267 907 1402 956 κοινὸς
1428 905 1530 948 iida-

97 978 169 1027 τός
195 995 238 1021 τε
267 979 393 1029 τόπος
430 982 496 1021 καὶ
526 978 645 1034 ἀέρος
673 979 739 1020 καὶ
767 981 849 1020 τῶν
879 975 1186 1031 συμβαινόντων
1224 976 1314 1030 περὶ
1340 974 1415 1029 τὴν
1443 974 1528 1015 ἅνω

96 1046 245 1101 γένεσιν
266 1045 406 1089 αὐτοῦ.
449 1046 620 1101 ληπτέον
650 1045 696 1087 δὲ
724 1046 791 1087 καὶ
816 1043 973 1086 τούτων
1001 1044 1076 1092 τὰς
1108 1042 1238 1098 ἀρχὰς
1267 1043 1334 1084 καὶ
1365 1041 1439 1090 τὰς
1463 1043 1528 1082 αι’-

96 1114 187 1161 τιάς
213 1112 377 1155 πάντων
415 1111 578 1168 ὁμοίως.
648 1119 688 1154 2.
723 1110 788 1153 ‘H
807 1112 883 1166 μὲν
914 1106 988 1154 οὖν
1016 1109 1072 1161 ὡς
1099 1115 1266 1154 κινοῦσα
1303 1111 1370 1152 καὶ
1409 1110 1528 1165 κυριίι
1558 1117 1581 1150 2

97 1182 162 1221 καὶ
193 1180 332 1237 πρώτη
362 1185 445 1222 τῶν
481 1179 618 1235 ἀρχῶν
649 1176 671 1221 ὃ
703 1178 850 1228 κύκλος
879 1179 1012 1232 ἐστίν,
1053 1179 1095 1222 ἓν
1124 1173 1158 1238 ᾧ
1187 1181 1372 1235 φανερῶς
1399 1174 1424 1231 ἡ
1454 1180 1527 1218 τοῦ

94 1245 210 1301 ἡλίου
238 1248 350 1304 φορὰ
377 1248 638 1303 διακρίνουσα
666 1248 733 1289 καὶ
762 1248 1033 1303 συγκρίνουσα
1059 1251 1118 1305 τῷ
1146 1248 1330 1303 γίνεσθαι
1356 1245 1527 1299 πλησίον

94 1313 120 1368 ἢ
147 1314 405 1372 πορρώτερον
435 1316 545 1357 αἰτία
573 1319 648 1375 τῆς
675 1315 864 1370 γενέσεως
890 1316 957 1356 καὶ
984 1318 1060 1370 τῆς
1087 1318 1255 1371 φθορᾶς
1283 1314 1404 1355 ἐστίν.
1452 1329 1526 1366 με-

93 1381 240 1437 νούσης
269 1383 315 1425 δὲ
340 1387 416 1437 τῆς
439 1387 530 1439 γῆς,
559 1382 606 1424 τὸ
624 1385 713 1439 περὶ
744 1382 873 1437 αὐτὴν
901 1380 1027 1439 ὖγρὸν
1056 1380 1136 1424 ’ὑπὸ
1167 1385 1250 1424 τῶν
1269 1381 1441 1422 ἀκτίνων
1460 1380 1525 1421 καὶ

92 1447 170 1492 ὕπὸ
199 1454 273 1504 τῆς
301 1450 428 1506 ἷὶλλης
454 1456 527 1506 τῆς
555 1450 718 1492 ἄνωθεν
745 1449 1006 1506 θερμότητος
1040 1448 1348 1530 ἀτμιδοπίμενον
1364 1448 1527 1505 φέρεται

93 1516 201 1559 α’νω·
259 1525 298 1560 3.
333 1523 423 1573 Τῆς
442 1520 486 1560 δὲ
505 1517 764 1578 θερμρτητος
794 1516 1072 1572 ἀπολιπούσης
1099 1522 1171 1572 τῆς
1200 1515 1428 1572 ἇναγοῦσης
1450 1533 1525 1556 av-
1556 1520 1578 1553 3

89 1586 164 1634 τό,
202 1587 268 1628 καὶ
294 1591 367 1642 τῆς
391 1587 467 1640 μὲν
495 1572 883 1644 ὃιαωεῇθνυμεννς
918 1584 1023 1640 πρὸς
1048 1585 1120 1626 τὸν
1149 1583 1234 1627 ἅνω
1262 1583 1411 1636 τόπον,
1452 1586 1524 1636 τῆς

91 1722 332 1768 volutione
320 1737 362 1760 m
378 1723 487 1761 huuc
503 1724 638 1760 locum
657 1722 773 1759 istius
795 1720 907 1758 modi
934 1720 1116 1758 secretim
1167 1723 1232 1758 21.
1263 1720 1380 1770 Quae
1400 1718 1524 1770 igitur

91 1790 132 1826 iu
151 1790 220 1829 illa
240 1789 377 1827 mundi
398 1796 549 1828 terram
571 1789 779 1827 ambientis
794 1794 910 1841 parte
927 1788 1043 1837 fiunt,
1062 1801 1163 1838 quae
1177 1788 1335 1839 superis
1353 1787 1523 1825 motibus

90 1857 274 1908 contigua
293 1864 372 1905 est,
399 1858 475 1895 iam
495 1857 780 1895 disseruimus:
810 1863 892 1895 tam
918 1855 968 1894 de
990 1856 1192 1894 stellarum
1213 1854 1521 1901 transcursibus,

90 1938 205 1975 quam
235 1924 286 1962 de
314 1924 474 1962 flamma
498 1925 678 1974 incensa,
725 1930 933 1977 praeterea
963 1923 1014 1961 de
1043 1922 1208 1961 cometis
1236 1928 1277 1960 et
1304 1922 1355 1960 de
1383 1922 1522 1970 lacteo,

90 1993 159 2043 qui
180 1998 348 2030 vocatur
367 1993 474 2031 orbe.
529 1993 640 2031 Haec
661 1993 767 2031 enim
788 1992 876 2030 sere
896 1996 989 2030 sunt
1009 1989 1298 2042 phaenomena,
1324 2004 1425 2041 quae
1445 1990 1521 2028 isto

86 2060 129 2097 in
151 2060 239 2098 loco
265 2066 474 2112 apparent.

200 2127 299 2165 Cir.
322 2129 400 2171 IX.
455 2129 540 2167 Iam
562 2128 613 2166 de
631 2129 766 2177 altera,
797 2141 897 2178 quae
914 2127 1022 2165 illam
1046 2125 1208 2176 excipit,
1237 2125 1415 2176 regione,
1446 2138 1522 2176 po·-

88 2194 229 2232 sitione
250 2194 409 2245 quidem
431 2195 616 2245 secunda,
644 2196 775 2247 prima
796 2201 928 2234 autem
951 2207 1080 2247 prope
1098 2200 1247 2231 terram
1268 2192 1521 2239 disseramus,

88 2275 190 2312 quae
208 2274 335 2312 aquae
352 2274 444 2300 cum
463 2262 559 2301 εἰέκ-ε
577 2263 813 2311 communis,
833 2275 1058 2312 eorumque
1078 2267 1139 2299 est
1158 2259 1283 2308 sedes,
1295 2272 1398 2311 quae
1416 2259 1521 2297 circa

87 2328 382 2379 generationem
409 2330 495 2367 eius
522 2330 565 2368 in
595 2345 744 2382 supero
773 2330 864 2368 loco
898 2329 1107 2368 accidunt:
1156 2328 1318 2366 Horum
1357 2339 1522 2377 quoque

89 2408 226 2433 causae
252 2400 292 2432 et
310 2396 504 2447 principia
529 2398 671 2435 eodem
691 2391 816 2435 'modo
834 2396 1108 2449 explanandae
1129 2401 1237 2433 sunt.
1294 2398 1333 2432 2.
1362 2393 1519 2432 Princi-

85 2463 199 2514 pium
215 2461 338 2512 igitur
356 2475 536 2512 movens,
564 2465 816 2515 potissimum
835 2464 938 2503 illud
958 2470 999 2502 et
1017 2463 1218 2515 princeps,
1242 2461 1352 2499 orbis
1375 2467 1447 2510 est,
1474 2460 1518 2498 in

87 2545 169 2583 quo
190 2530 284 2569 solis
304 2536 436 2568 motus
459 2532 748 2569 secretionibus
768 2538 808 2570 et
827 2527 1159 2569 concretionibus·
1172 2529 1384 2567 manifesto
1404 2534 1518 2566 ortus

86 2600 352 2649 interitusque
390 2604 585 2649 provocat
625 2599 777 2636 maiore
816 2612 887 2637 sua
924 2603 994 2635 aut
1030 2596 1179 2635 vicinia
1215 2602 1287 2633 aut
1319 2595 1515 2634 distantia.

86 2668 254 2704 Terram
283 2679 384 2704 vero
409 2665 656 2703 immobilem
687 2666 757 2716 qui
775 2665 994 2704 circumdat
1014 2663 1181 2712 humor,
1213 2675 1289 2715 ope
1307 2651 1514 2701 radiorum

85 2734 179 2770 solis
204 2733 430 2784 reliquique
458 2746 633 2783 superne
659 2732 799 2771 caloris
821 2733 863 2770 in
883 2744 1077 2783 vaporem
1105 2744 1322 2770 conversus
1350 2744 1510 2768 sursum

86 2801 252 2838 tollitur.
319 2804 358 2838 3.
398 2802 531 2850 Quem
563 2813 686 2851 quum
721 2800 866 2838 deinde
901 2801 1010 2838 calor
1040 2799 1216 2847 deserat,
1253 2798 1322 2849 qui
1350 2812 1510 2836 sursum

87 2874 288 2915 evexerat,
308 2868 431 2906 altera
447 2868 555 2906 illius
573 2874 687 2920 parte
703 2868 744 2906 in
760 2867 1011 2919 superiorem
1027 2867 1162 2906 locum
1181 2866 1374 2918 dispersa,
1389 2867 1513 2904 altera

1040 2939 1062 2972 3
1077 2936 1095 2955 *
