1774 3198
333 356 425 400 566
545 367 992 406 COMMENTARIUS
1021 368 1079 406 IN
1108 367 1509 409 METEOROLOG.

331 477 410 514 τῶν
437 476 654 527 τροπικῶν,
693 472 719 526 ἢ
748 477 877 530 μικρῷ
913 477 986 515 τοῦ
1025 471 1194 527 ἡμίσους
1229 475 1409 527 μείζονα·
1459 476 1549 531 ἴσην
1587 479 1631 520 δὲ
1668 482 1733 522 καὶ

331 538 404 591 τὴν
433 538 556 592 αὐτὴν
585 538 785 592 οὐδαμῶς.
846 543 943 588 Τοῖς
965 540 1008 581 δὲ
1034 539 1232 595 ἀρκτικοΐς
1262 541 1332 596 (C)
1363 541 1451 584 οὔτε
1481 543 1590 598 παρὰ
1615 548 1733 587 πᾶσιν

331 599 453 654 οἶσιν,
487 603 575 646 οἷ”τε
603 612 687 654 τοῖς
716 607 851 654 αὐτοῖς
878 609 1096 659 πανταχοῦ,
1127 607 1187 654 τίς
1215 606 1263 648 ἂν
1292 609 1453 663 διορίζοι
1482 626 1566 658 πως
1594 610 1735 665 εὐκρά-

330 666 569 726 τουςάῗπερ
610 671 916 726 ἀμετάπτωτοις
959 674 1017 715 Τὸ
1043 673 1116 726 μὲν
1146 668 1216 714 οὗν
1242 674 1298 727 μὴ
1334 675 1442 730 παρὰ
1479 680 1598 718 πᾶσιν
1637 675 1734 718 εἶναι

329 735 424 784 τοὺς
452 736 682 792 ἀρκτικούς,
723 739 839 780 οὐδὲν
865 738 914 780 ἂν
946 739 1003 793 εἴη
1032 739 1132 794 πρὸς
1156 739 1224 781 τὸν
1254 739 1421 794 ἔλεγχον.
1464 744 1498 782 εἷ
1524 741 1598 796 γὰρ
1627 742 1737 797 παρὰ

330 809 415 850 τοῖς
441 803 513 856 τὴν
540 804 732 860 εὔκρατον
756 808 941 858 οἰκοῦσιν,
969 804 1066 847 εἶναι
1084 805 1194 859 παρὰ
1221 810 1340 847 πᾶσιν
1369 807 1470 862 πρὸς
1496 807 1643 863 οὕσπερ
1671 809 1737 849 καὶ

332 869 478 923 λέγεται
508 870 659 923 μόνους
695 871 920 925 εὖκράτους.
991 871 1049 913 Τὸ
1090 873 1133 913 δὲ
1157 872 1224 925 ’μὴ
1263 878 1466 926 πανταχοῦ
1502 874 1571 915 τὸν
1606 874 1737 915 αὐτὸν

331 935 496 990 τρόπον,
537 937 639 978 ἀλλὰ
661 940 937 991 μεταπίπτειν,
977 941 1108 987 καλῶς
1138 938 1328 992 εἴληπται.
1386 943 1494 981 Haec
1531 944 1735 982 Strabo.

333 1006 678 1054 Quemadmodum
706 1021 804 1046 vero
826 1015 916 1058 post
935 1008 1283 1046 Aristotelem
1313 1009 1519 1055 exstitere,
1549 1010 1616 1060 qui
1642 1023 1735 1048 con-

333 1071 553 1119 tenderent,
573 1074 688 1111 etiam
705 1075 901 1112 torridam
921 1088 1058 1127 zonam
1079 1087 1159 1112 non
1176 1075 1486 1113 solum-habitari
1505 1088 1640 1125 pesse,
1668 1076 1738 1114 sed

330 1149 427 1175 vere
446 1137 634 1187 habitari,
661 1140 766 1178 inter
793 1154 889 1190 quos
919 1141 1186 1187 Geminus,
1214 1141 1279 1191 qui
1304 1140 1398 1178 dicit
1423 1141 1550 1179 Elem.
1567 1142 1737 1179 Astron.

332 1218 363 1241 c.
379 1207 443 1242 13.
463 1218 499 1255 p.
514 1208 620 1244 205:
650 1202 725 1257 ἤδη
743 1203 818 1258 γὰρ
842 1203 904 1244 ἐπὶ
929 1202 1103 1250 πολλοὺς
1133 1201 1280 1250 τόπους
1307 1207 1378 1256 τῆς
1407 1202 1531 1257 ζώνης
1556 1208 1626 1256 τῆς
1654 1206 1738 1245 δια-

333 1268 572 1321 κεκαυμένης
600 1269 826 1322 ἓληλύθασί
853 1286 955 1317 τινες
983 1271 1048 1310 καὶ
1076 1268 1127 1310 τὰ
1158 1263 1320 1310 πλεῖστα
1350 1269 1535 1322 οῗκήσιμα
1564 1269 1737 1325 εὕρηται,

330 1335 385 1372 ita
422 1342 512 1374 ante
542 1338 660 1375 etiam
680 1337 1027 1384 JAristotelem
1053 1339 1192 1384 fuisse,
1223 1339 1288 1388 qui
1317 1338 1482 1375 similem
1508 1340 1739 1377 sententiam

331 1401 545 1449 haberent,
575 1404 663 1442 iure
684 1404 877 1442 coniicias.
936 1405 1045 1454 Quos
1066 1404 1142 1441 hoc
1164 1404 1253 1441 loco
1281 1405 1492 1442 refutatum
1517 1405 1593 1443 ivit
1620 1406 1741 1451 Ari-

332 1471 562 1508 stoteles.
619 1470 739 1508 Ponit
768 1471 872 1507 enim
895 1471 986 1509 istas
1013 1471 1194 1520 regiones
1220 1469 1386 1507 habitari
1410 1482 1492 1507 non
1512 1483 1646 1520 posse,
1672 1469 1741 1509 u'bi

332 1534 559 1575 hominibus
578 1537 720 1575 umbra
741 1536 918 1582 deficiat,
944 1537 1050 1587 quod
1068 1550 1158 1574 cum
1174 1535 1314 1573 accidit
1333 1536 1514 1573 omnibus
1533 1536 1635 1574 intra
1654 1543 1741 1575 tro-

331 1603 442 1653 picos
463 1604 545 1641 sitis
566 1604 663 1641 locis
676 1633 686 1652 ‚
711 1604 842 1641 nullus
865 1616 1004 1640 eorum
1029 1603 1166 1640 incolis
1183 1601 1347 1652 gaudeat
1365 1615 1522 1640 necesse
1542 1608 1612 1640 est.
1657 1604 1742 1641 Etsi

334 1669 439 1706 enim
457 1670 499 1707 in
521 1670 610 1718 illis,
630 1670 696 1720 qui
717 1670 870 1720 tropico
891 1670 1039 1708 aestivo
1061 1669 1257 1720 proxima,
1278 1668 1416 1706 umbra
1434 1669 1740 1718 septentrionem

332 1748 471 1773 versus
493 1750 672 1786 magnam
692 1736 784 1773 anni
799 1741 950 1784 partem
972 1742 1030 1773 est
1049 1736 1210 1782 directa,
1241 1740 1367 1772 exstat
1390 1740 1520 1772 tamen
1539 1735 1636 1780 dies,
1665 1749 1741 1786 quo

332 1801 449 1851 plane
477 1802 623 1840 deficit.
677 1802 791 1840 Idem
819 1802 872 1840 ita
903 1801 1074 1852 exprimi
1091 1807 1231 1852 potest,
1262 1797 1428 1851 ἀοίκητα
1460 1815 1542 1838 esse
1568 1802 1673 1849 loca,
1701 1802 1743 1839 in

334 1867 472 1916 quibus
502 1865 575 1906 οὐκ
604 1864 653 1905 ἂν
682 1863 741 1905 ἀεὶ
769 1862 794 1917 ἡ
822 1865 912 1905 σκιὰ
939 1859 989 1917 ἦν
1017 1863 1119 1918 πρός
1150 1863 1317 1918 ἄρκτον,
1348 1867 1453 1918 quod
1474 1873 1518 1904 ut
1536 1867 1742 1905 dilucidius

333 1932 414 1978 fiat,
439 1932 581 1971 deinde
603 1934 754 1971 adiicit:
783 1934 854 1971 νῦν
883 1929 924 1971 δ’
949 1929 1127 1983 ἀοίκητοι
1155 1927 1347 1983 πρότερον
1374 1931 1545 1983 γίνονται
1562 1930 1607 1989 ,οἷ
1626 1929 1741 1971 τόποι

334 1997 427 2050 πρὶν
453 1995 478 2049 ἢ
507 1994 731 2038 ὑπολείπειν
759 1995 784 2049 ἢ
810 1995 1071 2048 μεταβάλλειν
1104 1992 1176 2048 τὴν
1206 1993 1317 2035 σκιὰν
1352 1993 1452 2049 πρὸς
1477 1997 1740 2049 μεσημβρίαν.

334 2065 473 2115 Itaque
493 2066 565 2103 etsi
583 2065 870 2116 refragantibus
886 2064 1093 2117 codicibus,
1106 2063 1285 2101 omnibus
1304 2063 1530 2114 scripsimus
1554 2061 1643 2101 σκιὰ
1667 2059 1742 2115 γὰρ

336 2126 409 2169 οὐκ
439 2128 514 2169 ἀεὶ
545 2127 602 2170 ἂν
629 2124 706 2182 ἦν,
737 2131 843 2181 quod
870 2137 910 2168 et
936 2131 1216 2168 sententiarum
1246 2142 1371 2167 nexus
1400 2129 1587 2179 efflagitat
1615 2136 1654 2168 et
1683 2130 1744 2167 A·

337 2198 488 2234 lexan
502 2197 589 2236 der
618 2198 659 2235 in
680 2211 750 2235 suo
772 2198 906 2235 codice
933 2203 1069 2247 aperte
1090 2197 1258 2248 reperit,
1287 2209 1376 2234 cum
1397 2196 1497 2233 dicat
1515 2196 1583 2233 fol.
1599 2199 1740 2241 103‚a:

339 2254 385 2300 οὗ
419 2261 549 2301 πίστιν
579 2261 713 2317 φέρει,
750 2260 795 2301 τὸ
826 2261 860 2301 εἲ
887 2255 936 2313 ἦν
971 2261 1145 2301 ἐπέκεινα
1174 2264 1244 2301 τοῦ
1273 2262 1436 2313 θερινοῦ
1464 2261 1654 2313 τροπικοῦ
1684 2259 1743 2298 οῗ-

338 2325 508 2379 κοῦμενά
538 2344 640 2379 τινα,
678 2327 750 2368 οὐκ
779 2325 827 2367 ἂν
855 2321 903 2379 ἦν
931 2327 1086 2368 ἐκείνων
1112 2323 1137 2379 ἡ
1160 2325 1248 2367 σκιὰ
1278 2325 1378 2380 πρὸς
1403 2323 1549 2379 ἄρκτον
1576 2339 1742 2377 τετραμ-

339 2392 436 2446 μένη
467 2393 529 2434 ἀεί
564 2404 603 2435 et
631 2395 1041 2448 Olympiodorus
1072 2395 1142 2433 fol.
1171 2395 1247 2443 42,
1270 2408 1292 2432 a
1321 2395 1388 2444 qui
1416 2394 1525 2431 πᾶσα
1554 2387 1643 2430 σκιά
1673 2394 1738 2429 ait.

338 2458 401 2499 ἀεί
426 2469 556 2500 autem
580 2477 629 2500 ex
653 2469 766 2501 textu
788 2462 937 2500 excidit
965 2467 1130 2512 propter
1158 2461 1352 2511 sequentis
1372 2459 1582 2510 particulae
1611 2453 1659 2495 ἄν
1688 2458 1742 2495 si—

339 2528 613 2567 militudinem.
672 2530 790 2567 Haud
817 2535 950 2566 tamen
969 2527 1063 2577 legit
1081 2529 1173 2576 Bag.
1201 2533 1382 2564 vertens:
1410 2524 1584 2562 umbra
1614 2523 1743 2571 enim

338 2606 437 2631 nou
466 2595 643 2646 utique
681 2601 814 2632 essct
848 2595 906 2631 ad
932 2606 1107 2632 ursam.
1163 2592 1322 2645 Excidit
1349 2591 1465 2628 etiam
1491 2589 1598 2639 apud
1629 2589 1738 2627 Pla-

340 2664 508 2697 tonem
543 2662 647 2699 Tim.
687 2675 726 2710 p.
757 2664 807 2699 29
836 2659 893 2698 A:
934 2655 1039 2698 οὕτω
1070 2656 1118 2709 δὴ
1147 2654 1410 2710 γεγραμμένος
1436 2652 1537 2706 πρὸς
1564 2652 1609 2694 τὸ
1639 2652 1741 2709 λόγῳ

343 2722 406 2760 καὶ
427 2722 615 2776 φρονήσει
636 2723 875 2779 περιληπτὸν
902 2724 967 2764 καὶ
990 2722 1091 2764 κατὰ
1118 2719 1245 2763 ταύτὰ
1274 2720 1358 2772 [ἀεὶ]
1390 2717 1478 2769 ἕχον
1509 2719 1742 2773 δεδημιούρ-

342 2802 470 2839 γηται.
494 2811 546 2818 ——
598 2794 791 2830 Veterum
821 2794 928 2830 locos
955 2792 1006 2828 de
1032 2791 1140 2828 zonis
1162 2795 1252 2841 post
1270 2789 1383 2835 alios,
1412 2788 1538 2826 veluti
1566 2788 1744 2826 Bnlfo—
