1774 3198
375 325 580 368 ADDEN
583 329 660 366 DA
697 328 767 365 ET
799 327 872 366 CO
879 325 1184 366 RRIGENDA.
1402 317 1498 360 643

150 439 190 475 τὸ
216 437 311 486 γάλα
333 435 511 483 ἐφθόνωε
533 442 594 473 καὶ
607 435 667 472 τοῦ
681 433 815 472 παιδᾶς
838 434 1053 472 διαστάντος
1079 437 1117 471 ἐν
1141 432 1283 480 ου’ρανῷ
1303 448 1345 471 τε
1368 432 1499 478 διαχυ-

151 498 245 540 θέν,
280 493 349 530 τδν
374 492 569 541 λεγόμενον
595 491 777 539 γαλαξίαν
801 489 1074 539 α’πειργιίσατο,
1110 490 1150 527 ἐν
1170 488 1220 541 τῇ
1241 490 1291 540 γῇ
1315 488 1354 527 δὲ
1376 488 1498 537 duop-

148 553 231 597 ρυέν
265 555 325 586 καὶ
361 549 439 586 τούς
475 548 616 596 βώλους
650 546 804 592 ὃείἰσαν,
855 548 972 585 ἄνθος
1010 549 1052 584 τὸ
1087 547 1153 584 τοῦ
1186 550 1310 594 κηρίον
1346 543 1518 583 ἐνέδωκε

148 604 362 654 προσεοικὸς
396 605 467 652 τὴν
503 604 617 652 χρόαν
649 603 701 650 τῷ
739 603 906 652 γάλακτι.
975 605 1179 642 Plinius
1218 608 1347 640 Hister.
1388 612 1496 639 natur.

147 666 291 708 XV111‚
316 666 374 700 29.

57 725 97 758 P.
123 726 205 757 221.
229 728 305 756 not.
328 719 377 765 *).
413 739 454 747 -
488 719 680 765 Perhibent
711 726 828 754 autem
859 720 964 756 huius
992 720 1190 756 sententiae
1214 725 1395 755 auctorem
1420 730 1499 755 esse

146 777 505 813 Democritum.
551 777 620 812 cfr.
659 777 843 814 David.
889 778 927 812 in
959 779 1209 823 Porphyr.
1257 777 1333 811 vol.
1360 777 1428 812 1V.
1462 788 1498 821 p.

147 834 209 878 14,
234 836 256 869 b
289 836 351 869 Br.

55 913 71 919 —
97 892 178 928 224.
202 897 280 926 not.
303 911 350 917 —
386 891 437 925 At
461 891 527 928 cfr.
558 890 671 926 verba
703 890 975 936 Philoponi
1013 892 1059 926 ad
1090 889 1299 925 Aristot.
1335 892 1378 925 de
1400 892 1499 926 anim.

145 950 212 983 fol.
238 951 274 991 8,
298 950 342 983 b:
367 947 464 982 τινὲς
490 943 531 982 δέ
554 959 678 991 φασιν,
711 942 764 981 ὧν
786 945 862 982 ἐστι
885 950 947 982 καὶ
970 943 1224 990 Ἀλέξανδρος,
1260 942 1332 982 εἷς
1361 943 1498 981 Πλά-

146 1018 268 1040 τωνα
294 1001 614 1040 αἰνίττεσθαι
637 998 802 1049 αὕτόν,
825 1005 995 1048 φαίνεται
1019 1001 1057 1038 δὲ
1082 1000 1277 1038 ὁΠλοὶτων
1298 1007 1359 1038 καὶ
1383 998 1499 1038 ἄλλα·

147 1059 212 1106 κοῦ
234 1061 303 1104 μὲν
326 1057 531 1103 πολλαχοῦ,
562 1055 723 1102 μάλιστα
748 1056 786 1094 δὲ
814 1057 853 1095 ἔν
883 1061 1027 1104 Τιμαίῳ
1062 1063 1124 1095 καὶ
1155 1062 1240 1103 περὶ
1271 1057 1337 1104 τῆς
1368 1055 1500 1106 ἀλόγου

147 1115 366 1162 διαλεχθείς.
394 1117 480 1152 ἴσως
502 1111 566 1151 οὖν
591 1111 662 1150 εἷς
688 1114 798 1151 τούς
821 1116 1069 1162 φυσικοὺς
1097 1111 1389 1152 αἰνίττεται
1415 1114 1500 1152 τούς

144 1178 238 1219 περὶ.
258 1172 487 1218 Δημόκριτον
509 1176 571 1207 καὶ
595 1169 679 1207 τούς
704 1170 843 1209 ἄλλους.

53 1254 73 1260 -
100 1234 181 1267 228.
205 1237 280 1270 not.
304 1229 376 1275 **).
407 1244 453 1252 —
489 1228 609 1263 Adde:
646 1227 722 1263 cfr.
747 1240 852 1273 quem
875 1227 1082 1273 nuperrime
1109 1226 1285 1262 edidimus
1315 1227 1495 1263 libellum:

150 1289 436 1329 Uniersuchungen
467 1287 546 1318 iiber
574 1286 637 1318 den
661 1288 777 1327 Hagel
814 1288 883 1318 und
916 1288 971 1318 die
1002 1286 1212 1318 elckirischen
1234 1286 1497 1329 Erscheinungen

143 1357 277 1379 unser-er
300 1343 534 1386 Atmosphiire.
569 1340 666 1384 Lips.
693 1341 798 1375 1833.
819 1342 854 1379 8.

53 1424 70 1431 -
95 1403 174 1437 228.
207 1406 283 1435 not.
307 1400 367 1442 †).
404 1413 451 1420 --
503 1398 586 1432 Non
617 1398 874 1431 Thessalorum
888 1422 899 1440 ‚
945 1399 1009 1432 sed
1038 1395 1298 1444 Aegyptiorum
1332 1408 1499 1432 mensura

145 1454 283 1491 ἅκαινα
305 1454 435 1488 dicitur
460 1454 498 1487 in
523 1457 702 1497 prolegom.
726 1455 847 1497 philos.
876 1456 1037 1498 Porphyr.
1062 1466 1097 1498 p.
1121 1458 1154 1496 7,
1177 1465 1197 1488 a
1227 1453 1393 1489 Brandis.
1432 1456 1496 1490 cfr.

143 1512 307 1547 David.
331 1511 418 1545 ibid.
450 1522 484 1555 p.
509 1511 611 1559 16,-a.

53 1593 69 1599 -
92 1573 172 1608 231.
197 1567 320 1612 not-⁴³)
341 1569 434 1603 1.11.
449 1585 495 1593 ·—
517 1567 610 1600 Dele
634 1572 804 1610 punctum
827 1572 910 1611 post
932 1563 1076 1610 χρόνον.
1124 1567 1166 1600 In
1181 1567 1385 1611 parenthesi
1408 1570 1498 1605 adde

144 1628 187 1661 de
210 1631 359 1669 generat.
383 1631 415 1658 et
438 1625 533 1657 inter.
559 1623 588 1666 l,
612 1622 645 1658 5.
668 1635 704 1668 p.
720 1624 799 1664 321,
813 1635 851 1657 a:
878 1619 913 1658 εἷ
934 1619 972 1657 δὲ
995 1619 1149 1668 σώματι,
1174 1619 1238 1658 δύο
1261 1621 1302 1659 ἕν
1324 1622 1375 1668 τῷ
1402 1623 1497 1662 αὗτῶ

143 1681 247 1726 τόπῳ
271 1677 422 1725 σώματα
440 1679 553 1723 ἔσται,
575 1675 620 1713 τό
643 1690 683 1714 τε
706 1675 960 1724 αὐξανόμενον
984 1683 1046 1714 καὶ
1063 1677 1106 1714 τὸ
1133 1674 1250 1721 αἶξον.
1273 1678 1350 1716 ἐστὶ
1370 1678 1408 1716 δὲ
1437 1686 1498 1718 καὶ

142 1736 250 1775 τοῦτο
276 1733 470 1772 α’δύνατον.
514 1739 556 1770 de
580 1740 672 1770 caelo
697 1736 762 1778 111,
785 1737 819 1774 6.
848 1749 883 1781 p.
911 1737 996 1779 305,
1020 1747 1050 1770 a.

54 1819 70 1825 -
93 1798 173 1833 239.
195 1798 220 1830 1.
243 1799 277 1831 7.
308 1814 356 1821 —
386 1795 483 1841 Lege
506 1788 669 1837 νιφετόν.

54 1875 74 1883 -
95 1853 178 1888 240.
202 1871 248 1879 --
275 1852 368 1886 Dele
390 1856 466 1885 not.
490 1848 577 1894 ἢ).

55 1933 75 1939 -
95 1909 175 1945 241.
201 1914 276 1943 not.
301 1907 371 1952 **).
397 1924 441 1934 ·-
466 1906 541 1941 Ctr.
567 1905 881 1950 Olympiodor.
905 1907 970 1941 fol.
992 1904 1089 1950 74,b
1115 1907 1216 1950 (Exc.
1238 1907 1303 1951 IV,
1327 1908 1361 1950 9,
1376 1908 1449 1951 33).

53 1989 74 1997 -
97 1967 176 2003 246.
202 1968 228 2001 1.
251 1969 308 2003 17.
333 1982 379 2001 --.
401 1965 498 2011 Lege
526 1959 574 1997 ὥς
595 1972 661 2007 pro
685 1956 745 1997 ‹1⁸55-

55 2047 73 2054 -
118 2043 164 2050 -
211 2044 231 2051 -
253 2024 310 2057 27.
333 2026 410 2055 not.
434 2038 479 2046 -
505 2019 611 2054 Adde
635 2019 844 2054 Laurent.
866 2020 978 2063 Lyd.
1004 2021 1047 2053 de
1069 2032 1168 2054 mens.
1186 2022 1251 2054 Iul.
1276 2023 1352 2056 ο.2.
1376 2033 1411 2066 p.
1430 2025 1493 2056 111

144 2078 268 2114 ——114
292 2079 347 2113 ed.
371 2078 552 2112 Schow.
575 2077 824 2120 Dempster
847 2078 891 2110 ad
915 2075 1158 2111 claudian.
1182 2078 1214 2109 in
1229 2078 1346 2118 Rufin.
1367 2079 1397 2121 Ι,
1418 2080 1496 2114 185.

147 2137 438 2178 Oudendorp.
476 2135 519 2167 ad
549 2134 719 2167 Lucan.
753 2134 861 2175 VIII,
885 2134 965 2167 826.
1010 2133 1263 2166 Valkenar.
1286 2135 1431 2170 Diairib.
1454 2137 1496 2169 de

146 2195 241 2238 perd.
265 2194 384 2234 Eurip.
409 2192 550 2223 dramat.
574 2201 608 2232 p.
635 2190 690 2223 30.
719 2190 852 2222 Marx
875 2190 918 2222 ad
942 2189 1110 2232 Ephor.
1137 2200 1171 2232 p.
1183 2190 1250 2222 213
1263 2200 1340 2233 sqq.
1368 2191 1495 2226 Wen-

147 2248 263 2283 delii
292 2248 503 2281 Admiranda
527 2245 611 2280 Nili.
661 2246 886 2280 Francoflm.
913 2246 1014 2280 1623.
1038 2247 1070 2279 8.
1106 2244 1308 2292 Cantabrig.
1335 2245 1435 2285 1648.
1458 2247 1494 2283 4.

146 2307 178 2339 N
186 2306 438 2350 ordmeyer
465 2305 698 2339 Cale-naariam
718 2305 866 2346 Aegypti
891 2304 1141 2337 oeconomicum.
1166 2302 1322 2349 Gotting.
1335 2304 1437 2340 1792.
1460 2303 1494 2339 4.

58 2384 76 2391 -
100 2361 182 2399 247.
207 2358 386 2402 ιιοῐ.***).
411 2377 458 2384 -
486 2361 582 2407 Lege
605 2361 899 2406 Agathemer.

59 2441 77 2447 -
99 2418 179 2454 248.
204 2420 228 2452 1.
256 2419 310 2453 16.
334 2434 381 2440 —
402 2419 472 2452 Pro
496 2427 544 2451 wc
565 2418 645 2464 lege
665 2413 725 2450 ὥς.

58 2495 80 2501 -
103 2478 181 2510 250.
203 2494 219 2501 -
251 2477 306 2509 13.
333 2495 379 2501 -
401 2475 498 2520 Lege
521 2474 743 2517 καταφέρειν
767 2483 833 2517 pro
856 2471 1069 2516 καταφέρει.

59 2555 75 2560 -
121 2551 167 2558 —-
211 2537 286 2565 not.
311 2529 365 2574 †).
397 2551 444 2558 --
477 2533 558 2574 Ipse
588 2531 689 2564 Nilus
722 2530 809 2564 olim
841 2529 1225 2573 Chrysorrhoas
1259 2533 1407 2563 vocatus
1427 2535 1495 2573 est,

149 2594 294 2623 auctore
317 2588 576 2622 Laurentio
599 2588 728 2632 Lydo
755 2588 798 2620 de
824 2599 921 2620 mens.
946 2590 1012 2621 Iul.
1038 2597 1068 2620 c.
1085 2588 1119 2619 2.
1146 2597 1180 2629 p.
1200 2587 1284 2628 111,
1308 2585 1370 2619 ubi
1393 2585 1496 2621 etiam

150 2644 391 2692 etymologiae
414 2657 435 2679 a
458 2645 638 2680 vocabulo
661 2640 736 2679 ἰλύς
758 2643 890 2687 petitae
914 2643 945 2677 si
965 2654 1039 2678 non
1064 2643 1193 2677 diserta
1217 2641 1350 2677 mentio
1367 2642 1416 2684 fit,
1441 2647 1496 2676 ta-

148 2713 231 2737 men
253 2708 433 2737 vetustum
458 2701 616 2736 eiusdem
643 2700 799 2735 fluminis
830 2711 960 2735 nomen
982 2695 1077 2734 Ἱλάς
1100 2704 1404 2734 commemoratur.

64 2778 82 2784 -
104 2760 183 2797 252.
210 2759 236 2792 l.
252 2759 286 2793 6.
313 2776 358 2782 —
381 2760 478 2805 Lege
501 2760 591 2792 XIII
616 2769 682 2802 pro
706 2759 800 2801 XII3
826 2763 862 2791 et
885 2758 976 2791 adde
1003 2756 1127 2801 capitis
1149 2755 1303 2791 indicem
1324 2755 1362 2790 in
1378 2756 1497 2790 fronte

154 2814 394 2858 proximarum
416 2814 695 2850 adnotationum.
1018 2861 1066 2898 41
1083 2861 1102 2881 *
