1774 3198
402 361 621 402 LIBRUM
651 359 981 400 SECUNDUM.
1026 359 1139 400 CAP.
1159 362 1210 401 Π.
1302 358 1305 363 ’
1441 353 1536 396 507

95 470 217 512 Ἀλλὰ
245 469 323 527 γὰρ
352 475 475 513 τοῦτο
504 471 579 525 μὲν
602 470 721 513 οὐδὲν
751 470 850 520 ἴσως
877 470 1058 528 διαφέρει
1087 470 1191 528 πρὸς
1207 468 1280 526 τὴν
1299 474 1380 514 τῶν
1402 470 1538 514 ἄλλων

223 539 233 555 ,
348 536 360 551 ι
477 538 489 554 ,
609 538 620 554 x
682 537 695 552 ε
766 542 785 552 .-
845 538 857 551 t
921 538 932 554 2
1080 538 1091 553 1
1503 538 1513 554 r

98 622 237 655 τατος.
297 609 467 661 Reliqua
485 610 593 663 apud
610 611 743 663 ipsum
766 609 1175 662 Theophrastum
1201 612 1397 663 legantur.
1453 611 1539 650 Cfr.

99 677 499 719 etiamffllutarch.
524 679 689 729 Quaest.
711 686 799 717 nat.
818 681 968 730 p.616.
998 678 1318 718 Aristoteles
1348 678 1398 716 de
1416 692 1540 717 sensu

98 758 132 783 c.
156 744 196 782 4.
227 745 305 783 ait:
332 741 379 784 τὸ
411 743 455 784 δὲ
485 740 728 799 ἁλμυρὸν
765 744 830 785 καὶ
858 742 906 785 τὸ
936 741 1128 799 πικρὸν
1166 742 1309 798 σχεδόν
1345 742 1392 786 τὸ
1423 741 1538 785 αὖτό.

99 833 155 841 -—
186 809 329 863 σχεδὸν
354 809 432 866 γὰρ
463 810 533 852 ἴσα
561 812 628 853 καὶ
654 810 706 853 τὰ
739 815 820 853 τῶν
853 815 999 865 χυμῶν
1026 811 1112 867 εἴδη
1146 813 1213 854 καὶ
1242 809 1293 854 τὰ
1321 815 1404 854 τῶν
1428 827 1541 868 χρω-

97 876 241 930 μάτων
265 878 354 919 εῗσί.
385 876 486 920 ἑπτὰ
514 878 591 935 γὰρ
622 878 867 935 ἀμφοτέρων
894 879 980 935 εἴδη
1013 879 1062 922 ἄν
1090 896 1154 929 τις
1173 881 1289 935 θείη,
1320 878 1456 936 ὥσπερ
1475 878 1542 922 εὖ·

99 943 230 1000 λόγως
254 945 301 987 τὸ
333 945 454 1002 φαιὸν
484 946 612 1000 μέλαν
631 964 670 989 τι
686 944 801 991 εἶναι
829 972 886 979 —-
945 951 1079 990 Verba
1107 948 1192 990 καὶ
1221 946 1542 1004 πικρότητος

99 1015 235 1053 omisit
256 1016 385 1067 prima
406 1030 524 1056 manu
547 1018 596 1056 E.

213 1086 249 1122 2.
293 1084 359 1122 De
386 1091 469 1124 tota
495 1084 746 1137 paragrapho
777 1086 851 1124 cfr.
880 1084 1112 1134 Phys.1V,
1139 1087 1176 1125 5.
1212 1099 1254 1137 p
1283 1087 1391 1135 212,
1418 1085 1456 1125 b.
1485 1106 1542 1114 ·——

103 1148 247 1189 Statim
278 1151 327 1189 ab
356 1152 472 1191 initio
512 1149 655 1200 δόξει
692 1166 770 1204 pro
801 1148 972 1199 δόξειε
1001 1153 1048 1192 E.
1106 1154 1228 1192 Male.
1260 1154 1334 1193 cfr.
1366 1153 1543 1192 Theo-

99 1217 293 1270 phrast.
323 1218 371 1256 de
399 1222 496 1272 igne
529 1219 565 1269 §.
589 1224 655 1259 30.
686 1234 726 1271 p.
758 1221 863 1259 715:
913 1220 1034 1258 τοῦτο
1071 1218 1147 1271 μὲν
1185 1218 1259 1261 οὔκ
1300 1217 1349 1261 ἂν
1386 1218 1544 1274 ἀλόγως

101 1281 226 1332 δόξειε
256 1290 456 1339 συνεργεῖν
485 1284 680 1339 πνεύματι
701 1289 882 1339 narei-piar
897 1288 1079 1340 quamvis
1097 1289 1294 1328 adsentiat
1312 1292 1420 1342 Bag.
1445 1304 1543 1330 ver-

99 1359 210 1392 tens:
251 1354 530 1393 videbitur
568 1356 703 1394 enim
741 1355 1067 1394 rationabile
1110 1370 1223 1396 esse
1265 1364 1315 1397 et
1353 1372 1544 1409 corpus

98 1422 258 1460 totius
287 1435 455 1474 aquae.
511 1422 633 1461 Unde
654 1430 765 1475 patet
789 1437 881 1462 eum
902 1424 1021 1462 etiam
1041 1425 1180 1476 legisse
1201 1432 1292 1477 post
1318 1421 1418 1465 εἶναι
1446 1440 1545 1466 ver-

99 1489 169 1528 ba:
200 1488 266 1528 καὶ
288 1491 407 1541 σῶμα
426 1491 499 1529 τοῦ
518 1486 671 1537 πάντος
688 1487 862 1539 ῧὸατος,
891 1497 931 1529 et
951 1492 1005 1530 ita
1026 1492 1218 1532 exhibent
1235 1496 1288 1532 A.
1302 1495 1373 1533 Er.
1394 1494 1541 1533 Alex.

100 1556 197 1595 Aldi
225 1557 297 1595 fol.
319 1561 393 1607 92,
412 1558 437 1596 b
467 1558 543 1596 nisi
568 1558 677 1610 quod
704 1557 774 1597 καί
793 1560 996 1598 omittunt.
1020 1580 1071 1585 ——
1116 1556 1280 1613 εὔλογον
1302 1558 1352 1601 ἄν
1379 1562 1544 1602 inverso

102 1625 245 1663 ordine
268 1623 324 1663 N.
351 1648 407 1654 -—
436 1626 608 1664 Prorsus
634 1625 794 1664 diversa
823 1632 883 1664 est
905 1626 1026 1664 lectio
1052 1627 1161 1678 apud
1186 1629 1546 1682 Olympiodo-

99 1705 213 1730 rum
242 1692 339 1730 Aldi
367 1693 440 1731 fol.
463 1697 530 1743 30,
553 1694 578 1731 b
615 1693 684 1745 qui
716 1693 900 1745 praebet:
943 1690 1068 1741 δόξειε
1097 1692 1174 1748 γὰρ
1205 1692 1254 1735 ἂν
1281 1694 1468 1751 εὔλογον,
1511 1698 1547 1739 εἲ

101 1758 167 1799 καὶ
199 1760 281 1798 τῶν
309 1755 443 1799 ἄλλων
470 1759 678 1811 στοιχείων
707 1759 816 1800 ἐστὶν
846 1757 966 1814 ὄγκος
995 1761 1061 1801 καὶ
1085 1760 1189 1816 ἀρχὴ
1221 1760 1288 1803 διὰ
1303 1762 1350 1804 τὸ
1366 1767 1542 1819 πλῆθος.

99 1847 154 1855 —
184 1841 226 1866 τε
256 1833 350 1866 ante
375 1824 636 1880 μεριζόμενον
666 1829 799 1868 omisit
817 1830 872 1879 E,
904 1831 972 1882 qui
995 1831 1141 1869 deinde
1163 1832 1328 1872 exhibet
1350 1848 1546 1889 μετεωρι-

100 1892 266 1946 ζόμενον
294 1895 443 1946 absque
462 1909 592 1934 sensu.
610 1918 655 1924 —-
695 1898 776 1950 πῦρ
805 1911 882 1949 pro
910 1894 1039 1952 πυρός
1067 1899 1274 1938 invenitur
1293 1902 1402 1952 apud
1421 1904 1470 1942 E.
1489 1906 1541 1943 A.

97 1963 159 2002 Al
174 1976 248 2001 ex.
279 1962 377 2001 Aldi
395 1963 439 2001 in
463 1965 704 2015 repetitione
721 1966 945 2004 verborum
968 1967 1088 2005 Arist.
1101 1990 1159 1996 —
1187 1965 1228 2006 ἐν
1246 1973 1332 2015 τοῖς
1351 1966 1543 2025 ἀνωτέρω

96 2026 239 2076 τόποις
267 2029 406 2068 habuit
434 2033 547 2082 Bag.
591 2046 682 2070 cum
711 2039 863 2072 vertat:
907 2034 960 2072 in
989 2036 1365 2087 superioribus
1394 2039 1543 2080 locis.

99 2118 150 2124 —
181 2099 284 2136 Mox
311 2094 383 2137 τόν
412 2112 488 2150 pro
517 2095 563 2137 τὸ
595 2099 760 2138 exhibet
779 2103 823 2139 F.
848 2098 920 2140 τὸν
948 2099 1051 2153 μετὰ
1079 2105 1152 2142 τοῦ
1181 2100 1315 2157 πυρὸς
1338 2101 1466 2145 τόπον
1489 2108 1542 2147 Α.

100 2164 250 2203 Alex.
279 2165 350 2203 fol.
374 2169 450 2213 92,
467 2166 493 2203 b
521 2172 562 2204 et
583 2166 632 2204 G.
661 2182 699 2219 p.
727 2172 804 2217 23,
845 2170 914 2219 qui
950 2175 1084 2208 tamen
1117 2172 1320 2221 correxit,
1349 2172 1421 2210 sed
1446 2188 1544 2213 mox

103 2243 180 2282 pro
213 2233 378 2270 κεῖται
406 2232 540 2271 voluit
568 2238 816 2283 κινεῖται,
858 2249 941 2274 non
970 2237 1118 2289 inepte.
1160 2259 1217 2265 -—
1272 2241 1460 2293 Denique
1489 2240 1550 2292 ζεῖ·

99 2310 178 2349 pro
209 2295 337 2348 ζητεῖν
365 2299 415 2336 Ε.

216 2368 255 2403 3.
287 2363 472 2418 φαίνεται
501 2363 601 2406 ἄλλο
636 2368 800 2408 inverso
831 2370 974 2410 ordine
1005 2372 1049 2411 F.
1086 2397 1136 2402 —
1160 2370 1248 2413 ’καί
1283 2381 1375 2426 post
1405 2372 1542 2432 ὥσπερ

103 2432 310 2471 omisimus
327 2447 418 2471 cum
439 2435 493 2474 N.
542 2435 695 2474 Omnes
710 2437 857 2488 reliqui
877 2445 917 2477 et
936 2438 1053 2478 codd.
1075 2447 1115 2478 et
1136 2441 1331 2480 editiones
1349 2443 1543 2485 exhibent

101 2499 286 2552 quidem:
317 2501 385 2539 sed
411 2501 510 2541 ferri
534 2503 673 2554 nequit
700 2511 868 2556 propter
898 2513 1164 2558 antegressam
1192 2510 1455 2560 negationem.
1487 2537 1538 2543 -

102 2563 197 2620 φέρ
210 2581 318 2606 εται
346 2582 423 2620 pro
444 2583 474 2622 φ
487 2567 683 2609 αίνεται
701 2573 833 2626 prima
851 2587 974 2612 manu
990 2576 1035 2612 F.
1056 2576 1172 2614 solita
1189 2578 1431 2618 confusione.
1463 2581 1538 2621 cfr.

101 2634 155 2672 V.
173 2635 221 2672 L.
251 2634 301 2673 ad
323 2637 377 2685 ΙΙ,
397 2640 436 2685 2,
462 2639 500 2676 5.
536 2638 592 2686 ΙΙ,
617 2639 657 2684 5,
678 2641 742 2677 12.

217 2703 255 2740 4.
286 2699 334 2741 δέ
357 2717 432 2755 pro
460 2701 510 2756 δή
539 2706 592 2744 Η.
617 2704 671 2743 Ν.
701 2729 758 2735 -
786 2703 857 2745 καί
882 2713 972 2746 ante
993 2705 1096 2762 ἀρχη
1128 2711 1318 2751 omittunt
1338 2716 1385 2754 F.
1408 2716 1461 2755 H.
1481 2716 1539 2757 Ν.

103 2788 155 2794 -
178 2781 282 2815 τινες
305 2771 455 2810 omittit
471 2773 519 2811 F.
544 2794 599 2800 —
629 2773 790 2812 Deinde
809 2780 901 2813 ante
922 2772 995 2815 οὐκ
1021 2771 1219 2831 OEymp.
1238 2781 1333 2819 Aldi
1351 2783 1422 2821 fol.
1434 2788 1502 2834 30,
1511 2784 1538 2823 b

103 2834 246 2874 inserit
268 2850 341 2876 ουν
370 2845 410 2877 et
429 2845 522 2878 ante
542 2835 648 2892 ἆρχή
677 2839 964 2881 vocabulum’'
939 2858 1030 2893 αρα.
1055 2868 1111 2874 -
1145 2846 1395 2897 συνεστός
1421 2851 1538 2891 dedi-
