1820 3158
143 369 359 413 -p.356,b.
383 369 546 404 Bekk.—
623 370 793 409 LIB-H-
824 367 1029 408 CARIII,
1096 362 1468 409 -p.341,E.Cas.—
1517 355 1576 399 75

143 485 372 525 τελευταῖον
403 482 623 540 ροφήσασα
653 480 781 538 ’ξηρὰν
810 479 967 535 ποιήσει
995 479 1180 533 πάμπαν.
1240 481 1280 520 4.
1320 476 1481 534 Ἐκείνῳ
1509 475 1585 529 μὲν
1617 477 1641 515 4

145 545 218 591 οὖν
247 549 448 607 «ἥρμοττεν
477 550 719 607 ὀργιζομένῳ
757 549 860 606 πρὸς
895 548 969 591 τὸν
1007 546 1201 604 πορθμέα
1239 550 1427 589 τοιοῦτον
1464 546 1587 587 εἰπεῖν

143 623 308 672 μῦθον,
339 626 426 668 τοῖς
454 619 500 660 δὲ
527 619 601 673 τὴν
631 617 830 672 ἀλήθειαν
859 621 1046 672 ζητοῦσιν
1075 610 1220 672 ἧττον·
1253 614 1308 658 δι’
1331 613 1383 670 ἣν
1410 613 1488 671 γὰρ
1519 615 1588 654 αἲ·-

143 689 236 729 τιάν
265 687 390 741 ἕζιιεινε
419 687 471 730 τδ
492 691 668 743 πρῶτον,
700 687 776 729 εἴτε
805 685 874 728 διὰ
900 685 1052 741 βάρος,
1094 684 1230 741 ὥσπερ
1260 684 1365 738 τινὲς
1393 683 1460 725 καὶ
1488 680 1587 724 τοῦ-

145 771 228 797 των
257 756 382 811 φασίν
421 756 490 811 (ἐν
518 757 720 813 προχείρῳ
758 755 836 811 γὰρ
866 754 1016 796 τούτου
1044 753 1119 808 τὴν
1149 754 1283 795 αἶτίαν
1311 751 1461 808 ἰδεῖν),
1510 750 1587 793 εἴτε

147 825 212 864 καὶ
243 823 299 864 δι’
326 822 425 865 ἄλλο
445 840 507 876 τι,
549 825 672 878 δῆλον
703 822 766 866 ὅτι
797 822 864 864 διὰ
889 826 1013 865 τοῦτο
1045 822 1244 876 διαμένειν
1274 820 1491 875 ἀναγκαῖον
1521 818 1589 860 καὶ

143 891 216 933 τὸν
246 891 387 933 λοιπὸν
415 891 566 946 χρόνον
596 891 736 946 αὐτήν.
770 933 773 936 ⁴
799 898 838 934 5.
860 890 928 933 ”H
945 891 1022 946 γὰρ
1044 890 1204 932 λεκτέον
1236 888 1377 937 αὐτοῖς
1406 886 1470 930 ὅτι
1492 885 1588 929 οὐδὲ
1622 892 1646 928 5

144 958 191 1000 τὸ
234 959 416 1013 ἀνοιχθὲν
453 958 567 1016 ὕδωρ
605 958 686 1002 ὖπὸ
725 964 798 1002 τοῦ
826 958 943 1014 ῆλιόυ
971 958 1055 1013 ἣξει
1083 957 1229 1009 πάλιν,
1270 955 1295 1011 ἢ
1328 956 1437 1012 εἴπερ
1466 954 1586 998 τοῦτ’

146 1026 280 1080 ἔσται,
313 1027 529 1083 ἀναγκαῖον
557 1027 646 1082 ἤτοι
675 1028 735 1069 ἀεὶ
765 1027 789 1081 ἢ
818 1027 960 1083 μέχρις
988 1020 1112 1081 οὗπερ
1143 1023 1193 1066 ἂν
1220 1019 1248 1081 ᾗ
1276 1028 1398 1066 τοῦτο
1427 1021 1592 1065 ὑπολεί-

146 1099 299 1137 πεσθαι
336 1095 411 1150 τὴν
450 1095 689 1145 θάλατταν,
728 1097 795 1138 καὶ
824 1094 946 1137 πάλιν
977 1093 1208 1148 ἀναχθῆναι
1239 1093 1363 1134 ἐκεῖνο
1393 1091 1593 1148 πρότερον

148 1162 280 1218 δεήσει
303 1163 349 1205 τὸ
372 1162 558 1216 πότιμον.
592 1163 695 1206 ὥστε
725 1163 919 1206 οὐδέποτε
950 1165 1193 1219 ξηρανεῖται·
1226 1161 1347 1203 πάλιν
1365 1159 1443 1216 γὰρ
1466 1160 1591 1201 ἐκεῖνο

147 1231 353 1287 φθήσεται
392 1231 578 1285 καταβὰν
619 1235 675 1281 εἷς
713 1232 790 1287 τὴν
831 1231 960 1287 αὐτὴν
998 1230 1045 1274 τὸ
1077 1227 1360 1286 προανελθόν·
1411 1227 1593 1284 διαφέρει

145 1295 380 1355 γὰρόὐθέν
413 1298 521 1350 ἅπαξ
550 1300 667 1342 τοῦτ’
699 1302 820 1342 εἷπεΐν
848 1299 1100 1355 ἢπολλάκις.
1161 1305 1200 1340 6.
1233 1299 1284 1340 Εἰ
1310 1297 1388 1351 μὲν
1417 1291 1490 1338 οὖν
1521 1295 1595 1338 τὸν
1625 1303 1648 1337 6

144 1366 261 1422 ἥλιον
288 1366 432 1410 παύσει
462 1385 524 1418 τις
555 1373 631 1423 τῆς
659 1374 812 1425 φορᾶς,
843 1370 885 1411 τί
906 1368 1017 1410 ἔσται
1040 1367 1087 1410 τὸ
1111 1369 1327 1423 ξηραΐνον;
1357 1366 1392 1407 εἴ
1420 1364 1460 1406 δ’
1487 1364 1595 1406 ἐάσει

146 1433 245 1477 εἶναι
274 1436 349 1490 τὴν
379 1435 619 1493 περιφοράν,
662 1436 721 1479 ἀεὶ
753 1436 986 1492 πλησιάζων
1013 1436 1061 1478 τὸ
1092 1435 1280 1490 πότιμον,
1318 1434 1510 1489 καθάπερ
1540 1433 1596 1475 εἷ’-

147 1521 298 1558 πομεν,
343 1504 500 1556 ἀνάξει,
548 1505 697 1562 ἀφήσει
734 1506 780 1548 δὲ
808 1506 930 1548 πάλιν
959 1505 1201 1560 ἀποχωρῶν.
1270 1509 1310 1545 7.
1341 1500 1520 1555 ’Έλαβον
1551 1501 1596 1543 δὲ
1625 1507 1652 1543 7

146 1571 300 1627 ταύτην
327 1573 402 1627 τὴν
432 1572 615 1616 διάνοιαν
645 1574 750 1616 κατὰ
787 1579 860 1629 τῆς
892 1572 1109 1627 θαλάττης
1138 1573 1181 1614 ἐκ
1211 1575 1286 1613 τοῦ
1318 1569 1497 1618 πολλοὺς
1525 1567 1596 1611 τό-

148 1658 251 1690 πους
280 1643 503 1697 φαίνεσθαι
534 1642 778 1698 ξηροτέρους
799 1646 872 1684 νῦν
893 1640 917 1694 ἢ
938 1639 1159 1696 πρότερον·
1191 1639 1282 1695 περὶ
1302 1632 1348 1680 οὗ
1369 1637 1445 1692 τὴν
1465 1639 1599 1680 αἰτίαν

759 1761 766 1774 1
942 1743 969 1761 N

150 1778 302 1816 aridam
327 1778 572 1817 effecturam.
634 1779 670 1817 4.
692 1779 773 1818 Sed
794 1780 1004 1831 Aesopum
1022 1779 1065 1816 in
1080 1779 1321 1830 portitorem
1341 1777 1490 1815 iratum
1512 1777 1597 1815 eius

151 1848 262 1886 modi
295 1847 470 1885 fabulam
505 1848 865 1886 comminisci·uon
885 1846 1125 1885 dedecebat:
1156 1859 1224 1884 eos
1249 1851 1403 1893 autem,
1434 1844 1503 1896 qui
1521 1859 1596 1884 ve-

150 1917 311 1954 ritatem
340 1916 572 1968 inquir'unt,
610 1929 693 1954 non
722 1916 836 1954 item.
899 1917 1031 1966 Quam
1058 1914 1165 1953 enim
1187 1927 1345 1965 cunque
1367 1913 1418 1950 ob
1437 1926 1597 1951 causam

151 1984 261 2036 prius
284 1984 525 2036 permansit,
555 1984 642 2022 sive
662 1990 833 2036 propter
853 1983 1024 2036 pondus,
1048 1982 1293 2021 ut-nounulli
1312 1981 1435 2030 aiunt,
1464 1981 1597 2028 (facile

152 2053 258 2108 enim
289 2058 349 2090 est
377 2051 495 2089 huius
528 2052 588 2089 rei
617 2065 774 2091 causam
804 2049 1052 2104 perspicere)
1084 2065 1155 2089 seu
1176 2051 1227 2088 ob
1246 2050 1358 2088 aliud
1379 2049 1598 2101 quidpiam,

150 2119 193 2157 id
223 2125 398 2168 constat,
439 2121 705 2159 necessarium
732 2135 836 2167 esse,
872 2127 919 2159 ut
938 2121 1140 2171 reliquum
1173 2132 1331 2170 quoque
1361 2125 1520 2170 tempus
1549 2118 1600 2157 ob

154 2187 322 2225 eandem
344 2194 590 2238 permaneat.
651 2192 687 2228 5.
716 2190 802 2228 Aut
829 2189 935 2228 enim
964 2189 1013 2226 iis
1045 2187 1259 2226 dicendum
1292 2192 1371 2234 est,
1412 2199 1552 2237 aquam
1574 2200 1598 2224 a

155 2254 238 2292 sole
258 2254 449 2293 sublatam
471 2268 552 2293 non
569 2270 711 2295 rursus
733 2257 909 2296 delatum
928 2257 1000 2305 iri,
1030 2262 1099 2294 aut
1118 2255 1152 2293 si
1173 2254 1380 2292 deferetur
1395 2281 1404 2296 ,
1437 2267 1600 2292 necesse

156 2335 254 2370 esse,
284 2311 350 2359 vel
370 2335 540 2373 semper,
572 2325 638 2362 vel
658 2325 792 2376 quoad
809 2325 887 2363 hoc
907 2325 1045 2372 fuerit,
1076 2336 1187 2360 mare
1205 2328 1454 2373 permaneat,
1474 2322 1599 2360 illud-

156 2401 234 2440 que
255 2389 433 2440 potabile
451 2382 614 2428 *sursum
642 2393 751 2442 prius
773 2393 920 2430 iterum
950 2392 1172 2429 attollatur.
1231 2390 1369 2439 Quare
1392 2403 1599 2440 nunquam

157 2457 440 2495 exsiccabitur:
471 2457 580 2508 quod
608 2459 717 2496 enim
735 2466 851 2497 antea
871 2459 1152 2505 adscenderat,
1185 2458 1225 2494 in
1242 2457 1353 2495 idem
1373 2457 1601 2508 descendet,

157 2525 306 2577 quippe
323 2538 416 2563 cum
438 2523 540 2562 nihil
555 2524 727 2574 intersit,
756 2524 835 2564 hoc
854 2527 979 2565 semel
998 2526 1089 2564 fieri
1109 2540 1159 2564 an
1182 2526 1386 2564 multoties
1411 2525 1600 2564 dicamus.

158 2595 196 2631 6.
218 2591 341 2642 Quod
361 2592 390 2630 si
408 2593 532 2630 solem
556 2592 762 2642 quiescere
778 2595 864 2644 quis
880 2601 1039 2643 statuat,
1062 2594 1159 2645 quid
1174 2594 1250 2632 erit
1272 2593 1379 2644 quod
1400 2594 1573 2632 exsiccet
1583 2595 1602 2632 ¹?

158 2660 229 2699 Sin
257 2673 360 2698 vero
388 2665 630 2698 convertere
662 2660 904 2711 arbitretur,
943 2662 986 2699 id
1017 2661 1126 2713 quod
1153 2661 1326 2713 potabile
1358 2667 1418 2699 est
1442 2675 1602 2700 accessu

157 2740 242 2776 su0,
269 2727 608 2778 quemadmodum
629 2727 819 2777 diximus,
847 2735 1044 2780 perpetuo
1066 2728 1215 2768 evehet
1235 2729 1490 2781 dimittetque
1506 2744 1603 2769 rur-

159 2807 225 2832 sus
255 2794 429 2833 decessu.
496 2798 535 2834 7.
566 2797 682 2835 Hanc
700 2802 843 2835 autem
854 2797 1085 2847 opinionem
1105 2797 1156 2835 de
1174 2797 1273 2835 mari
1286 2805 1601 2849 proposuerunt,

161 2861 270 2912 quod
300 2862 418 2913 plura
435 2876 542 2901 nunc
553 2892 565 2913 ,
593 2877 714 2916 quam
736 2870 852 2903 antea
873 2865 1039 2904 sicciora
1060 2867 1146 2905 loca
1168 2872 1380 2917 apparent:
1410 2867 1522 2905 cuius
1539 2865 1603 2905 rrei
