1774 3198
415 375 638 416 LIBRUM
668 377 909 417 PRIMUM.
969 379 1088 418 cAP.
1110 379 1231 419 XIII.
1452 373 1547 417 471

111 489 242 540 magni
261 490 382 527 maris
410 490 542 528 sinum
569 490 786 540 faciebant,
823 492 953 530 veluti
980 488 1240 531 Arrianus
1267 491 1404 531 Anah.
1422 494 1544 534 Alex.

108 558 171 605 V,
201 560 224 595 5
241 587 251 606 ,
283 561 331 596 6:
378 554 581 598 ἐκδιδόναι
611 557 667 605 εἰς
695 555 771 611 τὴν
795 553 1020 613 ‘pravt'av
1049 556 1301 612 καλουμένην
1327 556 1546 602 θάλασσαν

108 623 174 662 καὶ
202 621 355 677 ταύτην
386 622 538 665 κόλπον
567 617 694 666 οὖσαν
722 629 796 680 τῆς
821 623 1000 680 μεγάλης
1027 623 1267 678 θαλάσσης,
1306 627 1375 667 ubi
1404 641 1543 680 panea,

108 705 209 743 quae
228 692 307 731 huc
327 695 544 745 pertinent,
567 695 775 735 adnotavit
803 697 830 734 S
841 695 898 734 ch
908 709 934 734 n
945 696 989 734 ei
1000 695 1024 733 d
1036 710 1059 734 e
1068 709 1165 734 rus.
1209 691 1335 734 Adde
1363 697 1390 734 S
1403 696 1461 734 ch
1470 711 1492 736 a
1501 710 1544 735 e-
1613 692 1617 707 ¹

106 760 189 798 fer
217 760 268 798 ad
296 760 562 803 Plutarch.
599 765 719 802 Tom.
740 765 789 803 V.
820 778 859 815 p.
876 767 973 803 226.
1032 764 1165 803 Etiam
1192 761 1544 803 Ptolemaeum

105 827 153 865 ab
184 829 323 867 Hero
336 830 360 867 d
374 831 449 869 oti
477 831 656 883 partibus
683 832 860 880 stetisse,
888 831 1100 871 concludas
1118 845 1171 870 ex
1190 830 1323 870 Schol.
1343 831 1392 869 ad
1414 832 1544 870 Dio-

104 908 208 946 nys.
239 895 442 950 Perieg.
472 913 513 938 v.
542 903 637 939 718.
667 914 708 952 p.
730 902 810 940 359
852 899 916 939 ed.
945 898 1277 950 Bernhardy:
1315 894 1469 950 ταύτην
1498 896 1544 938 δὲ

101 960 176 1014 τὴν
199 958 426 1017 “Ῡρκανιάν
454 963 676 1007 θάλασσαν
704 967 771 1007 καὶ
799 968 1061 1018 Πτολεμαῖος
1097 965 1163 1005 καὶ
1186 962 1468 1018 Ἀριστοτέλης
1500 963 1559 1010 ἓν,

79 1047 87 1057 ·-
100 1034 189 1076 τοῖς
215 1030 455 1086 Μετεώροις
482 1036 606 1086 νῆσον
633 1031 899 1075 ὑποτίθενται
929 1030 1027 1075 εἶναι
1067 1032 1133 1073 καὶ
1175 1030 1434 1086 περιέχεσθαι
1469 1035 1543 1085 τῆς

100 1100 187 1150 γῆς.
226 1100 386 1152 Reliqui
407 1116 547 1141 omnes
561 1103 602 1141 in
621 1104 759 1142 falsam
779 1103 1016 1142 sententiam
1035 1102 1185 1151 abiere,
1205 1102 1335 1141 veluti
1355 1101 1540 1140 Strabo

99 1167 152 1204 11.
184 1181 224 1219 p.
255 1171 334 1207 182
356 1171 398 1206 C.
431 1169 506 1210 XI.
527 1175 677 1220 p.773.
699 1174 792 1210 787.
832 1171 1075 1220 Pompon.
1106 1169 1246 1207 Mela
1273 1169 1318 1217 I,
1342 1172 1384 1207 2.
1409 1166 1539 1218 111‚5.

98 1234 306 1273 Plinius
338 1238 451 1274 He'st.
478 1246 572 1276 nat.
595 1237 651 1283 ΙΙ,
674 1241 740 1276 68.
773 1238 847 1287 VI,
867 1240 919 1275 13
942 1237 1022 1275 alii.
1081 1237 1236 1276 Mirum
1266 1234 1412 1274 deinde
1435 1236 1540 1275 acci-

98 1301 158 1340 dit
171 1332 182 1351 ,
229 1301 337 1341 hunc
367 1317 549 1342 errorem
580 1318 664 1343 esse
699 1311 964 1356 propagatum
1003 1318 1131 1356 usque
1168 1304 1221 1342 ad
1259 1304 1298 1343 O
1311 1303 1486 1342 leariu
1498 1318 1537 1341 m

95 1366 452 1419 (Moscousitische
480 1371 569 1409 und
591 1372 890 1411 Persianische
912 1371 1342 1421 Reisehesclzreibung
1368 1384 1406 1422 p.
1427 1368 1538 1423 405),

95 1438 302 1488 quamvis,
332 1452 384 1477 ne
402 1451 450 1477 eo
473 1439 636 1491 quidem
660 1447 851 1478 monente
868 1441 911 1478 in
929 1440 1086 1492 mappis
1106 1437 1381 1491 geographicis
1408 1438 1539 1476 corri-

93 1512 259 1556 geretur
275 1504 326 1558 *).
383 1507 543 1545 Primus
581 1509 620 1546 D
633 1508 788 1546 elisle
826 1505 1049 1561 (Histoire
1079 1507 1127 1544 de
1154 1506 1335 1545 Z’Aead.
1364 1506 1437 1543 des
1462 1507 1537 1544 In—

93 1575 322 1624 scriptions
352 1575 471 1612 Tom.
494 1576 595 1614 XII.
628 1588 667 1624 p.
695 1573 773 1624 64)
807 1588 972 1625 mappas
995 1573 1278 1626 geographicas
1293 1573 1535 1613 emendavit.

93 1640 177 1679 Cfr.
221 1641 386 1680 omnino
427 1642 465 1679 R
478 1653 502 1678 ο
515 1642 540 1679 1)
553 1648 634 1680 ert
646 1656 663 1679 s
676 1655 738 1680 on
784 1642 919 1680 Ueber
958 1642 1025 1679 die
1052 1643 1282 1680 Kenntniss
1309 1642 1383 1680 der
1408 1641 1536 1680 Alcen

92 1711 175 1746 vo'n
192 1709 345 1746 Indien
370 1722 422 1746 ex
441 1722 550 1748 vers.
576 1710 794 1748 vernacula
823 1711 855 1748 F
868 1710 1064 1748 orsteri
1095 1723 1135 1760 p.
1155 1711 1237 1748 212
1256 1721 1314 1760 sq.
1343 1709 1370 1746 S
1383 1721 1535 1760 pren-

91 1790 115 1828 g
127 1777 171 1815 el
195 1776 441 1815 Gesclzichte
462 1776 536 1815 der
546 1776 817 1830 wichtigsten
831 1775 1535 1829 geographischenEntdeekungen

135 1954 172 1996 *)
205 1954 277 1988 Sed
310 1953 379 1987 iam
413 1959 495 1988 ante
530 1954 767 1989 Olearium
796 1954 962 2000 Caspium
985 1966 1085 1990 mare
1113 1953 1259 1989 minime
1282 1964 1363 1988 cum
1386 1953 1532 1988 Oceano

179 2010 446 2055 septentrionali
469 2011 664 2046 cohaerere
682 2013 852 2047 docuerat
869 2012 1130 2047 Guilelmus
1147 2010 1529 2052 Ruisbroeckius,

179 2068 241 2113 qui
264 2074 383 2102 tamen
411 2079 487 2102 non
511 2068 621 2116 magis
647 2075 722 2103 erat
747 2070 886 2104 auditus
917 2070 1000 2112 (cfr.
1025 2069 1255 2115 Sprengel
1277 2069 1300 2102 l.
1322 2069 1348 2101 l.
1372 2079 1408 2112 p.
1431 2066 1530 2110 296),

180 2137 285 2170 quam
305 2126 528 2169 Haython
550 2125 809 2170 Armeniemis,
835 2119 1008 2171 quiidem
1032 2126 1282 2160 affirmaverat.
1329 2123 1462 2157 Mirum
1478 2129 1532 2158 est

181 2188 219 2216 et
257 2182 617 2216 Vicomercato
670 2183 798 2226 (cuius
832 2183 1106 2218 commentarius
1141 2181 1254 2226 prima
1289 2180 1371 2216 vice
1399 2179 1531 2223 prodiit

180 2248 275 2272 anno
295 2238 401 2281 1565)
427 2238 523 2271 idem
546 2238 615 2272 iam
640 2239 851 2276 innotuisse.
896 2242 930 2274 Is
955 2239 1050 2273 enim
1076 2239 1112 2272 in
1138 2236 1391 2272 commentario
1414 2237 1459 2270 ad
1482 2237 1530 2280 11,

182 2298 223 2338 1,
251 2296 307 2328 10.
342 2305 378 2338 p.
402 2296 466 2337 95,
483 2306 503 2327 a
534 2294 601 2328 ait:
637 2299 740 2330 Recte
765 2304 874 2330 autem
898 2298 1094 2330 Aristoteles
1117 2298 1312 2337 Hyrcanum
1341 2292 1531 2340 (intelligit

181 2351 363 2396 Caspium)
385 2364 448 2394 per
463 2364 498 2384 se
514 2364 605 2384 mare
624 2359 653 2384 et
674 2366 746 2386 cum
766 2355 900 2388 Oceano
925 2365 987 2386 non
1005 2353 1243 2385 communicans
1260 2352 1384 2393 statuit,
1409 2342 1530 2395 quippe

181 2423 255 2443 cum
281 2416 311 2442 et
337 2412 406 2441 tale
429 2420 499 2441 esse
525 2410 564 2441 ab
590 2409 660 2452 his,
697 2412 753 2454 qui
777 2417 887 2443 aetate
910 2416 1023 2443 nostra
1045 2416 1169 2441 terram
1200 2411 1380 2440 lustrarunt
1408 2419 1450 2440 ac
1471 2397 1529 2440 de-

178 2469 388 2510 scripserunt,
413 2466 587 2498 tradatur.-
620 2478 817 2511 quamquam
842 2468 979 2508 Plinius,
1007 2467 1184 2508 Dionysius
1208 2471 1239 2496 et
1263 2465 1382 2497 Strabo
1405 2477 1424 2498 e
1444 2465 1529 2497 man*

181 2524 330 2566 Scythico
356 2534 527 2564 erumpere
549 2524 707 2567 inquiant.
759 2525 852 2557 Unde
877 2524 995 2556 Strabo
1023 2525 1208 2554 Patroclem
1230 2523 1368 2554 nobilem
1390 2523 1529 2564 scripto·

178 2591 248 2612 rem
276 2582 309 2612 in
334 2592 375 2612 ea
391 2578 502 2620 fuisse
524 2581 683 2612 sententia
704 2582 835 2622 scribit,
859 2586 895 2612 ut
919 2592 960 2612 ex
984 2581 1083 2612 India
1108 2579 1153 2611 ad
1174 2580 1351 2620 Hyrcanos
1376 2579 1530 2620 navigari

176 2648 276 2679 posse
297 2638 483 2670 crediderit.
533 2639 612 2669 Post
631 2648 709 2669 vero
734 2643 764 2669 et
788 2638 876 2681 quod
901 2638 967 2670 duo
993 2639 1102 2669 maria
1123 2649 1193 2669 esse
1217 2637 1257 2668 ab
1276 2637 1454 2668 Aristotele
1476 2635 1530 2667 hic

179 2695 334 2736 traditur,
355 2692 511 2734 defendi.-
540 2700 575 2725 ut
600 2694 747 2726 dicamus
771 2696 967 2736 Hyrcanum
995 2701 1026 2727 et
1046 2695 1200 2737 Caspium
1225 2693 1290 2725 duo
1310 2693 1418 2724 maria
1439 2692 1529 2724 dicta

180 2761 261 2793 esse,
289 2751 452 2794 quomodo
472 2751 620 2783 Ionicum
647 2757 677 2782 et
703 2751 904 2790 Tyrrhenum
930 2752 996 2783 duo
1021 2752 1191 2792 dicuntur,
1216 2755 1437 2792 separatoque
1460 2759 1529 2781 esse

180 2818 243 2839 non
258 2809 342 2840 inter
360 2820 407 2850 se,
429 2808 488 2840 sed
510 2809 550 2839 ab
574 2808 720 2841 Oceano.
768 2809 883 2842 Lacus
905 2806 1014 2854 igitur
1036 2805 1123 2841 Aral
1146 2805 1259 2841 dictus
1281 2804 1527 2839 vicomer-

182 2868 292 2897 cato
325 2865 483 2899 nondum
506 2863 674 2899 innotuit.
