1812 3158
355 368 448 410 402
570 373 1012 414 COMMENTARIUS
1042 372 1102 411 IN
1124 372 1523 411 METEOROLOG.

351 493 517 535 partem
541 484 768 521 densiorem
790 483 974 531 vaporis,
1005 494 1032 518 a
1054 493 1137 533 qua
1165 483 1346 519 densiori
1367 488 1492 530 parte
1517 493 1650 531 vapor
1681 484 1748 519 in-

356 553 483 600 cipiet
511 557 658 586 motum
685 547 950 584 circularem:
979 554 1019 584 et
1038 549 1098 584 sic
1127 547 1224 584 licet
1251 554 1380 584 motus
1406 549 1657 584 accensionis
1678 548 1749 585 de-

357 616 558 651 currentis
585 615 770 650 terminet
793 615 837 649 in
850 621 1018 662 partem
1037 613 1284 658 densiorem,
1315 619 1444 650 motus
1463 620 1600 649 tamen
1618 615 1751 650 circu·-

358 681 462 716 laris
492 681 639 727 incipit
671 693 698 715 a
726 679 907 716 densiori
930 686 1079 729 parte:
1121 678 1230 730 quod
1247 678 1307 730 fit
1341 678 1497 727 duplici
1523 692 1571 716 ex
1597 692 1752 725 causa,-

354 749 492 795 primo
517 747 626 796 quod
636 758 741 794 pars
765 745 926 782 densior
948 752 986 781 et
999 745 1174 792 firmior,
1205 758 1294 781 cum
1309 747 1475 794 rapitur
1493 745 1754 781 circulariter

363 825 390 849 a
412 819 525 849 motu
550 813 678 857 caeli,
702 810 876 861 facilius
896 810 1031 847 trahit
1046 824 1180 847 secum
1196 818 1362 860 partem
1381 812 1613 857 tenuiorem,
1631 822 1755 860 quam

361 891 382 915 e
399 885 559 926 contra,
591 879 692 927 quia
715 889 820 926 pars
849 876 1055 922 infirmior
1080 890 1235 927 semper
1250 878 1379 915 vincit
1399 883 1565 926 partem
1586 875 1757 912 debilio-

362 957 470 980 rem.-
514 943 709 990 secundo,
746 944 844 993 quia
870 941 974 979 llaec
1002 943 1283 992 inflammatio
1314 943 1372 990 fit
1404 955 1430 978 a
1460 949 1570 978 motu
1607 941 1755 978 diurno

364 1010 491 1057 caeli,
520 1011 592 1059 qui
605 1008 666 1056 fit
695 1009 749 1046 ab
777 1008 943 1045 Oriente
974 1008 1033 1045 ad
1058 1009 1327 1058 occidentem,
1357 1008 1447 1045 ideo
1476 1007 1755 1056 inflammatio

364 1077 511 1125 incipit
534 1074 585 1111 ab
608 1074 802 1111 orientali
816 1080 939 1123 parte
959 1077 1143 1124 vaporis,
1173 1078 1272 1126 quia
1293 1082 1423 1112 motus
1445 1074 1538 1111 inde
1553 1075 1759 1122 provenit,

365 1149 405 1178 et
431 1141 604 1190 impellit
632 1153 828 1188 vaporem
855 1152 994 1176 versus
1018 1142 1267 1178 occidentem
1280 1154 1296 1186 ;
1334 1141 1424 1177 ideo
1447 1152 1554 1189 pars
1576 1140 1760 1188 vaporis,

366 1219 471 1257 quae
493 1204 759 1243 occidentalis
782 1211 855 1252 est,
884 1205 963 1241 erit
982 1207 1164 1243 crassior
1182 1214 1222 1243 et
1240 1207 1417 1251 densior,
1446 1207 1546 1255 quia
1566 1205 1606 1241 vi
1630 1211 1762 1241 motus

366 1273 474 1309 caeli
495 1279 602 1308 totus
624 1283 756 1319 vapor
781 1269 840 1307 ad
867 1269 1113 1308 occidentem
1134 1278 1302 1320 partem
1333 1271 1601 1319 compellitur.
1660 1270 1761 1306 Cum

367 1339 509 1387 itaque
528 1349 635 1385 pars
665 1337 835 1385 vaporis
863 1335 1131 1373 occidentalis
1154 1337 1288 1386 suerit
1310 1349 1495 1379 accensa,
1523 1336 1713 1383 rapietur
1733 1348 1761 1370 a

368 1409 480 1439 motu
508 1401 707 1438 circulari
733 1401 841 1438 caeli
869 1401 1017 1438 diurno
1043 1414 1182 1439 versus
1211 1402 1459 1439 occidentem
1485 1407 1525 1437 et
1541 1402 1603 1437 sic
1625 1400 1762 1436 trahit

367 1481 501 1505 secum
525 1474 693 1516 partem
727 1466 966 1504 orientalem
995 1469 1192 1517 vaporis;
1235 1469 1308 1505 sed
1334 1467 1438 1504 haec
1459 1479 1564 1516 pars
1592 1468 1763 1515 vaporis

370 1534 585 1571 orientalis
604 1546 686 1569 non
703 1539 840 1581 potest
859 1545 992 1569 secum
1011 1532 1175 1570 trahere
1196 1533 1488 1571 occidentalem
1501 1538 1669 1581 partem
1686 1544 1764 1568 να-

364 1601 496 1648 poris,
529 1601 627 1649 quia
648 1606 744 1635 tunc
763 1604 895 1635 motus
904 1597 1033 1645 fieret
1055 1598 1107 1635 ab
1126 1599 1331 1636 occidente
1353 1600 1398 1647 in
1419 1599 1627 1642 orientem,
1658 1596 1768 1647 quod

360 1665 463 1717 fleri
483 1678 565 1702 non
585 1671 737 1713 potest.
795 1664 861 1701 Sit
887 1674 1020 1713 vapor
1053 1666 1085 1702 B
1109 1688 1157 1693 —-
1176 1665 1236 1710 A,
1267 1671 1306 1701 et
1326 1670 1537 1700 moveatur
1557 1663 1667 1712 ignis
1682 1691 1693 1707 ‚
1721 1664 1766 1698 in

373 1745 451 1782 quo
472 1738 531 1768 est
551 1742 684 1778 vapor
703 1730 751 1777 A,
779 1737 890 1767 motu
909 1730 1017 1766 caeli
1036 1729 1183 1768 diurno
1206 1728 1259 1768 ab
1280 1730 1314 1768 A
1331 1730 1459 1774 ‹de5
1484 1741 1613 1776 vapor
1631 1728 1767 1777 utique

365 1798 487 1845 prius
506 1794 825 1849 inflammabitur
851 1797 896 1832 in
910 1802 1033 1844 parte
1054 1798 1111 1845 A‚·
1142 1797 1242 1846 quia
1271 1795 1374 1832 idem
1403 1795 1561 1831 caelum
1590 1800 1768 1830 movetur

372 1873 512 1898 versus
528 1863 582 1907 B,
612 1867 650 1896 et
664 1862 844 1913 flamma
873 1861 1056 1898 decurret
1081 1875 1208 1911 usque
1234 1861 1291 1898 ad
1313 1863 1366 1906 B,
1396 1874 1500 1911 quae
1524 1867 1584 1896 est
1609 1859 1770 1895 densior

370 1938 474 1975 pars
501 1928 670 1974 vaporis
699 1925 746 1963 ob
775 1927 930 1963 dictam
954 1928 1170 1964 rationem.
1228 1927 1329 1963 Cum
1350 1927 1492 1974 itaque
1515 1932 1618 1960 toms
1638 1937 1769 1971 vapor

375 1998 585 2028 moveatur
608 1991 868 2028 circulariter
887 1991 1013 2028 simul
1026 2004 1117 2028 cum
1135 1998 1245 2028 motu
1264 1992 1422 2037 diurno,
1443 1996 1572 2026 motus
1593 1988 1772 2024 circula-

374 2059 433 2093 ris
454 2058 619 2105 incipiet
639 2068 666 2092 a
679 2059 874 2105 punctoB
895 2064 933 2093 et
953 2056 1088 2094 trahit
1105 2070 1238 2094 secum
1254 2059 1312 2102 A,
1333 2057 1434 2106 quia
1453 2063 1581 2092 motus
1601 2054 1771 2090 diurnus

367 2121 426 2167 fit
444 2134 582 2158 versus
601 2123 657 2159 B:
685 2123 722 2158 si
743 2123 851 2159 enim
873 2129 1002 2159 motus
1027 2123 1244 2159 circularis
1269 2123 1468 2170 inciperet
1489 2120 1542 2156 ab
1562 2120 1614 2164 A,
1645 2126 1773 2156 motus

364 2187 486 2239 fleret
513 2200 653 2224 versus
682 2188 894 2235 orientem,
934 2202 1015 2225 non
1041 2201 1179 2226 versus
1209 2187 1482 2225 occidentem.-
1512 2187 1773 2234 supponimus

378 2252 531 2290 enimA
551 2266 634 2289 esse
649 2260 819 2301 partem
838 2254 1078 2290 orientalem
1094 2255 1277 2303 vaporis,
1306 2254 1408 2303 quia
1434 2260 1491 2289 est
1508 2264 1609 2301 pars
1634 2251 1775 2288 dexte-

377 2331 444 2363 ra,
471 2320 503 2356 B
522 2331 617 2355 vero
637 2331 720 2354 esse
737 2325 906 2367 partem
924 2319 1227 2365 occidentalem,
1256 2320 1358 2370 quia
1374 2331 1476 2368 pars
1505 2324 1563 2354 est
1586 2318 1772 2353 sin-istra.

378 2403 433 2410 -·
461 2383 591 2434 φορᾶς
617 2383 688 2421 τοῦ
715 2379 891 2433 κομήτου
920 2379 944 2435 ἦ
974 2383 1176 2423 τελευταία
1202 2398 1264 2436 pr.
1292 2398 1395 2422 man.
1426 2385 1496 2427 E.‚
1536 2382 1601 2431 qui
1633 2380 1775 2418 deinde

378 2461 452 2498 pro
482 2448 646 2498 simplici
680 2449 753 2499 τῆς
792 2447 1013 2501 διαδρομῆς
1040 2450 1199 2488 exhibet
1229 2446 1332 2502 ἀρχὴ
1361 2450 1432 2499 τῆς
1461 2446 1691 2498 διαδρομῆς.
1719 2467 1775 2475 -

377 2515 451 2564 τῆς
481 2512 700 2564 διαδρομῆς
726 2515 799 2552 τοῦ
828 2514 1095 2562 διαΐσσοντος·
1126 2518 1306 2561 τοιοῦτος
1330 2513 1394 2554 καὶ
1412 2509 1432 2552 ὃ
1453 2510 1629 2563 κομήτης
1649 2514 1775 2550 REI*-

381 2601 430 2607 —
459 2580 537 2616 Pro
565 2581 746 2617 τοιοῦτον
773 2575 793 2618 ὃ
817 2577 992 2632 κομήτης
1020 2583 1070 2620 Α.
1101 2582 1183 2620 Cas.
1222 2581 1401 2624 τοιοῦτος
1437 2574 1457 2616 ὃ
1488 2574 1685 2628 κομήτης,
1732 2579 1773 2615 S·

378 2645 559 2689 τοιοῦτος
586 2643 651 2683 καὶ
681 2640 909 2698 ὃκομήτης,
939 2648 979 2684 Ρ.
1007 2649 1188 2692 τοιοῦτος
1217 2635 1403 2697 κομήτής.
1422 2664 1474 2672 —
1502 2640 1601 2693 ἔχων
1624 2641 1666 2682 ἓν
1685 2638 1776 2681 ἑαυ-

380 2710 436 2761 τῷ
462 2711 509 2747 Ε.
538 2706 646 2763 αὐτῷ
673 2712 718 2749 Ρ.
742 2712 781 2750 S.
803 2713 890 2750 Cas.

493 2778 531 2813 5.
560 2771 657 2813 ὅταν
683 2774 757 2825 μὲν
786 2769 855 2815 οὖν
883 2775 925 2815 ἓν
953 2773 1080 2831 ἑαυτῷ
1109 2779 1156 2816 Ε.
1185 2799 1240 2806 -
1267 2773 1325 2826 εἴη
1356 2788 1431 2826 pro
1458 2767 1484 2827 ᾖ
1511 2777 1560 2814 F.
1589 2796 1643 2803 —-
1673 2769 1773 2813 καθ’
