1774 3198
285 362 380 407 444
501 372 944 411 COMMENTARIUS
973 373 1033 411 IN
1060 374 1463 415 METEOROLOG.

284 479 440 532 ἱμάτια,
477 479 857 533 περιτυλισσομένων
886 479 930 520 δὲ
956 477 1190 534 ὑφάσματα.
1236 482 1302 522 καὶ
1331 482 1398 522 διὰ
1426 486 1543 524 τοῦτο
1581 483 1672 525 κατ’

283 545 455 600 ἀνάγκην
482 545 604 599 φασὶν
633 545 674 585 ἐν
701 549 758 601 τῷ
786 544 924 600 Ἄραψ
950 549 1108 587 κεῖσθαι
1136 545 1208 587 τὸν
1235 539 1355 600 τοῦ-ρ
1378 548 1678 601 διπλασιασμόν,

281 610 335 659 ὡς
361 612 425 652 καὶ
454 611 495 651 ἐν
523 614 579 671 τῷ
609 610 818 666 ἄρρηκτος,
849 614 912 652 καὶ
936 610 1110 666 ι’ἱρρητος
1137 614 1201 654 καὶ
1231 612 1409 668 ἀρραγὴς
1436 615 1501 654 καὶ
1528 615 1569 655 ἐν
1596 622 1679 663 τοῖς

278 675 442 730 ὁμοίοις.
464 674 657 726 εΗσίοδος
683 678 818 729 μέντοι
839 678 880 719 ἓν
899 682 956 734 τῷ
985 677 1176 733 κούρην
1207 678 1460 732 Ἀράβοιο,
1491 681 1533 729 ἐξ
1550 674 1595 721 οὗ
1615 682 1680 722 καὶ

276 741 490 797 ἦἈραβία
517 746 733 796 κεκλῆσθαι
763 746 886 794 δοκεῖ,
918 743 972 785 δι’
997 743 1082 793 ἑνὸς
1111 744 1362 797 ἀμεταβόλου
1391 747 1456 787 καὶ
1485 749 1680 799 συστολῆς

276 813 347 862 τῆς
375 807 575 863 ἀρχούσης
602 810 666 850 καὶ
695 810 818 858 αὐτὸς
845 811 1024 866 ἐμφαίνει
1055 813 1135 853 δεῖν
1162 809 1326 866 γράφειν
1363 811 1458 860 τοὺς
1488 811 1678 866 Ἄραβας.

275 877 340 916 καὶ
371 874 391 917 ὃ
422 875 471 916 τὰ
501 876 643 917 ἔθνικὰ
673 877 717 917 δὲ
744 875 906 932 γράψας
933 878 974 918 ἐν
1002 875 1057 918 ἑνὶ
1087 877 1323 933 ἂμεταβόλῳ
1351 877 1492 933 γράφει
1523 878 1679 927 αὐτούς.

276 946 390 994 Quae
409 952 623 995 sequuntur
642 953 817 996 spectant
839 945 889 984 ad
911 951 1117 997 poetarum
1137 960 1264 984 usum.
1282 966 1336 975 -—
1364 949 1428 985 De
1445 961 1490 986 re
1511 949 1581 986 cfr.
1601 948 1680 984 im-

272 1011 411 1062 primis
441 1011 843 1063 Theophrastum
874 1013 921 1050 de
940 1025 1071 1051 conss,
1088 1013 1278 1063 plantar.
1303 1014 1387 1061 ΙΙΙ,
1411 1018 1448 1061 3,
1470 1018 1504 1052 3.
1533 1028 1573 1065 p.
1595 1014 1674 1052 445

273 1084 313 1116 et
332 1092 431 1128 quae
450 1078 675 1116 monuimus
702 1079 777 1129 ipsi
803 1080 1019 1116 Meteorol.
1037 1087 1115 1117 vet.
1136 1080 1280 1117 Graec.
1301 1087 1340 1117 et
1356 1081 1476 1117 Rom.
1507 1081 1579 1128 VI,
1614 1082 1678 1118 17.

272 1157 309 1194 p.
336 1146 438 1192 105,
475 1144 543 1181 ubi
570 1144 771 1182 addendus
802 1150 886 1182 erat
924 1145 1127 1183 Ctesias
1168 1146 1271 1197 apud
1307 1144 1449 1184 Phot.
1476 1145 1677 1184 Biblioth.

272 1223 310 1260 p.
340 1213 390 1247 68
430 1209 493 1247 ed.
524 1210 804 1248 Hoeschel:
849 1206 910 1248 ὅτι
939 1209 1105 1261 βρονταὶ
1141 1210 1206 1249 καὶ
1236 1209 1437 1263 ἀστραπαὶ
1472 1211 1536 1251 καὶ
1572 1208 1679 1251 ὑετοὶ

271 1273 344 1314 οὐκ
371 1274 467 1314 εἰσὶν
488 1274 529 1313 ἓν
546 1277 595 1327 τῇ
619 1273 785 1328 Ἰνδικῇ,
817 1272 953 1326 ἄνεμοι
976 1274 1020 1315 δὲ
1040 1275 1204 1315 πολλοί·
1235 1276 1300 1315 καὶ
1329 1280 1555 1330 πρηστῆρες
1580 1280 1679 1316 πολ-

270 1340 332 1379 λοὶ
353 1341 417 1379 καὶ
439 1337 680 1391 ἁρπάζουσιν
711 1338 788 1390 ὅ,τι
818 1338 867 1380 ἂν
895 1338 1071 1391 λάβωσιν
1101 1349 1141 1380 et
1157 1357 1197 1394 p.
1213 1347 1287 1381 66:
1321 1339 1382 1382 ὅτι
1404 1341 1477 1394 οὐχ
1495 1330 1673 1392 ὕει,’ἇλλ’

267 1403 345 1445 ’ὑπὸ
374 1409 445 1445 τοῦ
474 1409 658 1457 ποταμοῦ
686 1406 882 1455 ποτίζει-αι
910 1403 934 1459 ἡ
960 1405 1118 1459 Ἰνδική.
1147 1431 1201 1439 -
1242 1409 1463 1448 Articulum
1488 1416 1580 1448 ante
1595 1409 1671 1448 Αἷ-

269 1474 434 1513 θιοπίαν
463 1476 665 1512 omisimus
695 1488 783 1512 cum
805 1475 891 1512 cod.
911 1476 957 1513 E.
987 1475 1060 1513 cfr.
1081 1475 1130 1514 ad
1146 1478 1176 1522 I,
1192 1479 1227 1525 3,
1247 1479 1285 1514 5.
1313 1477 1375 1515 cll.
1395 1476 1524 1515 huius.
1543 1477 1678 1527 capitis

249 1544 302 1595 [ς.
325 1545 386 1579 11.
416 1563 470 1569 -
499 1540 564 1579 καὶ
593 1540 680 1593 περὶ
709 1537 779 1592 τὴν
808 1539 1035 1580 Αἰθιοπίαν
1064 1542 1170 1580 Cam.
1209 1543 1318 1580 Solet
1335 1549 1469 1580 tamen
1491 1543 1533 1580 in
1551 1544 1676 1581 altero

264 1609 545 1646 enuntiationis
565 1608 745 1646 membro
765 1609 949 1647 omittere
970 1608 1305 1658 praepositionem
1328 1609 1571 1646 Aristoteles.
1601 1609 1674 1648 cfr.

266 1675 378 1712 zell
406 1674 456 1711 ad
484 1675 706 1713 Aristot.
735 1675 875 1712 Ethic.
895 1673 1058 1712 Nicom).
1087 1676 1153 1723 X,
1174 1674 1212 1723 4,
1235 1677 1271 1713 5.
1302 1675 1419 1712 Tom.
1441 1676 1494 1714 II.
1523 1688 1562 1725 p.
1583 1674 1676 1723 442,

266 1741 447 1791 quamvis
469 1742 583 1779 aliter
612 1743 754 1779 sentiat
782 1740 1134 1779 Schneiderus
1162 1741 1211 1778 ad
1239 1742 1404 1779 Potitio.
1432 1742 1505 1790 IV,
1538 1745 1611 1789 12,
1640 1741 1674 1778 4.

268 1807 385 1844 Toni.
406 1809 459 1846 ΙΙ.
480 1821 518 1858 p.
534 1811 625 1846 270.
655 1808 729 1845 cfr.
749 1809 779 1855 1,
803 1811 865 1855 13,
887 1811 939 1845 23
971 1813 1010 1845 et
1035 1807 1085 1844 de
1105 1808 1191 1845 aliis
1211 1808 1467 1859 scriptoribus
1496 1807 1677 1845 Sohae—

263 1875 342 1912 ser
371 1875 586 1923 Apparat.
619 1874 668 1911 ad
697 1873 1033 1912 Demosthen.
1074 1875 1190 1912 Tom.
1220 1876 1272 1912 V.
1309 1887 1344 1924 p.
1365 1877 1460 1912 569.
1493 1877 1585 1912 760.
1625 1873 1674 1910 ad

264 1939 522 1992 Plutarch.
552 1941 667 1977 Tom.
689 1941 761 1979 IV.
790 1953 828 1991 p.
848 1943 942 1978 291.
974 1941 1092 1977 Tom.
1114 1941 1164 1979 V.
1194 1953 1235 1990 p.
1255 1940 1348 1978 481.

374 2010 440 2045 20.
479 2004 584 2044 ἐστίν
615 2006 803 2044 omittunt
829 2007 884 2044 H.
906 2006 957 2044 N.

831 2118 943 2156 Gir.
980 2118 1100 2156 XIII.
1169 2137 1173 2143 -
1243 2119 1248 2124 '

375 2207 584 2256 Postquam
605 2205 838 2243 Aristoteles
859 2206 900 2243 in
921 2205 988 2243 illa
1018 2206 1151 2256 operis
1170 2211 1301 2256 parte,
1330 2217 1448 2255 quam
1472 2203 1672 2254 hucusque

263 2273 537 2317 tractavimus,
566 2271 617 2309 de
639 2271 791 2322 duplici
812 2285 961 2322 vapore
985 2272 1188 2317 disseruit,
1220 2277 1317 2321 quot
1338 2277 1378 2308 et
1398 2271 1525 2322 qualia
1547 2270 1671 2321 phae-

263 2352 432 2376 nomena
453 2339 543 2376 sicci
566 2337 728 2388 vaporis
748 2339 974 2376 incensione
999 2338 1041 2376 in
1062 2351 1246 2389 suprema
1271 2338 1374 2375 a'e'ris
1395 2338 1557 2388 regione
1574 2346 1671 2387 pro·

262 2411 478 2450 vocentur,
509 2418 609 2454 quae
629 2403 785 2442 humidi
812 2405 853 2442 iu
877 2405 967 2442 loco
991 2411 1122 2442 terrae
1145 2405 1334 2455 propiore
1357 2402 1667 2448 condemnatione,

261 2473 338 2509 iam
362 2471 412 2508 ad
433 2477 576 2509 ventos
594 2477 631 2508 et
649 2471 799 2521 reliqua
820 2471 960 2508 transit
977 2470 1258 2522 phaenomena,
1289 2484 1388 2522 quae
1404 2469 1495 2507 sicci
1512 2466 1669 2518 vaporis

261 2551 338 2588 ope
359 2538 400 2575 in
418 2538 558 2575 eodem
580 2538 683 2582 loco,
714 2538 780 2586 qui
799 2537 954 2576 telluris
974 2537 1198 2588 superficiei
1217 2537 1395 2588 propior,
1420 2534 1525 2571 fiant.
1579 2534 1665 2571 Ex-

261 2604 402 2652 plicata
423 2604 541 2653 igitur
556 2610 741 2642 veterum
758 2604 963 2652 sententia,
982 2616 1033 2640 ex
1054 2617 1130 2654 qua
1148 2609 1290 2642 ventus
1307 2601 1406 2638 nihil
1425 2605 1526 2636 esset
1542 2599 1665 2644 aliud,

260 2669 334 2706 nisi
352 2669 422 2706 aer
442 2675 681 2717 commotus,
713 2683 798 2708 eam
815 2671 1000 2708 refellere
1020 2669 1173 2717 studet,
1200 2666 1393 2717 imprimis
1415 2671 1550 2703 contra
1576 2666 1664 2716 cpi-

260 2734 420 2771 nionem
440 2736 605 2772 illorum
621 2749 810 2785 pugnans.
831 2737 897 2786 qui
915 2749 1051 2773 omnes
1069 2740 1209 2773 ventos
1227 2740 1420 2782 tamquam
1439 2746 1561 2770 unum
1582 2745 1663 2770 esse

260 2799 395 2838 flatum
417 2801 717 2846 arbitrarentur,
747 2803 812 2851 qni
834 2815 884 2839 ex
901 2801 1042 2838 eodem
1062 2801 1172 2838 fonte
1190 2803 1383 2845 manaret,
1412 2799 1510 2836 sicut
1528 2812 1663 2836 omnes
