1774 3198
428 375 652 417 LIBRUM
681 373 1011 415 SECUNDUM.
1070 374 1187 414 CAP.
1212 373 1323 415 VIII.
1495 363 1591 408 603

153 492 255 531 dunt
280 492 337 530 Η.
365 491 421 530 Ν.
462 487 712 544 στενοτέροις
737 488 933 542 praebent
960 487 1012 527 A.
1034 487 1140 527 Cam.
1164 487 1214 527 P.>
1230 484 1274 525 5.
1293 486 1385 525 Cas.
1417 506 1473 514 —-
1509 485 1593 525 τῶν

153 561 317 600 κοιλιῶν
344 560 418 611 τῆς
443 560 515 612 γῆς
544 558 834 611 posterioribus
862 556 1068 596 vocabulis
1097 554 1244 594 additis
1272 554 1392 593 Alex·
1410 553 1462 592 Α.
1477 553 1590 593 Cam.

153 630 202 668 P.
226 630 267 667 S.
292 629 380 666 Cas.
410 628 478 679 qui
507 626 653 665 deinde
680 632 772 678 post
794 621 894 665 ὅταν
921 624 1075 663 addunt
1098 619 1190 675 γάρ.
1219 643 1271 651 ——
1301 623 1404 661 Mox
1421 616 1592 674 ἄρξηται

156 695 386 749 διακρατεῖν
413 691 460 734 τὸ
482 690 586 734 πολύ
604 696 654 734 Ε.
685 695 842 745 πνεῦμα
870 699 963 746 post
989 687 1094 732 πολύ
1117 690 1228 731 addit
1252 691 1303 730 N.
1323 710 1377 719 —
1407 689 1594 742 Denique

155 762 394 818 προπίπτιον
422 776 497 815 pro
525 760 790 815 προσπίπτων
819 763 863 800 F.

271 833 337 870 15.
382 830 448 869 Ad
478 830 604 870 verba
642 826 776 883 ὥσπερ
806 827 848 868 ἓν
876 830 935 883 τῷ
965 825 1122 880 σώματι
1150 822 1266 879 ἡμῶν
1305 827 1380 867 cfr.
1412 827 1591 865 Senec.

158 900 329 950 Quaest.
356 906 496 937 natur.
525 898 609 947 VI,
643 901 690 945 3,
719 902 767 936 1:
806 896 918 936 Sua-s
940 900 1028 935 ista
1055 909 1210 934 causas
1236 894 1413 934 habent.-
1442 908 1517 933 nec
1542 908 1594 932 ex

155 968 333 1016 imperio
363 962 627 1018 (numinum)
655 966 872 1015 saeviunt,
910 964 985 1003 sed
1012 979 1063 1003 ex
1093 963 1342 1016 quibusdam
1368 965 1507 1012 vitiis,
1548 969 1596 1000 ut

156 1046 337 1084 corpora
358 1042 505 1072 nostra
527 1033 764 1072 turbantur.
792 1036 861 1083 III,
885 1035 948 1082 15,
963 1037 988 1072 2
1009 1046 1120 1084 sqq.:
1156 1030 1302 1070 Placet
1320 1023 1481 1070 natura*
1500 1031 1596 1082 regi

156 1107 326 1151 terram,
354 1111 394 1139 et
414 1101 579 1153 quidem
603 1101 665 1138 ad
680 1108 918 1139 nostrorum
938 1114 1157 1151 corporum
1175 1100 1402 1149 exemplar,
1431 1100 1477 1136 in
1498 1100 1595 1150 qui-

158 1167 230 1206 bus
252 1177 293 1206 et
311 1182 443 1207 venae
463 1175 559 1206 sunt
586 1176 625 1206 et
653 1170 865 1206 arteriae:
903 1168 1004 1206 illae
1037 1168 1281 1218 sanguini-3,
1311 1166 1394 1204 hae
1420 1166 1595 1216 spiritus

156 1237 449 1287 receptacula:
486 1236 539 1273 In
567 1242 684 1273 terra
715 1249 876 1287 quoque
908 1241 1006 1272 sunt
1035 1220 1128 1271 alid
1159 1235 1341 1282 itinera,
1376 1247 1455 1283 per
1485 1246 1595 1284 quae

158 1317 297 1356 aqua,
335 1311 375 1341 et
405 1301 497 1341 alia
518 1316 600 1353 per
629 1314 738 1354 quae
767 1304 946 1354 spiritus
975 1303 1130 1339 currit:
1171 1300 1358 1352 adeoque
1384 1302 1504 1338 illam
1537 1301 1600 1338 ad

155 1371 470 1410 similitudinem
499 1369 774 1408 humanorum
810 1384 1030 1421 corporum
1066 1376 1227 1406 natura
1256 1366 1501 1423 formavit,
1548 1376 1595 1406 ut

156 1442 334 1478 maiores
355 1452 514 1492 quoque
533 1440 664 1476 nostri
684 1451 888 1489 aquarum
910 1436 1223 1487 appellaverint
1244 1449 1374 1473 venas
1392 1441 1432 1474 et
1450 1449 1488 1487 q.
1499 1449 1596 1474 s.—

108 1544 109 1548 ,
157 1503 220 1546 ὅτι
249 1513 341 1545 ante
371 1502 506 1560 ὥσπερ
537 1506 686 1544 omittit
703 1507 753 1545 F.
776 1526 828 1532 --
858 1505 996 1545 Verba
1024 1501 1190 1555 τρόμων
1219 1502 1285 1541 καὶ
1315 1505 1511 1556 σφυγμῶν
1531 1501 1598 1542 αἶ’-

156 1571 244 1614 τιόν
272 1572 380 1613 ἔστιν
401 1569 426 1626 ἦ
446 1575 521 1614 τοῦ
540 1570 772 1625 πνεύματος
802 1568 1215 1623 ἔναπολαμβανομένη
1247 1568 1418 1622 δύναμις
1443 1573 1597 1624 optime

158 1643 412 1695 explicantur
428 1642 517 1681 loco
538 1640 878 1695 Hippocratis
901 1641 948 1679 de
959 1640 1063 1691 flat.
1087 1639 1190 1693 Opp.
1223 1638 1327 1678 Se‘ct.
1345 1642 1414 1680 III.
1441 1654 1484 1692 p.
1498 1644 1594 1690 297,

159 1710 214 1749 40
254 1710 318 1749 ed.
348 1709 476 1750 Pokis:
520 1706 624 1761 μετὰ
658 1705 823 1748 πάντων
860 1709 942 1747 τῶν
978 1704 1231 1758 ἐσθιομένων
1269 1706 1335 1746 καὶ
1372 1706 1597 1760 πινομένων

159 1775 296 1818 εἷ’σεισι
324 1779 480 1829 πνεῦμα
507 1775 549 1824 ἒς
576 1774 624 1817 τὸ
656 1778 795 1829 σῶμα,
822 1772 847 1828 ἢ
874 1773 1016 1826 πλέον,
1054 1771 1080 1827 ἢ
1108 1772 1296 1815 ἔλασσον.
1345 1773 1521 1830 φανερὸν
1551 1773 1597 1815 δὲ

158 1848 280 1886 τοῦτο
319 1843 428 1901 τῷδε’
461 1843 580 1885 ἐστιν.
635 1842 822 1898 ἐρευγμοὶ
857 1841 934 1898 γάρ
969 1841 1146 1896 γίνονται
1180 1841 1284 1894 μετὰ
1312 1840 1364 1883 τὰ
1394 1843 1502 1883 σιτία
1529 1842 1596 1884 καὶ

158 1910 213 1954 τὰ
239 1912 346 1954 ποτὰ
374 1917 479 1953 τοῖσι
498 1912 756 1953 πλείστοισιν.
784 1908 990 1966 ἀνατρέχει
1017 1907 1095 1964 γὰρ
1126 1906 1475 1959 ὅκατακλεισθεὶς
1502 1909 1594 1966 ἀήρ,

160 1977 308 2022 ὁκόταν
337 1977 545 2036 ἀναρρήξῃ
574 1979 650 2028 τὰς
676 1976 966 2034 πομφόλυγας,
998 1977 1040 2019 ἐν
1055 1970 1125 2034 ᾗσι
1154 1976 1383 2033 κρύπτεται.
1425 1976 1492 2020 ὅτε
1524 1974 1596 2020 οὗν

157 2046 206 2089 τὸ
239 2051 359 2101 σῶμα
387 2047 524 2090 σιτίων
549 2050 720 2103 πλησθῇ
759 2046 825 2088 καὶ
861 2045 1088 2099 πνεύματος
1121 2044 1335 2099 πλησμονὴ
1374 2045 1438 2086 ἐπὶ
1465 2049 1597 2088 πλεῶν

158 2116 308 2170 γίνεται
343 2119 425 2158 τῶν
461 2116 598 2157 σιτίων
631 2113 939 2170 χρονιζομένων.
983 2113 1208 2168 χρονίζεται
1239 2113 1284 2154 δὲ
1312 2111 1365 2154 τοὶ
1392 2114 1500 2154 σιτία
1529 2113 1597 2155 διὰ

161 2186 325 2236 πλῆθος
354 2181 403 2223 οὐ
433 2181 636 2235 δυνάμενα
654 2183 842 2223 διελθεῖν.
872 2180 1182 2236 ἐμφραχθείσης
1208 2180 1253 2221 δὲ
1275 2181 1345 2234 τῆς
1372 2179 1483 2222 κάτω
1512 2197 1599 2223 κοι-

163 2249 273 2302 λίης,
302 2249 358 2297 εἷς
386 2248 481 2290 ὅλον
509 2248 556 2290 τὸ
588 2253 707 2302 σῶμα
738 2248 956 2302 διέδραμον
987 2247 1029 2287 αἱ
1051 2250 1191 2302 φῦσαι.
1222 2251 1523 2303 προσπεσοῦσαι
1552 2249 1598 2290 δὲ

162 2315 216 2358 τὰ
245 2315 492 2369 ἓναιμότατα
519 2319 592 2357 τοῦ
622 2314 832 2368 σώματος,
870 2313 1038 2366 ἕψυξαν.
1074 2313 1252 2356 τουτέων
1281 2315 1327 2356 δὲ
1350 2319 1434 2358 τῶν
1459 2315 1598 2358 τόπων

164 2385 412 2437 ψυχθέντων
442 2382 539 2425 ὅκου
568 2382 611 2424 αἱ
639 2383 762 2438 πηγαὶ
791 2382 858 2423 καὶ
889 2381 930 2422 αἲ
960 2380 1063 2436 ῥίζαι
1091 2385 1167 2423 τοῦ
1197 2381 1369 2436 αἵματός
1395 2384 1492 2436 εἶσι,
1530 2382 1599 2424 διὰ

165 2450 318 2499 παντὸς
345 2454 419 2492 τοῦ
446 2450 634 2505 σώματος
660 2447 686 2504 ἦ
716 2450 839 2506 φρίκη
875 2450 1058 2503 διῆλθεν.
1101 2447 1279 2499 ἅπαντος
1303 2450 1348 2492 δὲ
1376 2454 1449 2493 τοῦ
1476 2450 1600 2504 αἵμα-

164 2535 237 2567 τος
267 2517 525 2571 ψυχθέντος,
571 2515 679 2559 ἅπαν
708 2517 755 2560 τὸ
786 2521 905 2570 σῶμα
935 2518 1108 2573 φρίσσει.
1153 2517 1221 2559 διὰ
1256 2521 1376 2560 τοῦτο
1413 2518 1488 2572 μὲν
1526 2513 1599 2560 οὖν

165 2590 328 2641 πρῶτον
357 2585 399 2626 αἱ
429 2586 569 2641 φρίκαι
592 2585 769 2640 γίνονται
798 2583 876 2639 πρὸ
908 2588 989 2626 τῶν
1018 2589 1212 2641 πυρετῶν.
1252 2583 1357 2634 ὅκως
1386 2585 1427 2627 δ’
1449 2584 1499 2627 ἂν
1526 2583 1599 2642 ὅρ-

165 2652 350 2707 μήσωσιν
381 2652 421 2694 αἱ
452 2656 578 2708 φῦσαι
607 2651 756 2707 πλήθει
784 2653 850 2694 καὶ
872 2651 1114 2707 ψυχρότητι,
1145 2657 1328 2695 τοιοῦτον
1355 2654 1514 2708 γίνεταμ
1531 2644 1599 2696 καὶ

166 2718 278 2774 ’ῥῖγος
306 2718 385 2761 ἀπὸ
415 2720 491 2773 μὲν
517 2718 712 2762 πλειόνων
739 2720 806 2761 καὶ
833 2720 1101 2775 ψυχροτέρων
1132 2720 1414 2777 ἰσχυρότερον·
1446 2719 1524 2764 ἀπὸ
1554 2721 1600 2763 δὲ

169 2785 398 2829 ἐλασσόνων
436 2788 502 2829 καὶ
538 2781 667 2841 ἧσσόν
690 2803 730 2829 τι
765 2790 938 2842 ψυχρῶν
980 2781 1106 2841 ἧσσον
1135 2786 1313 2844 ἰσχυρόν.
1358 2787 1401 2830 ἓν
1433 2789 1479 2831 δὲ
1506 2793 1599 2845 τῇσι

171 2853 335 2909 φρίκησι
365 2856 430 2897 καὶ
461 2855 499 2897 οἱ
529 2853 676 2911 τρόμοι
702 2858 777 2897 τοῦ
806 2853 998 2908 σώματος
1032 2854 1136 2898 κατὰ
1174 2856 1293 2898 τόνδε
1323 2856 1500 2912 γίνονται
1527 2855 1600 2899 τὸν
