1774 3198
393 352 611 394 LIBRUM
643 351 970 392 SECUNDUM.
1032 352 1147 393 CAP.
1173 353 1223 394 Π.
1434 344 1527 388 511

87 468 183 508 tiam
204 466 336 519 tetigit
364 464 769 519 Theophrastus
797 465 847 505 de
865 467 963 518 igne
992 465 1024 519 ᾧ.
1045 465 1084 506 4.
1113 480 1153 518 p.
1176 467 1281 506 706:
1312 466 1433 505 τοῦτο
1452 463 1531 519 γὰρ

85 527 138 587 ἦν
167 533 235 574 καὶ
265 531 313 574 τὸ
344 530 457 588 παρὰ
483 535 566 574 τῶν
594 533 779 574 παλαιῶν
808 529 1035 587 λεγόμενον,
1065 529 1127 573 ὅτι
1143 530 1302 588 τροφὴν
1331 530 1393 574 ἀεὶ
1424 532 1538 587 ζητεῖ

85 599 133 643 τὸ
163 604 258 657 πῦρ,
288 597 344 648 ὡς
373 599 447 642 οὐκ
476 599 734 654 ἐνδεχόμενον
763 599 862 643 αὐτὸ
893 599 1092 654 διαμένειν
1118 597 1213 642 ἄνευ
1242 599 1455 656 τῆςλᾶλης.
1475 625 1530 638 —-

86 671 288 723 Deinceps
317 666 451 724 τροφή
481 664 580 710 εἶναι
609 684 686 723 pro
717 668 876 726 τροφὴν
904 666 1004 711 εἶναι
1033 672 1076 710 F.
1099 691 1150 698 -·
1181 667 1254 710 τὸν
1283 667 1531 725 ἀναγόμενον

87 738 254 778 exhibet
271 739 400 778 N..——
427 733 623 790 {iomittit
648 740 694 779 E.
721 759 777 770 -
817 735 871 779 δι’
904 730 955 791 ἧς
988 735 1036 779 τὸ
1066 734 1170 786 εῗκὸς
1199 735 1419 791 λαβόντες,
1457 754 1533 780 ve-

84 807 163 846 luti
188 807 307 846 etiam
336 806 699 859 Hippocrates
728 808 778 847 de
798 808 904 863 flat.
960 809 1071 860 Opp.
1101 809 1201 847 Sect·
1222 810 1291 849 ΙΠ.
1320 822 1362 861 p.
1385 812 1453 858 79,
1477 813 1530 849 30

86 874 151 914 ed.
172 873 318 925 Ροόε,
348 888 428 927 quo
448 874 500 913 de
518 875 608 915 loco
632 875 706 916 cfr.
724 876 944 915 Meteorol.
965 883 1048 915 vet.
1071 876 1144 915 Gr.
1162 882 1202 914 et
1220 876 1342 917 Rom.
1367 877 1530 916 Introd.

85 947 171 981 not.
194 945 234 982 7.
265 956 306 994 p.
327 946 364 980 6.

202 1013 240 1050 9.
270 1006 349 1063 γάρ
371 1010 522 1050 omittit
539 1012 589 1050 E.
615 1031 672 1040 ·-
721 1013 787 1052 Ex
817 1012 897 1051 hoc
924 1013 1014 1052 loco
1040 1019 1150 1066 patet
1178 1012 1530 1053 Aristotelem

84 1075 286 1116 flammam
308 1091 390 1117 non
409 1085 611 1131 tamquam
640 1093 758 1130 rem,
787 1080 859 1119 sed
874 1087 1063 1133 tanquam
1085 1087 1249 1120 actum
1271 1080 1530 1135 accepisse‘).

86 1165 137 1171 -
156 1145 363 1185 Articulus
380 1152 472 1185 ante
486 1141 756 1200 εΗράκλειτος
775 1147 887 1186 deest
904 1149 947 1186 in
962 1150 1009 1187 F.
1022 1149 1072 1187 H.
1084 1149 1125 1187 Ν
1128 1170 1206 1188 .--
1232 1149 1532 1189 Alexander

83 1213 156 1252 fol.
180 1216 247 1263 93,
266 1229 290 1254 a
318 1227 410 1253 cum
431 1213 566 1254 dican
587 1210 636 1254 οὐ
655 1212 796 1266 μόνον,
827 1210 882 1262 ὥς
905 1210 1174 1268 “Ηράκλειτός
1204 1227 1317 1270 φησι,
1349 1214 1439 1265 νέος
1465 1215 1526 1272 ἐφ’

83 1274 213 1334 ἡμέρῃ
243 1276 292 1320 ἂν
320 1273 392 1333 ἦν,
437 1277 544 1321 καθ’
578 1277 752 1335 ἑκάστην
789 1278 946 1337 ἡμέραν
983 1280 1108 1331 ἄλλος
1146 1281 1419 1337 ἐξαπτόμενος
1456 1288 1531 1326 τοῦ

82 1344 249 1401 πρώτου
277 1345 320 1388 ἓν
347 1350 399 1403 τῇ
428 1345 542 1390 δύσει
579 1348 853 1403 σβεννυμένου
867 1383 877 1402 ,
931 1348 1026 1391 ἀλλ’
1063 1350 1146 1391 αῗεί·
1167 1366 1211 1392 τε
1248 1352 1316 1392 καὶ
1354 1356 1532 1406 συνεχῶς

82 1412 171 1462 νέος
201 1412 267 1455 καὶ
298 1413 399 1457 ἄλλο
429 1432 471 1458 τε
504 1414 629 1466 ἄλλος
659 1416 832 1472 ἐγίνετο,
882 1416 1018 1472 ὥσπερ
1048 1419 1114 1459 καὶ
1144 1418 1186 1459 αἱ
1216 1417 1364 1474 φλόγες
1397 1420 1439 1462 ἐν
1471 1424 1531 1479 τῷ

81 1481 268 1535 γίνεσθαι
296 1482 343 1524 τὸ
376 1481 476 1526 εἶναι
506 1483 622 1538 ἔχων,
653 1490 796 1540 procul
821 1488 944 1527 dubio
973 1495 1064 1527 ante
1086 1490 1222 1528 oculos
1244 1488 1387 1528 habuit
1417 1491 1529 1530 Pla-

82 1552 188 1590 tonis
219 1553 343 1592 verba
374 1551 443 1604 (de
461 1569 506 1592 re
521 1554 676 1605 public.
706 1558 781 1596 IV.
813 1570 855 1607 p.
882 1556 988 1604 498,
1018 1554 1072 1607 b)
1109 1555 1231 1596 haec·
1273 1555 1378 1611 πρὸς
1406 1555 1452 1598 δὲ
1480 1573 1528 1599 το

81 1620 208 1672 γῆρας
237 1616 354 1666 ἕκτος
383 1618 433 1672 δή
461 1636 582 1661 τινων
611 1619 756 1675 ολίγων
787 1620 1084 1674 ἀποσβέννυται
1121 1621 1224 1665 πολυ
1262 1626 1420 1677 μᾶλλον
1455 1628 1530 1666 τοῦ

77 1681 383 1740 ιΗρακλειτείου
411 1683 540 1740 ῆ7.ι’,ου
573 1687 670 1730 ὅσον
700 1683 823 1737 αυθις
853 1688 925 1731 οὐκ
945 1688 1198 1739 ἓξάπτονται.
1229 1688 1530 1735 Heraclitus

82 1755 190 1793 enim
211 1756 337 1794 solem
356 1762 397 1795 et
414 1758 569 1808 reliqua
585 1758 718 1798 sidera
735 1773 820 1798 non
838 1766 919 1799 tam
938 1774 1108 1813 corpora
1127 1775 1212 1800 esse
1233 1762 1398 1809 censuit,
1412 1777 1530 1814 quam

82 1819 307 1875 φαινόμενα
345 1821 438 1863 κατ’
481 1823 680 1879 ἔμφασιν,
739 1841 816 1879 qua
856 1828 907 1867 de
943 1843 990 1867 re
1025 1828 1144 1875 vide,
1201 1843 1303 1881 quae
1342 1832 1531 1883 exposuit

83 1888 543 1932 Schleiermachcr
571 1897 686 1934 Mus.
720 1896 794 1934 der
819 1895 1318 1936 Altertlzumsusissensclz.
1357 1897 1476 1938 Tom.
1493 1899 1527 1937 I.

82 1972 118 2010 p.
143 1962 223 1998 392
243 1972 328 2010 sqq.
386 1961 519 1999 Etiam
550 1962 886 2003 Metrodorus
915 1964 1040 2004 Chius
1068 1966 1217 2012 solem,
1247 1979 1340 2004 cum
1362 1967 1528 2017 oriatur,

80 2026 255 2074 accendi,
282 2041 374 2066 cum
395 2029 560 2078 occidat,
580 2031 781 2083 exstingui
799 2033 941 2072 voluit.
965 2034 1066 2079 Csr.
1087 2032 1346 2072 Plutarch.
1356 2034 1527 2087 fragm.

80 2094 179 2133 Vol.
201 2095 254 2133 V.
281 2108 322 2146 p.
344 2096 439 2135 499.
469 2097 534 2136 ed.
557 2097 829 2150 VVyttenb.
849 2098 929 2152 (ed.
951 2101 994 2138 in
1014 2097 1102 2154 4.),
1133 2107 1174 2139 et
1190 2107 1283 2152 post
1307 2115 1399 2140 eum
1418 2101 1527 2140 idem

81 2161 231 2208 statuit,
261 2165 444 2212 quamvis
463 2165 623 2204 diversa
643 2168 853 2217 paululum
871 2169 1028 2206 ratione
1053 2170 1085 2207 E
1099 2169 1309 2219 picurus
1321 2199 1332 2218 ‚
1361 2170 1528 2208 traden-

81 2227 188 2265 tibus
216 2229 498 2268 Plutarcho
518 2233 713 2272 Amator.
741 2248 782 2286 p.
802 2235 884 2273 764
909 2236 941 2274 C
972 2242 1012 2273 et
1040 2236 1314 2283 Cleomede
1343 2240 1524 2276 Meteor.

79 2297 133 2345 ΙΙ,
160 2301 195 2334 1.
226 2311 264 2348 p.
291 2301 370 2336 107
399 2298 459 2336 ed.
478 2300 625 2338 Bake.
650 2321 706 2327 —-
736 2300 841 2354 φησί
860 2302 1006 2340 omittit
1025 2304 1071 2341 F.
1099 2326 1150 2331 —-
1182 2301 1262 2342 αἰεί
1279 2307 1327 2343 F.
1348 2305 1469 2345 Alex.

198 2368 263 2403 10.
310 2359 468 2415 ὁμοία
498 2370 613 2412 τοῖς
642 2366 1106 2420 θερμαινομένοις
1133 2365 1339 2411 ὕδασιν.
1378 2374 1452 2412 cfr.
1474 2373 1525 2413 ad

78 2434 111 2479 Ι,
131 2435 171 2481 3,
194 2431 233 2469 4.
258 2452 308 2457 -
340 2429 448 2471 ἔστιν
472 2434 623 2472 omittit
647 2436 693 2473 F.
716 2442 808 2474 ante
826 2432 974 2475 ὕδασιν
1003 2431 1228 2487 ponuntH.
1249 2439 1302 2478 N.
1322 2462 1378 2469 —
1405 2434 1525 2480 ὓπο-

79 2497 319 2549 κείμενον
349 2513 425 2551 pro
455 2495 820 2552 ὑποκαόμενον
849 2505 989 2555 legunt
1007 2506 1058 2544 A.
1078 2492 1227 2544 A'lex.
1258 2507 1328 2558 qui
1349 2508 1524 2560 explicat

78 2561 125 2604 τὸ
158 2561 356 2605 ὖποκαῖον
398 2567 465 2607 καὶ
504 2570 730 2622 θερμαῖνον
761 2567 807 2610 τὸ
835 2567 965 2626 ὕδωρ.
1024 2573 1164 2611 Vico
1183 2588 1232 2612 m.
1277 2575 1345 2626 qui
1375 2576 1521 2615 vertit:

78 2633 348 2673 subiectus
377 2636 518 2688 igniS.
542 2661 599 2666 —
629 2639 710 2677 Pro
731 2640 811 2678 πᾶν
833 2641 887 2679 Η.
906 2641 961 2679 Ν.
985 2640 1178 2680 exhibent
1197 2642 1278 2688 πᾶς
1297 2637 1317 2681 ὅ
1338 2639 1464 2695 ἥλιος.

124 2788 161 2833 *)
195 2794 242 2824 Er
274 2793 352 2826 hieu
388 2795 443 2835 die
479 2786 622 2828 Flamme
657 2796 744 2828 nicht
772 2793 840 2837 fiir
873 2797 923 2830 ein
960 2799 1051 2831 Din
1062 2811 1110 2842 g,
1158 2800 1297 2833 sondern
1327 2799 1394 2842 fiir
1428 2802 1518 2835 efnen

171 2851 370 2884 Process-
