1774 3198
294 375 386 420 546
507 376 955 420 COMMENTARIUS
982 378 1041 418 IN
1069 377 1471 420 METEOROLOG.

293 495 376 543 111,
399 496 437 532 7,
467 504 505 540 p.
528 489 594 527 84.
625 487 760 526 com:
799 483 1085 539 ,Μητρόδωρος
1118 482 1352 534 ὑδατώδους
1387 483 1693 538 ἀναθυμιάσεως

294 560 361 599 dm
386 554 459 607 τὴν
486 550 648 605 ἡλιακὴν
677 550 859 591 ἔκκαυσιν
885 552 1066 605 γίνεσθαι
1095 548 1222 606 ὁρμὴν
1244 551 1477 605 πνευμάτων
1492 552 1626 593 osteor.
1641 576 1693 584 -

293 622 364 675 μέν
385 628 474 674 post
489 616 718 669 κινούμενον
742 619 888 657 omittit
906 621 953 658 F.

404 692 443 726 8.
473 681 584 736 ὃμὲν
602 677 673 724 οὗν
699 682 776 738 ἀήρ
808 699 860 724 sc.
890 680 910 723 ὃ
938 683 1026 738 περὶ
1054 681 1126 736 τὴν
1154 686 1241 738 γῆν.
1272 707 1322 714 -
1371 682 1468 738 ὅπερ
1498 684 1595 738 (pro
1623 700 1694 725 κα·-

294 751 456 806 θάπερ)
485 750 526 802 ἐν
553 755 639 796 τοῖς
667 748 744 803 πρὸ
772 747 926 790 τόὺτων
955 747 1085 803 λόγοις
1112 748 1319 802 εἲρήκαμεν
1355 747 1452 803 (cfr.
1477 753 1515 801 I,
1542 756 1588 801 3,
1612 750 1694 803 15),

294 819 405 872 ὕδωρ
434 817 616 872 γίνεσθαι
643 815 686 856 ἐκ
710 812 863 856 τούτων
902 817 1100 869 Olymp.
1136 818 1206 857 fol.
1231 820 1306 863 38,
1328 828 1364 855 a.
1390 838 1446 846 —-
1482 815 1546 855 καὶ
1575 812 1695 869 ὑγρὸν

296 885 361 926 καὶ
388 881 545 937 ψυχρόν
586 883 663 922 Ol.
702 904 758 911 -—
811 882 924 921 Idem
953 882 1366 935 Olympiodorus
1393 883 1573 921 adnotat:
1608 879 1697 921 τινὰ

295 954 375 992 τῶν
404 945 656 1002 ἀντιγράφων
693 944 769 998 ἔχει
797 945 871 999 τὴν
906 944 1101 998 ἀτμίδα
1129 943 1192 994 ὡς
1218 944 1354 1001 ὕδωρ
1383 945 1407 999 ἢ
1438 947 1576 1001 (lege
1601 945 1695 1001 μὴ)

296 1012 622 1070 θερμανθέν,
659 1011 748 1053 τινὰ
775 1011 815 1052 δ’
843 1009 908 1059 ὡς
934 1010 1073 1067 ὕδωρ
1101 1011 1420 1067 θὲρμανθέν,
1450 1028 1614 1066 quarum
1638 1015 1700 1052 le·-

296 1085 467 1123 ctionum
500 1082 584 1132 ipse
614 1081 874 1131 posteriorem
904 1081 1109 1131 probavit,
1147 1094 1238 1118 cum
1264 1080 1384 1117 dicat:
1429 1076 1530 1133 ὖγρὰ
1559 1078 1602 1119 δὲ
1633 1077 1698 1118 καὶ

296 1144 430 1202 θερμή
461 1145 544 1185 ἔστι
571 1143 673 1184 κατὰ
702 1142 972 1196 συμβεβηκός·
1000 1143 1131 1196 ἐπειδὴ
1162 1144 1369 1197 ἐπίκτητον
1397 1143 1471 1196 ἔχει
1501 1143 1573 1196 τὴν
1598 1147 1699 1196 θερ-

296 1212 459 1265 μασίαν,
487 1207 618 1264 ὥσπερ
636 1207 748 1262 ὕδωρ
765 1208 1013 1263 θερμανθέν.
1036 1214 1128 1262 Bag.
1150 1212 1272 1250 vertit
1298 1212 1426 1249 sicut
1450 1225 1572 1262 aqua
1599 1224 1699 1249 non

298 1280 567 1318 calefacta.
586 1296 643 1303 -
671 1273 877 1325 συμβόλου
905 1290 980 1327 pro
998 1273 1212 1326 συμβόλων
1230 1278 1276 1314 F.
1294 1297 1349 1304 —-
1372 1276 1601 1315 συνίσταται
1623 1266 1697 1327 pro

299 1345 523 1385 συνίστωτο
555 1338 604 1380 ἂν
631 1343 677 1380 F.
704 1342 756 1379 I-I.
784 1342 837 1380 N.
867 1343 913 1380 P.
945 1342 985 1380 S.
1010 1342 1095 1380 Cas.
1123 1363 1177 1370 —
1222 1337 1242 1381 ὃ
1269 1339 1351 1381 ἄνω
1379 1338 1456 1393 ἀήρ
1484 1345 1531 1381 F.
1561 1344 1613 1383 H.
1642 1343 1696 1381 N.

300 1412 448 1461 Olym
459 1422 499 1460 p.
542 1405 679 1446 addito
715 1402 811 1446 ἄνω.
859 1427 910 1434 —-
966 1404 1121 1459 θερμὸς
1167 1406 1232 1446 καὶ
1275 1403 1394 1461 ὗγρός
1431 1409 1591 1448 inverso
1630 1422 1700 1447 or-

298 1477 392 1516 dine
418 1477 462 1514 F.

383 1546 422 1581 9.
441 1541 557 1579 Iuvat
575 1537 798 1578 adscribere
816 1539 1151 1579 Vicomercati
1179 1540 1480 1592 disputationem
1499 1552 1537 1591 p.
1552 1539 1699 1589 110,b:

299 1608 531 1658 Antequam
556 1620 694 1644 eorum
722 1602 815 1658 (qui
835 1605 990 1655 ae'rem,
1018 1621 1264 1658 quamquam
1284 1607 1410 1644 aliter
1431 1614 1470 1644 et
1487 1607 1608 1643 aliter
1628 1603 1700 1658 afss-

291 1671 479 1725 sectum)
518 1678 558 1709 et
583 1678 746 1708 ventum
775 1678 814 1708 et
835 1667 1029 1721 pluviam
1059 1686 1142 1710 esse
1173 1673 1408 1720 voluerunt,
1452 1672 1699 1708 sententiam

299 1737 487 1789 refellat,
525 1737 643 1774 docet
666 1750 756 1774 eum
785 1736 883 1774 cum'
899 1744 1072 1788 utroque
1097 1740 1263 1789 aliquid
1290 1738 1454 1788 quidem
1478 1736 1698 1786 affinitatis

299 1804 464 1851 habere,
497 1802 828 1854 quandoquidem
848 1816 897 1839 ex
919 1810 1092 1853 utraque
1118 1803 1380 1841 exhalatione
1407 1804 1563 1851 oritur,
1593 1813 1698 1852 qua-

299 1883 387 1906 rum
408 1882 490 1905 una
509 1868 707 1917 pluviae,
735 1868 872 1905 altera
893 1869 1007 1905 venti
1028 1870 1207 1905 materia
1229 1875 1312 1916 est,
1341 1882 1423 1905 non
1446 1875 1584 1904 tamen
1601 1880 1700 1916 pro-

292 1942 441 1984 pterea
464 1932 540 1969 illa
556 1945 655 1976 esse,
682 1945 790 1982 quae
803 1934 1012 1982 posterior
1025 1946 1133 1982 pars
1155 1934 1200 1969 in
1217 1932 1350 1970 verbis
1367 1933 1489 1981 deest,
1507 1941 1580 1969 aut
1596 1933 1698 1982 quia

299 2000 457 2036 concise
475 1997 716 2035 Aristoteles
740 1997 895 2035 locutus
916 1999 992 2046 sit,
1023 2004 1099 2035 aut
1123 1997 1235 2048 quod
1255 1998 1503 2046 scriptorum
1530 1998 1699 2033 incuria

298 2063 520 2102 exciderit:
549 2063 708 2113 alioqui
718 2061 859 2116 facile
888 2077 971 2101 non
991 2071 1070 2110 est,
1099 2077 1172 2108 ea,
1200 2076 1307 2113 quae
1324 2075 1432 2100 nunc
1450 2063 1499 2100 de
1519 2062 1610 2099 a'e're
1629 2061 1698 2098 di·-

296 2136 466 2174 cuntur,
505 2127 565 2164 ad
589 2126 698 2164 hune
729 2127 778 2164 de
804 2130 936 2166 ventis
961 2129 1092 2166 locum
1119 2128 1453 2175 accommodare,
1492 2140 1566 2165 nec
1592 2127 1697 2164 ullus

297 2194 566 2242 interpretum
587 2205 635 2229 ea
653 2200 762 2230 recte
787 2197 988 2243 exposuit.
1043 2195 1155 2232 Illud
1170 2208 1263 2231 vero
1285 2193 1438 2241 deesse,
1464 2206 1606 2242 nempe
1624 2192 1698 2228 ae‘-'

296 2270 382 2294 rem
403 2262 476 2294 nee
493 2265 650 2294 ventum
670 2271 754 2295 esse
781 2272 854 2295 nec
871 2260 1081 2309 pluviam,
1111 2259 1291 2310 illudque
1303 2261 1570 2308 praesertim,
1600 2257 1694 2294 inde

296 2324 425 2360 etiam
445 2322 670 2373 colligitur,
698 2323 810 2374 quod
826 2325 1177 2372 statim‚subiicet,
1207 2322 1348 2375 quibus
1366 2325 1411 2361 in
1429 2322 1559 2361 verbis
1579 2323 1692 2360 ratio

295 2386 508 2438 afferetur,
531 2387 713 2437 prohans
744 2388 899 2438 ae'rem,
934 2403 1025 2428 cum
1055 2398 1262 2437 movetur,
1291 2396 1463 2427 ventam
1490 2401 1571 2426 non
1599 2401 1692 2426 esse.

294 2451 436 2503 Inquit
457 2460 595 2490 autem
616 2455 662 2490 in
689 2455 957 2494 interioribus
984 2456 1141 2493 dictum
1164 2469 1269 2502 esse,
1298 2455 1434 2492 ae'rem
1461 2468 1511 2492 ex
1535 2453 1692 2502 duplici

294 2517 556 2555 exhalatione
573 2526 775 2566 constare,
797 2534 914 2570 quem
929 2521 1059 2559 locum
1077 2521 1136 2558 ad
1149 2520 1277 2558 libros
1295 2520 1342 2557 de
1359 2527 1451 2558 ortu
1468 2526 1508 2556 et
1523 2519 1690 2555 interitu

293 2580 529 2620 Alexander
557 2584 700 2633 refert.
757 2582 843 2622 Sed
869 2587 913 2623 in
944 2587 1028 2624 illis
1057 2588 1194 2624 a'erem
1223 2586 1385 2637 quidem
1411 2583 1622 2621 humidum
1647 2589 1689 2619 et

293 2647 471 2684 calidum
486 2661 570 2686 esse
588 2649 716 2697 dixit,
744 2651 919 2699 itemque
941 2665 1064 2689 unum
1082 2653 1315 2689 elementum
1336 2664 1385 2688 ex
1404 2647 1553 2686 duobus
1567 2649 1686 2695 oriri,

289 2711 467 2760 singulis
492 2725 542 2751 ez·
567 2727 726 2765 quoque
752 2715 916 2754 illorum
946 2717 1219 2767 qualitatibus
1245 2715 1372 2754 veluti
1399 2712 1588 2763 symbolis
1615 2726 1687 2750 ex-

289 2777 429 2824 eeptis,
458 2789 507 2814 ex
526 2778 683 2827 duplici
700 2787 838 2817 autem
857 2781 1125 2820 exhalatione
1140 2781 1267 2830 gigni
1285 2780 1330 2816 in
1349 2779 1407 2816 eis
1425 2778 1573 2817 nullibi
1593 2785 1685 2815 tra-
