1820 3158
279 343 370 386 104
417 350 627 393 —p.364,a.
646 349 807 383 Baka-
837 350 1007 388 LIB.11.
1037 347 1236 388 CARVI.
1291 348 1509 391 —p.347‚E.
1536 348 1661 383 cas.-

277 460 341 500 καὶ
369 459 441 512 τὴν
471 459 618 500 ἐκείνου
648 457 801 512 φοράν,
851 450 906 498 ὧν
935 456 1163 509 τηκομένων
1202 456 1256 503 εἷς
1293 456 1365 509 τὴν
1393 461 1463 509 γῆν
1493 459 1557 498 καὶ
1589 464 1683 512 θερ-

271 525 521 578 μαινομένων
556 522 633 563 ὑπὸ
671 526 744 563 τοῦ
781 519 895 574 ῆλίου
938 522 1003 562 καὶ
1032 526 1104 575 τῆς
1131 524 1202 575 γῆς
1230 519 1443 575 ἀναγκαῖον
1471 523 1591 563 πλείω
1621 526 1684 564 καὶ

275 591 338 631 ἐπὶ
379 591 500 632 πλείω
539 588 663 629 τόπον
703 589 884 642 γίνεσθαι
921 587 995 640 τὴν
1034 587 1306 640 ἀναθυμίασιν
1345 587 1412 628 διὰ
1438 587 1589 641 ταύτην
1617 588 1687 641 τὴν

226 661 269 697 11
286 657 427 697 αἰτίαν.
500 661 562 695 11.
601 653 715 695 ’Ἐστι
754 654 798 715 ὁΙὲ
825 657 906 695 τῶν
937 653 1151 709 εἲρημένων
1180 652 1415 707 πνευμάτων
1442 653 1590 709 βορέας
1615 643 1688 707 μὲν

277 721 319 771 ὅ,
342 721 380 762 τ’
405 721 627 775 ἀπαρκτίας
655 718 894 776 κυριώτατα,
926 721 990 761 καὶ
1019 721 1222 776 θρασκίας
1250 720 1381 768 κοινὸς
1407 720 1600 776 ἀργέστου
1623 722 1687 761 καὶ

275 787 422 839 με’σου·
469 785 489 828 ὃ
520 787 563 828 δὲ
592 787 746 835 καικίας
774 785 905 834 κοινὸς
936 785 1166 840 ἀπηλίωτου
1196 787 1260 827 καὶ
1287 786 1456 840 βορέου·
1497 786 1613 835 νότος
1644 786 1684 828 δ’

277 852 298 894 ὅ
327 869 367 895 τε
399 852 590 908 ἰθαγενὴς
618 851 639 895 ὅ
670 852 748 895 ἀπὸ
779 853 1032 908 μεσημβρίας
1061 854 1124 894 καὶ
1145 853 1242 905 λίψ·
1273 851 1500 906 ἀπηλιώτης
1524 853 1568 894 δὲ
1596 851 1618 894 ὅ
1647 869 1687 893 τε

277 918 350 959 ἀπ’
378 918 574 973 ἀνατολῆς
603 921 833 976 ἷσημερινῆς
861 921 926 961 καὶ
956 917 976 960 ὃ
1008 913 1145 974 εὖρος·
1187 916 1207 960 ὃ
1239 919 1283 960 δὲ
1313 920 1509 974 φοινικίας
1537 917 1688 967 κοινός·

230 985 455 1041 12ζέῳυρος
475 984 516 1026 δ’
541 984 561 1026 ὅ
582 1002 623 1027 τε
645 984 833 1041 ῗᾷαγενης
857 987 921 1027 καὶ
948 983 968 1026 ὅ
991 985 1184 1040 ἀργέστης
1202 984 1458 1038 καλούμενος.
1492 975 1702 1032 12.”Ολως’

279 1051 322 1092 δὲ
351 1051 402 1093 τὰ
429 1053 503 1104 μὲν
530 1051 671 1107 βόρεια
699 1051 852 1093 τούτων
883 1055 1078 1101 καλεῖται,
1109 1051 1159 1092 τὰ
1190 1052 1233 1092 δὲ
1263 1050 1387 1093 νότια.
1429 1051 1688 1105 προστίθεται

280 1117 324 1158 δὲ
351 1118 403 1159 τὰ
428 1119 501 1171 μὲν
539 1119 728 1174 ζεφυρικὰ
765 1122 823 1174 τῷ
851 1118 984 1175 ’βορέᾳ
1029 1117 1287 1173 (ψυχρότερα
1322 1118 1398 1172 γὰρ
1439 1117 1506 1158 διὰ
1534 1116 1580 1158 τὸ
1611 1116 1689 1157 ἀπὸ

280 1185 443 1236 δυσμῶν
470 1184 622 1238 πνεῖν),
660 1183 766 1240 νότῳ
795 1185 839 1225 δὲ
866 1183 917 1225 τὰ
948 1183 1196 1237 ἀπηλιωτικά
1233 1183 1486 1238 (θερμότερα
1522 1182 1597 1237 γὰρ
1635 1186 1690 1238 τῷ

229 1248 361 1290 13ἀπ’
396 1249 594 1304 ἀνατολῆς
622 1251 760 1303 πνεῖν).
835 1256 897 1291 13.
938 1249 1226 1305 Διωρισμένων
1255 1244 1326 1290 οὖν
1355 1253 1411 1304 τῷ
1441 1252 1587 1304 ψυχρῷ
1626 1250 1689 1289 καὶ

278 1319 336 1371 τῷ
364 1320 506 1373 θερμῷ
532 1318 595 1358 καὶ
628 1314 787 1372 ἆλεεινῷ
818 1321 898 1359 τῶν
923 1314 1158 1369 πνευμάτων
1187 1315 1316 1364 οὕτως
1344 1314 1547 1356 ἐκάλεσαν.
1591 1319 1691 1370 θερ-

277 1380 431 1436 μότερα
459 1382 503 1423 δὲ
533 1382 586 1423 τὰ
615 1382 692 1424 ἀπὸ
722 1386 793 1435 τῆς
821 1383 873 1424 ἕω
901 1386 981 1424 τῶν
1009 1382 1087 1423 ἀπὸ
1109 1384 1286 1436 δυσμῆς,
1318 1381 1378 1424 ὅτι
1399 1384 1518 1423 πλείω
1545 1381 1692 1435 χρόνον

279 1443 356 1488 ὕπὸ
385 1447 455 1489 τὸν
485 1448 596 1502 ἥλιόν
626 1448 788 1491 ἐστιτὰ
817 1448 893 1489 ἀπ’
913 1448 1131 1502 ἀνατολῆς·
1163 1448 1212 1489 τὰ
1234 1448 1274 1489 δ’
1299 1448 1377 1490 ἀπὸ
1408 1450 1563 1501 δυσμῆς
1591 1446 1691 1488 ἀπο-

230 1514 278 1552 14
292 1514 410 1555 λείπει
430 1531 470 1556 τε
491 1519 647 1557 θᾶττον
678 1517 741 1557 καὶ
771 1514 972 1569 πλησιάζει
1001 1519 1058 1572 τῷ
1078 1513 1189 1571 τόπῳ
1212 1513 1456 1569 ὀψιαίτερον.
1493 1516 1556 1554 14.
1574 1511 1691 1554 Οὕτω

280 1648 321 1683 in
340 1654 487 1687 terram
510 1651 814 1700 liquescentibus
836 1657 874 1688 et
895 1663 916 1687 a
937 1651 1020 1688 sole
1041 1663 1084 1687 ac
1104 1655 1211 1687 terra
1228 1648 1518 1696 calescentibus,
1537 1659 1693 1684 necesse

282 1719 341 1750 est
367 1715 555 1753 maiorem
577 1715 835 1755 exhalationis
855 1717 1005 1766 copiam
1018 1744 1029 1762 ,
1060 1722 1099 1752 et
1119 1716 1160 1753 in
1179 1715 1361 1766 ampliori
1381 1716 1489 1761 loco,
1518 1712 1620 1749 hanc
1642 1712 1692 1748 ob

251 1772 431 1817 'causam
462 1781 573 1819 oriri.
661 1786 724 1820 11.
766 1783 919 1820 Eorum
948 1787 1100 1823 autem,
1140 1783 1205 1832 qui
1245 1781 1339 1819 dicti
1374 1787 1488 1829 sunt,
1526 1779 1692 1816 flatuum

281 1846 445 1894 Boreas,
486 1846 562 1884 hoc
592 1854 671 1896 est,
717 1848 931 1898 septentrio
973 1853 1011 1884 et
1040 1848 1230 1897 aparctias
1260 1844 1614 1891 vehementissimi,
1654 1849 1693 1880 et

282 1910 490 1950 Thrascias
510 1913 728 1951 communis
747 1920 919 1964 argestae
938 1926 982 1950 ac
1002 1925 1153 1949 mesae:
1177 1913 1332 1950 Caecias
1356 1925 1453 1950 vero
1473 1909 1694 1948 communis

282 1977 456 2027 aquiloni
479 1984 518 2016 et
540 1979 768 2018 subsolano:
801 1980 948 2017 Auster
970 1984 1010 2016 et
1028 1979 1060 2015 is
1082 1979 1149 2029 qui
1181 1991 1301 2015 verus
1329 1991 1373 2015 ac
1399 1989 1607 2029 germanus
1636 1980 1694 2012 est

281 2055 303 2079 a
322 2044 487 2082 meridie
507 2045 680 2096 spiranS,
710 2051 749 2083 et
774 2045 954 2084 Africusx
996 2044 1234 2082 Subsolanus
1263 2050 1342 2081 tam
1374 2044 1406 2080 is
1434 2044 1502 2093 qui
1533 2042 1580 2079 ab
1602 2047 1694 2079 ortu

281 2098 541 2160 aequinoiriali
571 2111 658 2159 ssat,
696 2125 812 2162 quam
836 2112 990 2149 Eurus:
1040 2110 1270 2148 Phoenicias
1301 2116 1431 2148 autem
1464 2107 1692 2146 communis.

283 2177 483 2214 Favonius
534 2184 615 2215 tam
662 2190 870 2228 germanus
906 2178 976 2215 ille
1013 2190 1128 2227 quam
1170 2176 1238 2227 qui
1284 2177 1466 2226 Argestes
1512 2179 1693 2212 vocatur.

287 2245 348 2280 12.
379 2231 555 2281 Omnino
579 2258 678 2282 vero
705 2245 771 2282 alii
798 2244 943 2282 horum
969 2243 1173 2294 Aquilonii
1197 2243 1476 2290 nominantur,
1514 2241 1580 2278 alii
1609 2240 1696 2278 Au-

284 2309 417 2347 strini:
447 2322 491 2347 ac
508 2311 658 2348 favonii
679 2311 840 2361 quidem
862 2310 1084 2362 Aquiloniis
1111 2315 1363 2347 accensentur
1393 2306 1500 2360 (quia
1520 2306 1625 2345 enim
1647 2305 1694 2342 ab

285 2388 421 2413 occasu
437 2376 598 2427 spirant,
617 2377 844 2428 frigidiores
861 2374 988 2426 sunt),
1011 2376 1193 2414 austrinis
1212 2389 1311 2414 vero
1325 2375 1455 2412 Solani
1474 2372 1695 2425 (calidiores

284 2442 388 2478 enim
417 2448 557 2493 utpote
585 2440 635 2481 ab
664 2450 756 2482 ortu
783 2441 1005 2496 spirantes).
1066 2446 1126 2480 13.
1158 2443 1311 2479 Ventus
1335 2442 1454 2491 igitur
1481 2438 1630 2488 frigore
1655 2442 1695 2473 et

252 2538 255 2542 .
284 2508 411 2545 calore
440 2514 553 2559 atque
581 2515 763 2561 tempore
794 2511 995 2548 distinctos
1017 2509 1092 2546 hoc
1113 2507 1232 2545 modo
1254 2507 1512 2558 appellarunt.
1566 2505 1693 2541 Porro

285 2583 351 2615 ea,
382 2586 482 2620 quae
503 2574 552 2612 ad
570 2581 703 2613 ortum
722 2576 947 2627 pertinent,
976 2574 1163 2613 calidiora
1183 2579 1275 2611 sunt
1291 2572 1393 2616 illis,
1425 2580 1524 2618 quae
1545 2566 1595 2603 ad
1624 2579 1691 2603 00-

284 2648 428 2684 Cflffllffl,
443 2638 563 2699 ,(111Οᾶ
584 2641 763 2690 longiore
786 2648 967 2700 tempore
1000 2641 1071 2677 sub
1091 2641 1174 2676 sole
1195 2636 1384 2695 ysuntloca
1401 2646 1539 2672 versus
1559 2632 1691 2670 orien-

286 2708 364 2740 tem
384 2703 466 2740 sita.
525 2706 582 2741 Ea
603 2718 713 2754 vero,
741 2719 843 2757 quae
864 2706 914 2744 ad
933 2717 1124 2752 occasum,
1153 2703 1267 2740 citius
1290 2700 1435 2738 deserit
1453 2699 1502 2737 ad
1522 2711 1691 2748 cumque

286 2769 413 2806 locum
442 2769 590 2806 tardius
617 2770 775 2809 accedit.
837 2771 900 2809 14.
932 2772 1031 2809 Cum
1053 2775 1183 2806 mitem
1204 2766 1314 2805 venti
1336 2765 1441 2803 hunc
1463 2766 1503 2802 in
1531 2763 1691 2802 modum
