1742 3198
198 317 354 360 XXVI
689 316 1096 360 PRAEFATIO.

254 431 443 470 venirent
477 429 823 470 emendatissima.
889 428 934 470 Id
972 430 1030 470 ita
1065 430 1120 470 sit
1157 441 1317 478 necne,
1362 437 1461 469 sunt
1497 426 1601 468 mihi

251 498 487 553 gravissimi
524 506 647 536 testes
685 505 772 537 tota
807 496 895 537 fere
931 496 1052 538 Italia
1091 505 1132 538 et
1159 498 1380 551 praecipue
1408 494 1601 537 Venetiis

253 565 438 606 Thomas
466 563 664 618 Anglicus
706 563 832 604 homo
862 573 903 604 et
920 579 1068 619 graece
1096 573 1136 605 et
1157 564 1284 605 latine
1310 565 1600 619 peritissimus,

251 631 585 687 praecellensque
622 632 665 671 in
706 631 986 673 doctrinarum
1027 633 1211 673 omnium
1251 630 1493 686 disciplinis.
1550 631 1604 671 Et

252 699 422 741 Gabriel
450 712 587 748 meus,
624 697 898 740 Brassicellae
926 708 1072 750 natus,
1118 702 1183 740 vir
1216 702 1403 754 impense
1441 699 1601 748 doctus,

250 781 298 807 ac
326 768 387 807 rei
411 765 635 806 litterariae
665 780 811 806 censor
847 769 1099 817 acerrimus,
1146 767 1330 822 alterque
1359 766 1604 815 Quintilius.

249 833 429 874 Iustinus
455 835 582 879 etiam
601 832 857 887 Corcyraeus
883 836 989 875 miro
1009 836 1178 889 ingenio
1198 834 1455 886 adolescens,
1485 849 1605 890 grae-

251 915 377 956 ceque
407 916 506 942 sane
536 903 737 943 eruditus.
792 902 1012 943 Ferrariae
1044 916 1140 942 vero
1171 900 1372 943 Nicolaus
1401 903 1605 943 Leonice-

250 984 327 1010 nus
347 978 388 1009 et
406 969 657 1010 Laurentius
687 968 870 1010 Maiolus
901 969 1150 1021 Genuensis,
1181 985 1354 1025 quorum
1380 970 1486 1012 alter
1515 969 1606 1024 phi-

244 1037 520 1091 losophorum
548 1038 694 1077 aetatis
724 1044 889 1077 nostrae
919 1039 1254 1093 medicorumque
1274 1040 1460 1078 omnium
1482 1035 1605 1077 facile

250 1107 462 1159 princeps,
514 1104 718 1145 librorum
754 1103 992 1145 Aristotelis
1032 1121 1135 1160 quos
1173 1108 1262 1160 ipse
1299 1106 1473 1146 haberet
1503 1104 1606 1145 mihi

250 1175 409 1227 copiam
446 1173 743 1213 humanissime
781 1172 897 1213 fecit:
947 1172 1050 1213 alter
1071 1177 1313 1227 «praestanti
1342 1175 1405 1212 vir
1436 1174 1605 1227 ingenio

249 1249 292 1280 et
320 1250 479 1281 maturo
514 1241 667 1281 iudicio
704 1255 752 1280 ac
791 1240 983 1281 omnibus
1021 1240 1145 1282 bonis
1184 1240 1341 1281 artibus
1375 1241 1605 1295 praedituS,

248 1323 391 1350 omnes
428 1323 554 1363 prope
589 1307 825 1349 Aristotelis
866 1307 997 1350 libros
1035 1323 1198 1350 summa
1235 1323 1335 1350 cura
1363 1321 1605 1362 summoque

249 1378 384 1417 studio
423 1377 598 1418 contulit
633 1392 727 1417 cum
755 1375 874 1417 libris
901 1377 1130 1418 Leoniceni
1159 1379 1291 1418 nostri
1320 1391 1413 1418 meo
1443 1386 1606 1431 rogatu.

246 1444 361 1485 Idem
390 1454 430 1485 et
457 1447 545 1500 ipse
564 1445 756 1487 Venetiis
787 1447 1094 1486 accuratissime
1120 1446 1225 1496 feci,
1257 1460 1339 1486 non
1369 1448 1459 1487 sine
1489 1445 1607 1485 adiu—

247 1521 386 1553 mento
415 1516 598 1554 virorum
616 1514 858 1569 doctorum,
890 1515 961 1568 qui
983 1523 1025 1554 et
1044 1514 1234 1556 Venetiis
1259 1522 1353 1556 sunt
1373 1523 1413 1554 et
1431 1514 1606 1555 Patavii.

248 1579 508 1634 Quamquam
537 1583 674 1621 minus
701 1580 796 1620 fieri
824 1583 967 1634 potuit,
997 1595 1049 1621 ne
1074 1583 1169 1637 quid
1200 1582 1265 1623 his
1293 1582 1414 1623 libris
1444 1583 1607 1623 deside-

245 1656 432 1697 raretur,
464 1647 572 1701 quod
602 1661 685 1688 non
715 1661 809 1687 mea
839 1649 1003 1702 quidem
1033 1648 1154 1703 culpa
1180 1650 1333 1690 factum
1363 1659 1447 1700 est,
1485 1651 1607 1704 (nam

245 1716 326 1756 hoc
354 1729 452 1756 vere
483 1729 588 1769 queo
618 1716 779 1765 dicere,
820 1717 1014 1771 quicquid
1047 1731 1140 1757 meo
1170 1716 1315 1757 labore
1352 1718 1498 1758 formis
1535 1731 1608 1758 ex-

247 1785 409 1825 cuditur
445 1786 545 1838 ipsis
583 1783 891 1837 exemplaribus
927 1783 1053 1838 longe
1093 1786 1340 1834 correctius,
1388 1799 1436 1825 ac
1473 1787 1607 1840 magis

247 1852 474 1907 perfectum
501 1854 618 1893 exire
643 1866 699 1892 ex
716 1851 889 1892 aedibus
907 1850 1082 1906 nostris)
1110 1865 1255 1892 verum
1275 1862 1360 1893 tum
1377 1850 1606 1902 hominum,

248 1923 320 1976 qui
347 1929 443 1961 ante
469 1936 545 1962 nos
569 1921 752 1970 fuerunt,
782 1928 870 1961 tum
893 1920 1083 1961 edacium
1112 1929 1359 1974 temporum,
1389 1935 1494 1976 quae
1518 1929 1608 1961 tan-

247 1988 341 2029 dem
373 1998 520 2029 cuncta
546 1992 791 2039 immutant,
830 1997 1101 2038 consumunt,
1141 1987 1322 2029 abolent.

303 2061 340 2097 2.
369 2056 508 2098 Editio
538 2057 857 2098 Camotiana
887 2055 1040 2110 (Cam.)
1073 2057 1183 2111 apud
1212 2055 1312 2097 Aldi
1338 2054 1475 2106 filios,
1519 2054 1607 2096 Ve-

193 2125 316 2165 netiis
356 2128 458 2167 1551
478 2129 662 2183 —1552
700 2140 777 2167 sex
805 2124 1088 2166 voluminibus
1116 2124 1429 2180 comprehendit
1465 2125 1606 2164 omnia

194 2191 520 2234 Aristotelis
551 2208 690 2249 opera.
748 2192 1076 2249 Meteorologica
1105 2195 1365 2234 continentur
1389 2191 1605 2232 volumine

194 2263 404 2312 secundo,
443 2263 541 2303 inde
571 2277 595 2302 a
622 2277 719 2318 pag.
750 2267 826 2304 331
845 2265 1007 2302 —438.
1076 2261 1232 2303 Varias
1267 2261 1469 2302 lectiones
1507 2261 1606 2302 inde

194 2328 325 2370 multa
354 2345 446 2371 cum
476 2331 691 2386 diligentia
720 2331 1028 2384 excerpsimus,
1067 2332 1255 2386 quamvis
1284 2331 1395 2371 idem
1433 2331 1518 2370 iam
1545 2329 1607 2369 fe-

196 2399 300 2438 cerit
335 2398 683 2454 Sylburgius‚
733 2413 855 2454 quem
892 2397 1014 2453 plura
1049 2407 1188 2440 tamen
1225 2399 1384 2454 fugisse
1422 2398 1491 2438 hic
1518 2396 1607 2437 illic

195 2465 581 2509 demonstravimus.

306 2537 346 2574 3.
383 2533 676 2577 Editiones
714 2533 1083 2577 Basileenses.

361 2616 400 2643 a.
438 2602 561 2656 (Er.)
590 2602 718 2644 Basil.
742 2607 844 2645 1531
875 2602 948 2644 fol.
979 2605 1088 2658 apud
1115 2602 1314 2643 Ioannem
1344 2598 1604 2641 Bebellium:

246 2669 541 2724 Ἀριστοτέλους
578 2669 749 2712 ἅπαντα.
806 2673 1085 2721 Aristotelis,
1123 2673 1271 2712 summi
1303 2682 1465 2722 semper
1502 2672 1603 2718 viri,

254 2741 297 2777 et
327 2740 374 2778 iu
403 2751 521 2792 quem
548 2751 672 2779 unum
701 2744 783 2781 vim
812 2755 929 2782 seram
957 2744 1157 2781 universa
1184 2737 1411 2778 contulisse
1448 2742 1605 2777 natura
