1820 3158
617 327 1030 371 PRAEFATIO.
1466 328 1554 371 XV

113 453 290 501 utroque
315 443 538 486 chartaceo
568 456 618 484 ac
639 443 824 492 recenti3
853 445 899 484 in
920 443 1158 498 posteriore
1187 455 1281 484 cuin
1312 443 1423 484 notis
1447 458 1555 484 non-

114 513 241 557 nullis
269 512 612 556 interlinearibus
643 521 685 554 et
706 511 1015 568 marginalibus
1033 512 1084 565 ³).
1144 512 1367 554 Praeterea
1397 514 1555 568 primus

111 584 220 627 liber
252 586 489 627 continetur
520 585 562 624 in
593 583 738 624 codice
767 581 977 624 Urbinate
1007 586 1077 634 37,
1109 581 1355 634 chartaceo,
1393 583 1556 624 formae

70 685 74 690 »
113 655 355 711 quadratae,
386 654 461 696 sed
491 668 575 696 non
605 655 799 710 integer,
839 667 934 694 cuin
966 652 1123 694 notulis
1151 651 1367 695 nonnullis
1396 656 1559 710 margi-

113 723 304 767 nalibus:
350 726 499 766 tertius
538 725 582 765 in
623 723 715 765 cod.
755 722 954 765 Vatican.
995 727 1078 765 254
1119 721 1368 775 chartaceo,
1420 724 1557 767 forma

113 794 315 851 quadrata
346 796 536 845 minore,
578 795 841 846 recentiore,
881 795 1002 836 cuius
1029 792 1172 835 scriba
1201 794 1410 848 sripturae
1441 809 1558 836 com-

111 865 266 920 pendia
296 864 366 906 hic
395 863 484 906 illic
513 879 599 906 non
628 863 861 907 intellexit:
892 872 1064 920 quartus
1091 864 1136 903 in
1165 862 1256 903 cod.
1279 861 1482 905 Ottobon.
1504 867 1559 906 76

111 933 358 986 chartaceo,
392 936 613 986 recenti,et
641 935 686 976 in
716 935 808 976 cod.
829 933 1028 975 Vatican.
1059 935 1163 980 319,
1203 931 1460 987 bombycino
1489 934 1560 988 (¹2)

114 1009 200 1047 non
229 1007 366 1062 magis
395 1006 585 1060 antiquo.
644 1005 694 1046 In
716 1012 933 1060 postremo
964 1001 1171 1044 nonnulla
1196 1002 1250 1044 ab
1275 1003 1398 1044 initio
1428 1003 1560 1045 verba

113 1074 288 1125 desunt3
332 1076 483 1131 incipit
521 1076 634 1116 enim
665 1089 691 1115 a
720 1073 862 1116 verbis
904 1072 1177 1121 ἐναντιώσεως
1213 1073 1470 1115 &denotatae
1508 1074 1559 1116 τὰ

114 1150 303 1198 στοιχεῖα.
358 1143 422 1186 ὅτι
459 1143 633 1200 τέτταρα
674 1143 719 1186 δὲ
755 1142 807 1186 τὰ
846 1139 908 1192 οἷς
947 1145 1220 1185 εῗόοποιεῖται.
1289 1143 1373 1184 Sed
1419 1143 1560 1186 nullus

113 1213 264 1255 horum
295 1214 485 1255 codicum
519 1213 696 1256 collatus
727 1223 815 1265 est,
868 1212 1019 1255 saltem
1052 1213 1167 1255 nulla
1197 1228 1252 1255 ex
1281 1215 1335 1255 iis
1365 1212 1561 1257 lectionis

111 1285 293 1325 varietas
341 1285 386 1325 in
433 1282 625 1325 Bekkeri
677 1285 865 1326 editione
914 1286 1064 1326 maiori
1115 1284 1457 1341 deprehenditur.
1507 1309 1561 1315 -—-

112 1351 275 1395 Omnia⁴
301 1362 387 1395 tam
416 1352 658 1396 Aristotelis
690 1369 815 1410 quain
846 1353 1134 1410 Theophrasti
1169 1356 1326 1410 scripta
1365 1369 1458 1396 cuin
1492 1370 1563 1397 co-

112 1422 276 1466 dicibus
306 1423 532 1466 Vaticanis
563 1423 741 1466 contulit
779 1423 940 1467 Felix
980 1423 1456 1476 Accorainbonus,
1511 1426 1562 1467 de

112 1491 411 1550 Theophrasto
446 1509 531 1536 non
565 1496 792 1537 admodum
823 1497 998 1537 meritus
1023 1495 1092 1552 ⁴),
1137 1497 1272 1552 magis
1315 1496 1367 1537 de
1397 1495 1564 1537 Aristo-

112 1562 210 1605 tele.
268 1564 492 1607 Lectionis
517 1567 703 1607 varietas
730 1567 942 1621 reperitur
973 1567 1016 1608 in
1038 1564 1164 1616 libro,
1195 1567 1317 1607 cuius
1340 1567 1445 1606 duas
1477 1566 1564 1606 edi-

112 1634 251 1675 tiones
280 1635 475 1676 manibus
505 1638 698 1687 tractavi,
731 1635 813 1677 hoc
842 1636 968 1676 niodo
986 1636 1213 1688 inscripto:
1253 1634 1394 1675 Vera
1424 1647 1566 1675 mens

113 1704 225 1746 Ari
234 1699 411 1745 stotel
417 1709 491 1754 is,
523 1705 572 1745 id
593 1711 659 1746 est
679 1694 947 1746 lucidis'sima
970 1709 1014 1746 et
1038 1703 1334 1746 eruditissima
1358 1707 1405 1744 in
1423 1708 1565 1746 omnia

115 1774 375 1816 Aristotelis
406 1788 540 1828 opera
572 1775 858 1829 explanatio,
897 1777 944 1814 in
975 1787 1059 1829 qna
1088 1777 1212 1815 novis
1243 1779 1288 1815 et
1321 1773 1565 1829 pulcherri-

114 1847 193 1884 mis
231 1843 477 1885 rationibus
515 1848 696 1886 omnium
739 1843 1058 1902 dubitationum
1091 1850 1134 1886 et
1166 1843 1439 1886 obscurarum
1471 1859 1565 1886 sen-

116 1917 350 1955 tentiarum
382 1928 509 1956 verns·
539 1913 799 1970 Philosophi
835 1927 983 1956 sensns
1021 1918 1216 1965 eruitur,
1268 1920 1312 1956 et
1342 1929 1452 1970 quae
1481 1929 1566 1957 non

101 1983 379 2035 fueruntab
411 1985 515 2026 aliis
541 1984 796 2035 observata,
833 1988 919 2026 iam
950 1984 1204 2026 admirabili
1231 1991 1330 2027 arte
1360 1990 1565 2040 aperiun-

116 2059 220 2096 tur:
251 2058 575 2096 controversiae
602 2059 719 2105 item,
750 2068 861 2110 qnae
891 2061 992 2096 sunt
1020 2059 1139 2096 inter
1158 2056 1427 2106 Platonicos,
1457 2057 1566 2098 Ari-

115 2125 336 2166 stotelicas
377 2130 421 2166 et
453 2123 665 2166 Galennm
707 2129 823 2167 omni
861 2125 1101 2181 diligentia
1132 2130 1470 2176 examinanlnr3
1512 2127 1566 2168 cle

104 2195 245 2248 fluxu
266 2200 310 2236 et
330 2194 508 2248 refluxu
531 2198 664 2236 maris
694 2202 905 2237 accurata
926 2202 970 2238 et
992 2196 1134 2238 brevis
1155 2201 1396 2238 tractatio:
1433 2196 1566 2238 Tlieo-

113 2263 320 2318 phrastus
348 2266 552 2320 plurimis
580 2268 628 2306 in
657 2266 764 2308 locis
793 2270 840 2308 in
870 2266 981 2309 libro
1013 2266 1066 2307 de
1092 2268 1261 2323 plantis
1291 2266 1494 2309 obscuras
1524 2274 1567 2309 et

118 2332 325 2383 difficili&
365 2339 631 2389 exponitur:
675 2340 722 2378 in
756 2336 920 2379 Galeni
957 2336 1083 2380 libris
1123 2337 1176 2378 cle
1217 2342 1567 2392 temperamentis

117 2404 377 2445 utilissimae
407 2404 714 2448 adnotationes
743 2413 1047 2463 apponantur:
1078 2421 1189 2462 qaae
1207 2411 1254 2448 in
1274 2407 1466 2449 omnibns
1495 2408 1568 2449 de-

112 2479 307 2528 pravata
337 2479 465 2515 erant
497 2487 556 2515 ea:
586 2480 902 2532 antiquis-simis·
939 2481 1117 2534 graecis
1154 2482 1461 2533 manusc-riput-
1500 2492 1568 2518 co-

52 2568 55 2570 -
119 2542 287 2585 dicibns
317 2545 601 2586 emendantur
629 2571 685 2578 ——
724 2557 896 2590 auctore
925 2546 1567 2590 Felice‘Accorambono

117 2611 360 2669 Eugubino.
420 2613 581 2657 Romae
611 2616 721 2671 apud
750 2617 927 2659 Paulum
958 2617 1168 2659 Parisiuin
1203 2621 1325 2660 1604.
1348 2618 1422 2660 fol.
1470 2616 1565 2660 Non

210 2762 250 2805 3)
276 2763 349 2798 Csr.
375 2764 580 2799 Brandis
605 2766 628 2800 1.
651 2766 676 2799 1.
705 2777 738 2810 p.
761 2764 818 2800 64.
841 2766 899 2802 65.
923 2767 981 2802 66.
1002 2768 1060 2802 70.
1427 2786 1429 2788 ·

209 2829 253 2876 4)
279 2830 355 2866 cfr.
381 2832 641 2868 Schneider
664 2835 708 2868 ad
733 2835 1044 2880 Theophrast.
1070 2837 1153 2872 Vol.
1173 2836 1202 2872 1.
1227 2836 1344 2880 Braef.
1376 2850 1412 2882 p.
1437 2837 1524 2870 ΧΠ.
