1742 3198
598 314 1014 368 PRAEFATIO.
1343 320 1523 365 XXVII

137 452 281 482 rerum
310 439 508 491 videtur,
550 452 708 495 opera,
752 451 1028 496 quaecunque
1066 439 1275 492 impressa
1314 434 1523 479 hactenus

139 514 390 552 extiterunt
414 514 579 560 omnia,
620 523 778 552 summa
808 523 899 551 cum
928 507 1167 563 vigilantia
1197 519 1374 548 excusa.
1431 509 1523 550 Per

137 579 247 622 Des.
266 579 491 623 Erasmum
507 579 930 622 Roterodamem'em.
978 576 1178 632 Sequitur
1204 577 1250 618 in
1270 578 1365 633 ipso
1397 577 1523 620 titulo

137 649 332 707 dialogus
361 652 473 692 inter
502 648 766 706 philologum
790 664 839 691 ac
859 645 1150 702 bibliopolam,
1180 646 1335 690 iambis
1358 650 1525 704 graecis

139 721 417 776 conscriptus.
474 719 543 762 De
565 719 646 761 hac
676 720 862 762 editione
892 708 1286 773 cfr.'Hennings
1314 717 1525 763 Biblioth.

139 790 289 832 libror.
304 794 466 832 rarior.
489 794 584 832 131.
644 790 846 846 Sequitur
874 789 980 830 adeo
1009 801 1159 843 presso
1189 787 1295 843 pede
1310 786 1528 840 Aldinam‚

137 869 183 902 ut
210 862 305 916 ipsa
330 860 487 903 menda
515 858 818 916 typographica
845 867 1020 914 repetat,
1051 872 1185 914 eaque
1205 872 1415 899 novorum
1443 872 1530 900 non

136 931 196 971 ita
220 932 378 987 exiguo
392 944 571 972 numero
595 938 761 986 augeat.
790 929 1011 971 Lectionis
1039 929 1290 968 varietatem
1317 929 1531 984 integram

137 1001 441 1057 adscripsimus
471 1015 545 1057 per
574 1009 708 1041 totum
735 997 894 1040 librum
925 999 1133 1053 primum,
1176 998 1290 1039 unde
1320 999 1419 1054 quid
1451 999 1531 1039 cri-

139 1071 249 1123 tico,
281 1069 524 1113 Aristotelis
554 1070 712 1125 scripta
740 1068 1038 1119 emendaturo,
1080 1082 1133 1109 ea
1159 1068 1365 1123 prodesse
1392 1076 1533 1124 queat,

139 1143 243 1183 satis
271 1141 539 1197 perspicitur.
596 1137 647 1180 In
680 1137 818 1180 tribus
847 1136 1023 1194 reliquis
1068 1136 1193 1180 libris
1232 1152 1330 1180 raro
1368 1146 1533 1179 tantum

137 1225 232 1252 eam
261 1209 424 1252 contuli
451 1224 530 1252 nec
560 1211 646 1251 nisi
673 1217 722 1250 ut
751 1209 1102 1260 demonstrarem,
1134 1208 1337 1265 quidquid
1366 1209 1535 1264 gravio-

138 1282 199 1324 ris
217 1282 372 1323 ‚mendi
407 1283 453 1322 in
483 1279 646 1323 Aldina
684 1278 1025 1340 deprehendatur
1055 1280 1191 1334 repeti
1219 1280 1263 1320 in
1293 1277 1536 1321 Basileensi

137 1350 233 1400 hac,
264 1354 457 1408 quamvis
485 1351 711 1407 inscriptio
742 1348 872 1405 longe
904 1347 990 1391 alia
1017 1364 1119 1406 prae
1148 1363 1196 1391 se
1224 1348 1348 1391 ferat.
1408 1349 1537 1391 Prae-

140 1429 207 1464 ter
238 1421 350 1464 hanc
379 1424 463 1465 duo
494 1421 604 1464 aliae
635 1428 808 1463 exstant
836 1418 1124 1462 Basileenses.

255 1515 292 1557 b.
327 1515 485 1567 altera,
525 1529 632 1571 quae
662 1515 818 1570 prodiit
846 1514 957 1570 apud
987 1513 1048 1555 Io.
1079 1512 1307 1555 Bebelium
1335 1521 1378 1552 et
1405 1510 1538 1552 Mich.

139 1584 430 1642 Isengrinium
462 1589 570 1628 1539
600 1584 766 1626 duobus
795 1584 959 1625 formae
989 1584 1202 1625 maximae
1236 1580 1540 1632 voluminibus,

140 1657 283 1710 priore
321 1655 397 1696 illa
427 1670 514 1697 non
546 1653 724 1704 melior,
763 1656 851 1694 imo
885 1655 1014 1692 etiam
1046 1653 1252 1692 deterior:

261 1762 296 1789 c.
328 1745 464 1802 (Bas.)
503 1746 629 1786 tertia
657 1744 768 1799 apud
798 1744 971 1785 eosdem
1003 1747 1112 1785 1550
1141 1733 1216 1784 fol.
1250 1757 1346 1784 cum
1375 1743 1543 1799 praefa-

144 1818 259 1858 tione
280 1816 464 1866 Erasmi,
487 1812 690 1855 adhibitis
708 1812 851 1854 Iusti
868 1812 1077 1864 Velsii,
1098 1811 1374 1854 Matthiae
1395 1813 1544 1855 Flac-

145 1888 194 1928 ci
223 1895 267 1928 et
297 1886 330 1927 P
342 1900 365 1926 e
379 1886 451 1927 tri
471 1882 542 1925 Vi
555 1899 577 1925 c
590 1892 606 1925 t
618 1885 730 1925 orii
757 1882 1125 1940 castigationibus.
1164 1883 1290 1924 Hanc
1310 1885 1544 1926 editionem

144 1956 411 2013 praeclaram
442 1969 545 1997 sane
576 1963 619 1996 et
646 1956 759 1995 inter
791 1955 972 2010 optimas
1002 1954 1308 1996 recensendam
1322 1985 1335 2006 ,
1379 1955 1430 1995 de
1463 1969 1545 2011 qua

148 2013 396 2068 conferendi
425 2024 604 2067 Buhle
636 2023 666 2065 l.
683 2023 712 2065 l.
742 2039 783 2081 p.
801 2028 883 2066 219
907 2039 969 2080 sq.
1002 2033 1044 2066 et
1065 2023 1268 2067 Harles
1294 2026 1348 2067 ad
1371 2024 1544 2068 Arist.

150 2098 203 2139 de
234 2103 332 2140 arte
355 2101 521 2154 poetic.
548 2111 591 2153 p.
613 2095 729 2137 XIX
741 2126 754 2147 ‚
795 2093 992 2137 absoluto
1022 2096 1196 2137 iamiam
1225 2094 1545 2144 commentario,

148 2182 204 2211 ex
237 2169 371 2224 copiis
402 2166 692 2208 bibliothecae
731 2164 838 2222 Reg.
881 2164 1178 2222 Gottingensis
1219 2162 1428 2207 benevole
1467 2177 1547 2203 no-

147 2228 314 2280 biscum
345 2238 674 2280 communicavit
701 2235 768 2278 Ill.
786 2235 971 2278 Reusch.
1023 2235 1258 2278 Variarum
1277 2235 1379 2276 inde
1399 2232 1547 2274 lectio-

153 2297 479 2365 num'syllogen
510 2303 716 2349 dedimus
734 2308 779 2348 in
811 2306 898 2348 fine
930 2307 1172 2349 voluminis.

208 2406 250 2443 4.
279 2400 577 2441 Editiones
604 2399 769 2441 Pacii.
797 2399 902 2456 (R).
961 2400 1107 2442 Prima
1134 2400 1291 2448 editio,
1324 2409 1451 2452 quam
1477 2409 1548 2436 cu-

98 2473 263 2515 curavit
291 2469 390 2512 Iul.
418 2469 630 2521 Pacius,
657 2471 1048 2512 eratLaemariana
1067 2471 1169 2512 anni
1192 2470 1314 2511 1597.
1345 2464 1485 2508 2voll.
1507 2469 1547 2507 8.

53 2555 59 2558 ·
97 2544 289 2585 omnium
319 2555 498 2597 operum
527 2554 677 2596 graece
707 2549 749 2582 et
768 2540 919 2592 latine,
953 2542 1073 2583 cuius
1093 2549 1318 2595 utrumque
1347 2535 1547 2579 volumen

98 2613 317 2655 uberrimo
346 2625 491 2653 rerum
511 2611 667 2661 indice,
698 2609 836 2666 qualis
865 2612 911 2652 in
939 2610 1059 2652 nulla
1085 2608 1331 2653 Aristotelis
1359 2608 1548 2649 editione

99 2684 321 2738 reperitur,
350 2681 537 2724 excellit.
597 2679 764 2722 Graeca
790 2681 924 2723 verba
949 2683 1054 2724 satis
1082 2682 1307 2724 emendata
1332 2678 1549 2735 leguntur,

101 2752 342 2808 multaeque
374 2760 602 2794 occurrunt
639 2751 784 2792 variae
813 2749 1021 2795 lectiones
1050 2766 1259 2809 nusquam
1289 2748 1442 2792 obviae
1471 2748 1549 2788 mi-

105 2824 301 2879 nimeque
330 2824 515 2880 ineptae.
586 2820 782 2878 Repetita
821 2831 888 2865 est
926 2821 1077 2866 Colon.
1115 2821 1340 2877 Allobrog.
1385 2816 1550 2874 (Gens)
