1774 3198
1536 369 1558 392 c-

433 380 650 422 LIBRUM
679 378 1006 420 SECUNDUM.
1066 378 1184 419 CAP.
1205 379 1256 419 V.
1466 368 1559 413 56⁰.)

133 498 252 536 1803.
281 495 344 546 4.)
379 508 419 547 p.
446 498 501 533 20
528 507 587 545 sq.
626 494 796 533 multum
823 494 974 533 faciunt
1001 490 1275 531 Posidonii
1303 491 1428 530 verba
1455 491 1564 543 apud

131 563 439 601 Strabonem
467 564 519 601 II.
561 575 603 614 p.
638 565 718 601 150
746 560 802 611 G,
839 562 882 600 in
912 560 1054 613 quibus
1086 559 1347 600 Afistotelem
1374 559 1563 599 refellere

128 630 271 669 studet.
328 629 602 668 Strabonis
632 629 757 669 verba
782 629 880 668 haec
909 634 1023 667 sunt:
1043 625 1216 679 Ἴδωμεν
1244 623 1289 665 δὲ
1316 625 1383 666 καὶ
1411 627 1564 667 Ποσει-

130 694 294 746 δώνιον,
333 693 360 736 ἅ
389 708 514 750 φησιν
542 694 584 736 ἓν
611 701 698 743 τοῖς
735 697 824 751 περὶ
856 694 1062 737 Ὠκεανοῦ.
1114 680 1228 735 δοκεῖ
1250 691 1328 748 γὰρ
1358 693 1400 734 ἓν
1427 691 1566 741 αὐτοῖς

127 761 331 804 ἰὰ-πολλὰ
351 769 609 818 γεωγραφεῖν,
639 761 691 804 τὰ
709 763 786 816 μὲν
805 764 960 811 οἰκείως
970 794 983 813 ,
1012 760 1064 804 τὰ
1087 761 1131 803 δὲ
1149 759 1562 816 μαθηματικώτερον.

118 829 257 872 ’Έστιν
286 825 359 872 οὖν
386 846 425 871 τι
456 834 538 872 τῶν
565 829 670 886 πρὸς
696 831 952 887 γεωγραφίαν
981 829 1155 881 οῗκείων,
1184 827 1231 871 τὸ
1261 827 1335 883 τὴν
1362 832 1436 883 γῆν
1465 825 1565 882 ὅλην

127 896 363 940 ὑποθέσθαι
388 900 650 953 σφαιροειδῆ,
680 898 870 955 καθάπερ
901 898 968 940 καὶ
996 897 1069 940 τὸν
1097 895 1263 951 κόσμον.
1293 898 1358 938 καὶ
1379 894 1431 938 τά
1461 894 1571 938 ἄλλα

126 965 438 1018 παραδέξασθαι
471 965 561 1019 [D]
587 965 639 1007 τὰ
669 965 884 1008 ἀκόλουθα
910 970 961 1022 τῇ
989 962 1184 1007 ὑποθέσει
1212 963 1368 1021 ταύτῃ·
1408 962 1564 1006 τούτων

127 1033 169 1074 δ’
194 1033 279 1074 ἐστὶ
308 1034 373 1075 καὶ
402 1033 449 1075 τὸ
479 1032 730 1084 πεντάζωνον
762 1033 888 1088 αὐτὴν
917 1031 1026 1075 εἶναι.
1089 1033 1199 1086 Φησὶ
1230 1031 1280 1086 δὴ
1310 1030 1564 1074 ὃΠοσειδώ-

126 1117 209 1149 νιος
237 1104 310 1154 τῆς
339 1101 396 1149 εἷς
425 1100 540 1142 πέντε
570 1100 697 1152 ζώνας
726 1101 957 1155 διαιρέσεως
993 1099 1172 1155 ἀρχηγὸν
1210 1099 1400 1154 γενέσθαι
1438 1102 1562 1155 Παρ-

124 1169 312 1222 μενίδην·
352 1167 444 1209 ἀλλ’
477 1168 624 1210 ἐκεῖνον
652 1169 728 1222 μὲν
758 1167 903 1222 σχεδόν
929 1185 967 1210 τι
998 1168 1215 1208 διπλασίαν
1245 1165 1484 1223 ἀποφαίνειν
1515 1165 1561 1208 τὸ

123 1234 278 1284 πλάτος
313 1234 388 1289 τὴν
425 1235 737 1290 διακεκαυμένην
771 1240 846 1290 τῆς
878 1234 1031 1289 μεταξὺ
1061 1239 1143 1277 τῶν
1171 1238 1399 1290 τροπικῶν,
1439 1232 1561 1290 ὓπερ-

122 1300 347 1356 πιπτούσης
378 1303 543 1355 (Bake
570 1306 761 1345 Posidon,
794 1319 836 1358 p.
869 1310 922 1346 92
961 1301 1319 1358 ὖπερπίπτουσαν)
1361 1300 1562 1357 ἑκατέρων

120 1373 203 1412 τῶν
230 1373 433 1426 τροπικῶν
460 1371 517 1418 εἷς
540 1368 587 1412 τὸ
611 1370 728 1420 ἕκτδς
755 1373 821 1413 καὶ
849 1371 951 1427 πρὸς
980 1376 1069 1419 ταῖς
1099 1368 1321 1425 εὗκράτοις.
1372 1369 1561 1424 Ἀριστοτ-

119 1437 236 1491 τέλης
264 1436 308 1478 δὲ
337 1436 463 1491 αὐτὴν
493 1438 560 1492 (p.
587 1444 663 1480 151
690 1439 773 1495 A.)
804 1442 921 1480 καλεῖ
944 1437 1018 1493 τὴν
1049 1436 1201 1492 μεταξὺ
1233 1441 1315 1479 τῶν
1343 1441 1560 1493 τροπικῶν.

118 1504 193 1553 τὰς
231 1504 275 1546 δὲ
308 1504 461 1557 μεταξὺ
499 1509 581 1547 τῶν
618 1510 823 1562 τροπικῶν
863 1507 929 1548 καὶ
958 1510 1040 1548 τῶν
1078 1505 1279 1562 ἀρκτικῶν
1318 1503 1559 1560 εὖκράτους·

119 1571 380 1628 ἀμφοτέρους
411 1574 436 1613 δ
445 1572 455 1587 ²
485 1573 647 1631 ἐπιτιμᾷ
678 1574 853 1628 δικαίως.
902 1574 1217 1628 διακεκαυμένην
1253 1571 1331 1628 γάρ
1370 1573 1560 1628 λέγεσθαι

116 1638 166 1682 τὰ
197 1639 387 1693 ἀοίκητον
427 1639 495 1681 διὰ
533 1645 693 1693 καῦμα·
741 1641 887 1695 τῆςιδὲ
915 1641 1066 1695 μεταξὺ
1096 1645 1178 1683 τῶν
1206 1643 1410 1695 τροπικῶν
1438 1639 1560 1681 πλέον

117 1708 143 1763 ἢ
173 1708 221 1750 τὸ
251 1707 377 1762 ἥμισυ
405 1711 479 1749 τοῦ
507 1706 687 1757 πλάτους
717 1707 928 1763 οἷκήσιμόν
960 1709 1069 1750 ἐστιν
1096 1709 1140 1750 ἐκ
1167 1712 1249 1750 τῶν
1276 1704 1377 1763 ὑπὲρ
1397 1705 1560 1762 Αἰγύπ-

116 1793 191 1818 του
222 1775 529 1829 στοχαζομένοις
544 1774 791 1828 Αἰθιόπων,
832 1776 939 1832 εἴπερ
968 1775 1016 1818 τὸ
1046 1777 1122 1830 μὲν
1149 1774 1275 1830 ἥμισυ
1303 1778 1377 1816 τοῦ
1406 1773 1560 1823 παντὸς

116 1843 318 1894 πλάτους,
349 1842 370 1884 ὃ
392 1844 542 1898 διαιρεῖ
564 1842 624 1899 ἐφ’
654 1841 822 1899 ἑκάτερα
852 1841 1145 1904 ὃιῗσημερινός·
1174 1842 1325 1885 τούτου
1346 1843 1391 1884 δὲ
1412 1842 1458 1885 τὸ
1480 1843 1559 1900 μὲν

117 1911 197 1953 ἀπὸ
229 1915 302 1965 τῆς
331 1909 515 1964 Συήνης,
547 1909 649 1965 ἥπερ
681 1912 789 1953 ἐστὶν
823 1910 936 1967 ὅριον
963 1916 1038 1954 τοῦ
1067 1915 1235 1968 θερινοῦ
1260 1914 1473 1967 τροπικοῦ,
1501 1912 1558 1960 εἷς

114 1978 291 2035 Μερόην
319 1979 394 2020 εἶσὶ
423 1970 727 2031 πεντακιςχιλίοι
756 1979 838 2034 (ita
865 1983 970 2021 bene
995 1995 1073 2034 pro
1102 1977 1242 2035 μύριοι
1268 1981 1555 2020 Strabonis

112 2053 164 2091 ΙΙ.
195 2063 235 2101 p.
259 2050 339 2088 195
361 2049 393 2086 C
431 2049 686 2088 scribendum
709 2050 864 2088 censuit
888 2051 1026 2090 Bake
1060 2064 1103 2102 p.
1127 2047 1204 2101 95)
1244 2045 1290 2088 τὸ
1321 2045 1363 2087 δ’
1389 2045 1554 2087 ἐνθένδε

115 2115 191 2163 ἕως
226 2118 300 2167 τῆς
330 2113 718 2170 Κινναμωμοφόρου
754 2113 1043 2170 παραλλήλου,
1082 2114 1181 2168 ὅπερ
1212 2114 1320 2155 ἐστὶν
1347 2112 1452 2169 ἀρχὴ
1482 2116 1556 2166 τῆς

116 2180 429 2235 διακεκαυμένης
439 2213 451 2232 ,
489 2182 746 2236 τρισχιλίων·
769 2186 916 2223 ’τοῦτο
952 2182 1028 2234 μὲν
1058 2177 1132 2223 οὗν
1159 2181 1207 2222 τὸ
1238 2179 1445 2235 διάστημα
1472 2183 1554 2221 πᾶν

114 2246 313 2301 μέτρητόν
342 2246 447 2298 ἔστι,
477 2249 636 2289 πλεΐταί
659 2264 702 2289 τε
731 2247 808 2303 γὰρ
839 2250 907 2289 καὶ
936 2246 1144 2300 ὁδεύεται,
1175 2248 1260 2303 (Β)
1299 2246 1346 2290 τὸ
1376 2247 1419 2289 δ’
1449 2245 1552 2301 ἑξῆς,

113 2315 231 2370 μέχρι
259 2318 333 2357 τοῦ
362 2316 594 2369 ι’σημερινοῦ
625 2315 748 2369 λέγω,
795 2316 996 2357 δείκνυται
1025 2313 1130 2357 κατὰ
1159 2313 1234 2369 τὴν
1270 2313 1345 2356 ὕπ’
1382 2314 1553 2371 Ἐρατο-

116 2382 292 2431 σθένους
328 2381 542 2436 γενομένην
581 2380 852 2438 ἀναμέτρησιν
889 2387 964 2437 τῆς
998 2387 1093 2438 γῆς,
1148 2381 1211 2424 ὅτι
1250 2382 1336 2424 ἐστὶ
1376 2383 1551 2424 σταδίων

116 2449 421 2502 ὀκτακισχιλίων
454 2448 726 2498 ὀκτακοσίων·
758 2448 806 2492 ὃν
835 2450 885 2504 δὴ
917 2449 1037 2505 λόγον
1065 2449 1142 2504 ἔχει
1171 2449 1223 2491 τὰ
1252 2451 1550 2503 πεντακισχιλία

114 2517 186 2572 (ita
214 2520 349 2559 Bake
377 2519 525 2557 iterum
554 2532 630 2570 pro
653 2517 798 2572 μυρία)
830 2519 897 2559 καὶ
926 2518 1128 2574 τρισχιλία
1155 2517 1259 2573 πρὸς
1286 2517 1333 2559 τὸ
1366 2517 1550 2567 ὀκτάκις-

110 2586 222 2637 χιλία
261 2577 504 2631 ὀκτακόσια,
561 2587 708 2625 τοῦτον
746 2583 797 2626 ἂν
835 2584 918 2638 ἔχοι
956 2583 1004 2627 τὸ
1038 2584 1191 2638 μεταξὺ
1227 2588 1309 2627 τῶν
1347 2587 1550 2640 τροπικῶν

114 2649 319 2705 διάστημα
346 2650 451 2707 πρὸς
476 2666 524 2692 το
554 2654 628 2704 τῆς
656 2651 969 2706 διακεκαυμένης
998 2650 1165 2701 πλάτος.
1223 2650 1315 2694 Κᾶν
1342 2656 1423 2694 τῶν
1451 2668 1550 2694 νεω-

113 2716 242 2772 τέρων
285 2718 330 2759 δὲ
368 2717 676 2774 ἇναμετρῆσεων
713 2717 919 2773 εῗσάγηται
955 2718 982 2773 ἢ
1012 2720 1227 2774 ἐλαχίστην
1265 2723 1439 2762 ποιοῦσα
1475 2718 1548 2773 τὴν

113 2787 206 2838 γῆν,
244 2784 332 2826 οἵαν
357 2782 377 2826 ὃ
399 2785 682 2835 Ποσειδώνιος
709 2786 875 2842 ἐγκρίνει
909 2788 1000 2843 περὶ
1036 2786 1309 2830 ὀκτωκαίδεκα
1344 2786 1549 2843 μυριάδας

114 2846 253 2902 οὖσαν,
282 2853 371 2907 περὶ
388 2852 514 2908 ἥμισύ
538 2871 618 2896 που
637 2854 851 2910 ἀποφαίνει
882 2854 963 2908 τὴνἼ
976 2854 1290 2914 διακεκαυμένην
1308 2858 1380 2909 τῆς
1395 2853 1548 2909 μεταξὺ
