1820 3158
347 363 544 407 XXXVI
838 367 1242 411 PRAEFATIO.

454 475 540 517 Iam
569 478 611 517 in
643 476 726 516 fine
755 477 1027 521 adscribenda
1055 480 1175 522 nobis
1204 481 1420 531 videntur,
1462 496 1565 536 quae
1593 484 1644 524 de
1674 498 1745 525 ne-

345 544 536 583 cessariis
564 543 673 583 bono
702 543 914 597 interpreti
944 545 1207 600 qualitatibus
1237 548 1342 588 dixit
1370 546 1543 588 David
1579 550 1623 590 in
1650 564 1746 604 pro—

342 607 548 663 legomen.
584 610 627 648 in
664 607 988 670 Aristotelis
1029 611 1228 668 Categor.
1268 628 1307 668 p.
1337 617 1403 663 26,
1428 613 1455 654 b
1486 612 1743 668 (Brandis)²

343 676 407 715 δεῖ
428 674 499 715 τὸν
527 672 714 727 ἐξηγητὴν
741 673 800 727 μὴ
829 674 872 716 ἐκ
900 676 1048 725 παντὸς
1084 678 1237 732 τρόπου
1273 678 1487 730 βιάζεσθαι
1524 682 1590 721 καὶ
1625 680 1745 734 λέγειν

342 740 404 781 ὅτι
432 739 590 787 πάντως
625 738 814 792 ἀληθεύει
842 738 863 782 ὅ
893 740 1058 797 ἀρχαῖος
1086 742 1132 784 ὃν
1160 744 1371 797 ἐξηγεῖται,
1409 745 1510 786 ἀλλὰ
1540 750 1744 798 πανταχοῦ

342 805 526 860 ἐπιλέγειν
556 837 583 857 ,,
597 806 714 861 φίλος
742 804 763 848 ὁ
783 805 906 862 ἀνήρ,
934 809 1101 863 φιλ-τέρα
1119 806 1203 862 ὁὲῆ
1224 808 1437 862 amaeam.
1466 812 1530 853 ὁεῖ
1552 811 1671 853 αὐτὸν
1689 809 1746 864 μὴ

341 871 584 925 συμπάσχειν
622 872 767 928 αἱρέσει
795 874 898 926 τινί,
935 872 956 915 ὃ
986 874 1184 916 πέπονθεν
1219 873 1467 928 Ἰἁμβλιχος·
1516 866 1634 926 οῗπος
1667 876 1744 932 γὰρ

339 936 607 993 προσπάσχων
635 942 692 995 τῷ
719 938 933 990 Πλάτωνι,
974 941 1189 982 συνδίδωσι
1215 945 1273 997 τῷ
1295 940 1554 996 Ἀριστοτέλει
1582 942 1644 983 ὅτι
1675 942 1745 984 οὐκ

340 1003 526 1058 ἀντιλέγει
553 1007 611 1060 τῷ
629 1003 821 1046 Πλάτωνι
849 1005 915 1046 διὰ
943 1005 1016 1054 τὰς
1044 1006 1163 1054 ῗὸέας.
1195 1007 1258 1048 δεῖ
1274 1007 1397 1049 αὐτὸν
1417 1007 1474 1061 μὴ
1495 1007 1744 1060 ἀντιπάσχειν

339 1069 497 1126 αἱρέσει,
528 1068 659 1126 ὥσπερ
679 1069 948 1126 Ἀλέξανδρος.
979 1065 1097 1119 οὗτος
1123 1071 1198 1127 γὰρ
1228 1071 1481 1126 ἀντιπάσχων
1510 1078 1559 1129 τῇ
1588 1073 1747 1116 ἀθανα-

339 1137 406 1195 σίᾳ
433 1140 505 1190 τῆς
533 1140 667 1190 ψυχῆς
690 1140 763 1190 τῆς
790 1140 968 1192 λογικῆς,
997 1132 1071 1186 τὰς
1094 1137 1300 1193 εῗρημένας
1329 1136 1459 1195 ῥήσεις
1488 1139 1528 1180 ἓν
1547 1143 1605 1195 τῷ
1624 1140 1746 1195 τρίτῳ

337 1202 441 1259 λόγῳ
469 1206 526 1260 τῷ
554 1203 644 1258 περὶ
671 1201 901 1251 ἀθανασίας
934 1207 1007 1257 τῆς
1033 1207 1169 1257 ψυχῆς
1205 1205 1270 1245 καὶ
1307 1203 1642 1252 ἀποδεικνυοὺσας
1685 1204 1744 1245 ὅτι

337 1269 444 1311 ἐστὶν
472 1267 680 1318 ἀθάνατος
705 1267 861 1323 ἡψυχὴ
890 1273 1071 1325 πειρᾶται
1102 1273 1235 1311 πᾶσαν
1263 1269 1443 1325 στροφὴν
1458 1271 1743 1326 περιστρέφειν.

337 1334 481 1391 Neque
501 1337 612 1376 enim
641 1338 856 1391 quisquam
882 1335 1067 1390 profecto
1095 1338 1137 1376 in
1166 1350 1232 1377 me
1253 1338 1406 1390 poterit
1425 1336 1742 1390 reprehendere,

337 1410 407 1443 aut
425 1403 532 1457 quod
552 1401 677 1443 aliam
702 1401 1031 1457 philosophicam
1055 1403 1284 1443 doctrinam
1304 1401 1599 1443 Aristotelicae
1627 1416 1745 1456 prae-

336 1466 500 1508 tulerim
519 1468 820 1524 benigniusque
840 1469 1014 1509 foverim
1028 1497 1040 1517 ,
1069 1468 1111 1508 id
1131 1467 1241 1523 quod
1261 1468 1310 1508 de
1333 1468 1572 1509 Patricio
1601 1476 1743 1508 notum

337 1542 402 1574 est
430 1542 470 1574 et
497 1535 541 1574 in
569 1533 806 1575 Weissio
836 1548 968 1588 nuper
999 1535 1087 1574 iure
1124 1535 1372 1587 vituperavit
1411 1532 1744 1575 Trendelen-

337 1598 431 1640 bur
440 1601 581 1654 gius,
618 1607 689 1639 aut
725 1600 834 1654 quod
863 1613 987 1653 quem
1013 1598 1302 1653 explicandum
1329 1599 1433 1640 mihi
1460 1601 1744 1653 proposuerim

334 1667 589 1720 scriptorem,
620 1664 789 1719 ubique,
818 1666 943 1705 etiam
966 1666 1002 1706 si
1032 1673 1103 1705 aut
1129 1666 1376 1706 somniasset
1404 1673 1474 1706 aut
1501 1666 1743 1719 ineptiisset‚

335 1730 640 1771 defendendum
669 1732 915 1771 censuerim.
974 1728 1090 1772 Nulli
1116 1732 1227 1771 enim
1243 1729 1557 1785 philosophicae
1577 1730 1743 1772 scholae

336 1795 439 1836 mihi
467 1796 630 1836 addicto
658 1797 809 1837 idonea
838 1809 920 1836 non
951 1796 1094 1836 aderat
1123 1810 1271 1845 causa,
1313 1809 1384 1838 cur
1414 1804 1485 1837 aut
1513 1795 1621 1836 alios
1648 1795 1742 1836 Ari-

336 1860 498 1911 stoteli,
537 1870 608 1902 aut
632 1860 900 1903 Aristotelem
929 1859 1023 1901 aliis
1050 1860 1325 1914 praeferrem,
1370 1874 1502 1914 neque
1533 1875 1583 1901 eo
1612 1875 1741 1915 usque

335 1929 513 1982 ineptiae
541 1935 613 1968 aut
639 1928 902 1982 insipientiae
923 1940 1170 1981 progressus
1188 1940 1294 1976 sum,
1324 1934 1370 1966 ut
1397 1934 1596 1975 veterum,
1626 1941 1742 1982 prae-

335 1995 478 2035 sertim
494 1992 745 2043 Aristotelis,
774 1993 884 2034 dicta
912 2006 960 2033 ac
988 1991 1137 2046 placita
1156 2000 1364 2046 tamquam
1383 1991 1604 2034 Dodonaei
1629 1992 1740 2034 Iovis

335 2059 525 2113 Pythiive
540 2057 761 2114 Apollonis
787 2057 954 2100 oracula
980 2072 1074 2099 esse
1094 2058 1299 2098 audienda
1321 2072 1547 2108 censerem,
1577 2057 1740 2114 qualem

336 2127 466 2167 animi
492 2126 576 2166 mei
608 2127 883 2166 intentionem
919 2125 1126 2180 reperisse
1155 2123 1236 2165 sibi
1265 2123 1511 2165 videbantur
1551 2122 1740 2164 nonnulli

335 2193 379 2232 in
407 2192 559 2239 studio,
593 2193 701 2246 quod
727 2191 952 2232 hodienum
982 2204 1238 2244 nequaquam
1271 2189 1501 2240 dissimulo,
1530 2189 1740 2230 veteribus

336 2259 532 2313 quidquid
562 2259 662 2312 ipsis
700 2267 909 2312 tamquam
949 2258 1094 2311 primis
1124 2255 1361 2296 auctoribus
1391 2258 1447 2296 sit
1476 2256 1740 2297 tribuendum

335 2325 582 2365 vindicandi.
638 2322 800 2365 Vereor
829 2337 881 2364 ne
910 2322 1117 2372 acciderit,
1146 2330 1191 2362 ut
1220 2324 1309 2363 eius
1328 2323 1440 2364 modi
1469 2325 1650 2383 virorum
1679 2324 1740 2362 ni-

335 2391 460 2430 miam
489 2390 710 2444 aliquando
739 2390 1016 2444 arrogantiam
1044 2387 1285 2443 gloriaeque
1315 2390 1556 2443 cupedinem
1585 2388 1738 2429 invitus

335 2454 403 2507 (en
424 2468 490 2494 me
513 2457 678 2496 veniam
704 2454 1039 2509 implorantem!)
1066 2453 1271 2495 laeserim.

442 2518 601 2569 Restat,
622 2529 666 2560 ut
685 2519 938 2575 bibliopolae
956 2521 1253 2571 honestissimi,
1275 2522 1390 2562 cuius
1408 2517 1609 2560 sumtibus
1629 2530 1737 2556 nova

336 2584 438 2625 haec
465 2584 888 2640 Meteorologicorum
917 2585 1156 2628 Aristotelis
1194 2587 1239 2627 in
1265 2584 1399 2626 lucem
1434 2582 1569 2636 prodit
1595 2581 1736 2631 editio,

334 2649 650 2701 liberalitatem,
688 2664 770 2705 qua
798 2661 1012 2693 externam
1043 2651 1141 2692 libri
1167 2652 1317 2692 faciem
1343 2649 1578 2694 exornavit,
1616 2648 1736 2688 iustis

333 2714 526 2757 laudibus
550 2715 759 2757 extollam.
798 2716 989 2759 Alterum
1009 2716 1214 2766 volumen,
1244 2728 1322 2769 quo
1340 2711 1578 2754 absolvetur
1595 2713 1735 2762 editio,

335 2780 413 2822 hoc
430 2782 547 2836 prius
565 2783 702 2823 statim
722 2781 1009 2836 subsequetur.
1082 2781 1237 2834 Scripsi
1255 2793 1294 2820 a.
1309 2780 1348 2820 d.
1362 2777 1460 2819 XII.
1475 2775 1735 2819 Calend.Iul.

336 2848 432 2887 anni
461 2846 868 2890 MDCCCXXXIV.

1006 2900 1120 2947 lul.
1150 2901 1235 2946 Lu
1249 2900 1320 2945 do
1334 2899 1439 2944 vic.
1477 2899 1697 2945 eldeler.
