1774 3198
410 352 634 395 LIBRUM
665 351 992 401 SECUNDUM.
1049 350 1166 394 cAP.
1185 351 1254 393 111.
1454 341 1548 386 521

113 482 201 507 ταν.
231 463 389 520 κάκείνη
408 465 647 521 ἀρξαμένη,
676 462 725 507 τὸ
752 465 829 519 μὲν
852 466 1015 518 πρῶτον
1033 460 1085 504 τὰ
1114 459 1189 518 ὄρη
1221 459 1419 515 ἐξέβαινεν
1447 459 1552 514 (ἐξὲ-

114 535 274 590 φῃνεν),
302 533 347 576 ἐκ
363 533 553 589 δευτέρου
582 533 628 576 δὲ
656 531 922 589 ἒκροφήσασα
951 531 1018 574 καὶ
1044 529 1099 573 τὰ
1125 530 1245 573 πεδία
1273 526 1550 586 ἔπεγῦμνωσεν

115 601 449 656 (ἀπεγύμνωσεν).
481 603 517 643 εἷ
548 601 593 644 δὲ
612 599 762 651 δόξειεν
793 598 885 655 (ἐὰν,
909 599 954 642 δὲ
975 597 1093 655 δόξῃ)
1124 597 1228 654 αὖτῇ
1255 597 1321 640 και
1350 598 1461 651 (add.
1481 595 1548 653 τό)

112 670 251 723 τρίτον
288 669 435 712 ἐκπιεῖν
463 668 509 712 τὸ
538 668 677 726 υδωρ,
728 666 933 724 ἄχρηστος
971 664 1067 719 υμῖν
1107 663 1133 721 ἦ
1173 665 1292 721 τέχνη
1333 664 1552 722 γενήσεται.

104 735 196 778 ’Ότι
220 737 260 780 οἳ
287 736 383 786 τούς
414 738 645 793 κρείττονας
667 735 928 790 χλευάζοντες
955 733 1209 777 λανθάνουσι
1236 733 1429 788 μειζόνως
1457 732 1553 776 ἑαυ-

113 811 199 854 τοΐς
226 804 302 854 τὰς
331 804 471 855 ἀνοίας
507 805 550 855 ἐξ
586 804 720 848 αὐτῶν
758 804 1039 858 ἐπισπώμενοι.
1106 805 1168 844 Ut
1201 806 1421 858 proverbia
1457 805 1553 845 ada-

113 880 225 913 mant
244 876 390 914 Plato
413 883 453 916 et
469 875 789 916 Aristoteles
809 873 893 927 (qui
910 874 1150 927 singularem
1171 872 1222 912 de
1240 873 1389 926 adagiis
1401 873 1553 913 librum

38 959 43 962 ·
78 979 88 985 .,
113 943 367 995 conscripsit.
396 944 470 984 cfr.
497 942 645 982 Stahr
663 943 841 982 Aris-tot.
861 943 998 983 Vol.1.
1026 955 1069 995 p.
1093 941 1147 981 42
1166 955 1225 994 sq.
1247 943 1304 982 ΙΙ.
1335 946 1440 994 p.68
1460 939 1553 995 sq.),

111 1011 167 1049 ita
198 1010 376 1061 fabulas,
428 1010 537 1064 quod
566 1010 755 1050 cohaeret
781 1025 872 1050 cum
902 1010 1036 1050 studio
1063 1023 1228 1060 eorum,
1275 1009 1344 1049 ubi
1371 1016 1554 1063 possunt,

113 1085 346 1130 argumenta
380 1079 524 1132 populi
559 1078 757 1131 cogitandi
792 1078 916 1117 modo
948 1093 994 1117 ac
1021 1078 1169 1117 rationi
1199 1077 1428 1130 adaptandi.
1477 1079 1552 1118 cfr.

112 1148 228 1186 zell
254 1148 306 1186 ad
328 1148 430 1186 Em.
449 1149 615 1186 Nicom.
637 1147 739 1194 VII,
763 1149 827 1195 12,
847 1150 888 1185 3.
947 1144 1098 1197 (Aliam
1119 1158 1276 1184 causam
1302 1145 1477 1185 reddit·
1464 1161 1552 1198 ipse

113 1214 276 1253 Arist
295 1214 492 1265 Metapa.
524 1209 574 1262 α’,
597 1217 635 1251 2.
665 1228 706 1266 p.
727 1217 823 1260 982,
842 1213 892 1251 b·
922 1206 943 1251 ὃ
969 1209 1009 1251 δ’
1032 1209 1198 1266 ἀπορῶν
1227 1211 1295 1251 καὶ
1323 1210 1553 1265 θαυμάζων

115 1279 240 1322 σιἐται
270 1279 444 1334 ἀγνοεῖν·
493 1278 555 1320 διὸ
586 1278 653 1320 καὶ
683 1277 920 1335 φιλόμυθος
948 1274 969 1319 ὃ
996 1276 1226 1334 φιλόσοφός
1253 1295 1342 1328 πως
1369 1279 1491 1321 ἔστιν.
1530 1277 1552 1321 ὃ

112 1347 191 1403 γὰρ
226 1351 366 1400 μῦθος
402 1345 603 1402 σύγκειται
638 1363 682 1388 εκ
711 1345 990 1400 θαυμασίων).
1058 1339 1127 1388 Ad
1165 1349 1362 1402 Aesopi
1399 1350 1554 1388 fabulas

111 1424 309 1470 provocat
327 1423 487 1470 praeter
509 1417 617 1455 hunc
633 1418 767 1456 locum
787 1416 963 1455 Rhetor.
985 1419 1035 1465 II,
1057 1420 1123 1455 20.
1154 1416 1205 1454 de
1218 1424 1360 1466 partt.
1382 1417 1554 1457 animal.

113 1488 182 1535 ΠΙ,
208 1490 234 1524 2
249 1516 259 1536 ‚
293 1498 463 1537 quocum
484 1473 709 1536 posteriore
727 1485 817 1523 loco
841 1485 916 1522 cfr.
934 1484 1109 1529 fabulam
1128 1499 1180 1523 ex
1201 1484 1337 1523 Babrii
1358 1483 1555 1523 choliam-

112 1553 173 1592 bis
205 1553 366 1591 ductam
404 1553 514 1604 apud
553 1552 834 1605 Tyrwhitt
868 1553 1099 1590 Dissertat.
1129 1552 1177 1590 de
1203 1551 1338 1592 Babr.
1367 1566 1409 1604 p.
1431 1556 1484 1592 39
1515 1559 1556 1592 et

115 1620 400 1660 Schneider
429 1619 480 1658 ad
498 1619 702 1660 Vitruv.
731 1622 804 1661 III.
832 1619 982 1670 Praes.
1002 1619 1037 1670 §.
1054 1623 1091 1659 1.
1129 1622 1181 1660 II.
1201 1622 1347 1672 p.157.
1368 1641 1423 1648 —
1451 1615 1555 1659 ὓπο-

115 1687 289 1738 λείψειν,
332 1684 486 1727 ἄτοπον
513 1689 595 1726 τῶν
625 1683 828 1726 Αἰσώπου
855 1683 1006 1740 μύθων
1037 1684 1164 1727 οὐθὲν
1198 1685 1392 1742 διαφέρον
1431 1685 1555 1741 λέγειν

114 1753 239 1795 ἴοικεν
268 1756 358 1795 vult
377 1756 428 1794 G.
451 1777 507 1784 --
537 1752 582 1794 δὲ
609 1762 702 1794 ante
730 1751 917 1809 δεύτερον
936 1756 1127 1795 omittunt
1145 1756 1199 1810 A.
1217 1757 1324 1796 Cam.
1337 1757 1377 1794 S.
1392 1757 1479 1795 Cas.
1499 1777 1555 1783 -—-

116 1819 219 1878 ξηρὰ
237 1837 312 1875 pro
331 1820 457 1876 ξηράν
477 1810 545 1876 ’γ-ρ-
568 1820 653 1860 Cas.
672 1843 727 1852 —
755 1819 889 1863 πάντα
911 1837 988 1875 pro
1006 1820 1176 1875 πάμπαν
1197 1826 1244 1863 F.
1259 1813 1446 1878 CamQ-r—p-
1464 1827 1553 1866 Cas.

228 1890 267 1930 4.
294 1886 468 1942 ἥρμοζεν
495 1904 570 1943 pro
589 1886 790 1943 ’ἥρμοττεν
808 1891 858 1930 N.
879 1912 936 1920 -—
961 1887 1033 1930 τόν
1051 1892 1193 1942 μῦθον
1218 1891 1355 1930 addito
1385 1894 1555 1932 articulo

115 1959 226 1998 Cam.
247 1959 292 1998 P.
319 1959 362 1997 S.
386 1959 473 1997 Cas.
501 1980 557 1987 —-
584 1954 807 2004 τούτους
833 1972 911 2010 pro
937 1954 1095 1998 τούτων
1122 1961 1171 1999 Ε.
1207 1961 1328 1999 τοῦτο
1361 1959 1411 1999 A.
1442 1962 1553 2001 Cam.

114 2015 282 2078 {Q—Cas.
319 2046 378 2054 -—-
421 2025 613 2066 Vicom.
642 2031 688 2065 ut
714 2027 927 2065 nonulli
954 2025 1049 2066 hoc
1077 2041 1277 2081 quoque
1306 2028 1468 2069 aiunt.
1498 2052 1556 2058 --

113 2095 210 2134 Post
237 2092 336 2132 ἰδεῖν
365 2091 417 2132 Α.
446 2094 595 2146 repetit
622 2090 698 2133 εἴτε
729 2090 796 2132 διὰ
821 2090 968 2147 βάρος.

229 2163 268 2200 5.
296 2156 322 2212 ἢ
342 2167 434 2199 ante
454 2157 562 2213 εἴπερ
585 2161 698 2199 deest
719 2161 826 2213 apud
846 2163 895 2200 E.
919 2182 971 2188 —
1001 2158 1142 2214 μέχρις
1170 2152 1293 2214 οὗπερ
1325 2163 1556 2215 scripsimus

118 2241 210 2267 cum
223 2229 276 2279 Ε.
298 2224 346 2266 Ε.
378 2226 533 2267 Omnes
552 2229 724 2280 reliqui,
753 2228 897 2280 quibus
920 2229 1183 2282 adstipulatus
1203 2236 1262 2268 est
1282 2231 1412 2270 Bekk.
1439 2229 1557 2285 μέχρι

119 2286 180 2334 οὗ.
223 2295 309 2334 Cfr.
333 2308 434 2346 qnae
452 2301 591 2333 contra
614 2294 893 2334 Heindorf.
918 2295 970 2335 ad
991 2297 1190 2335 Platon.
1210 2297 1425 2336 Phaedon.
1446 2313 1486 2351 p.
1500 2302 1557 2338 27

118 2367 364 2401 monuerunt
389 2362 694 2400 Lobeckius
720 2361 772 2400 ad
800 2361 992 2414 Phryn.
1022 2376 1065 2414 p.
1090 2362 1154 2402 14.
1203 2363 1470 2404 Hermann
1505 2366 1558 2405 ad

120 2428 146 2467 S
162 2428 375 2481 ophocl.
416 2429 543 2468 Azao.
574 2432 670 2469 568.
736 2429 856 2469 Adde
895 2430 1078 2477 Jacobs
1116 2430 1167 2469 ad
1205 2430 1400 2471 Achill.
1441 2434 1554 2473 Tat.

118 2510 157 2550 p.
171 2497 267 2536 479.
281 2517 329 2524 —
364 2493 575 2545 λείπεσθαι
594 2510 671 2548 pro
692 2490 986 2537 ὑπολείπεσθαι
1006 2499 1054 2537 E.
1076 2519 1132 2527 -
1161 2496 1220 2550 ξη
1233 2512 1256 2551 ρ
1270 2495 1402 2551 ανθή
1416 2513 1558 2540 σεται

117 2578 194 2617 pro
214 2563 462 2616 ξηρανεῖται,
495 2563 604 2615 quod
623 2564 657 2612 §.
672 2567 697 2603 8
699 2565 899 2626 Ερωτὶῒ,
920 2566 967 2604 F.
979 2566 1091 2605 Cam.
1104 2566 1150 2604 P.
1165 2564 1205 2605 S.
1226 2567 1314 2605 Cas.
1333 2588 1384 2595 —
1415 2557 1558 2622 ὂφθῆ-

120 2646 231 2672 σεται
247 2646 323 2684 pro
347 2627 553 2684 φθήσεται
573 2632 682 2671 Cam.
703 2646 768 2686 γρ.
796 2632 885 2671 cas.
913 2653 969 2661 —
1011 2631 1079 2672 καὶ
1109 2631 1367 2687 προανελθὸν
1402 2649 1480 2689 pro
1507 2633 1555 2676 τὸ

121 2695 378 2754 προανελθόν
405 2700 455 2739 Ε.
477 2698 532 2738 A.

234 2770 276 2809 6.
304 2763 451 2806 παύσει
479 2767 551 2818 τῆς
579 2767 734 2820 φορᾶς,
766 2766 914 2805 omisso
931 2780 1015 2817 τις,
1043 2767 1086 2807 in
1104 2782 1177 2808 suo
1203 2771 1387 2823 repperit
1404 2772 1458 2813 G.
1487 2770 1558 2811 sed

122 2834 200 2872 iam
227 2834 414 2874 conexit.
450 2854 503 2864 —
552 2831 776 2887 ἀναχωρῶν
802 2848 880 2888 pro
908 2830 1134 2890 ἀποχωρῶν
1172 2838 1226 2877 N.
1265 2853 1327 2891 γο.
1358 2839 1444 2878 Cas.
