1760 3138
228 349 303 390 ET
329 347 547 389 OLYMP.
570 348 631 388 IN
651 348 835 389 ARIST.
855 347 1190 389 METEOROL.
1219 347 1328 388 LIB.
1348 349 1404 388 Π.
1464 340 1560 384 273

116 464 198 503 λῶν
227 459 360 515 πηγὰς
388 458 560 516 ῥεούσας
590 457 771 514 ἆλμυρόν
800 458 974 513 ἐχούσας
991 457 1129 516 ὕδωρ.
1159 457 1254 502 ἀλλ’
1280 453 1362 516 ἆρα
1389 458 1448 513 μὴ
1480 458 1560 502 ἀπὸ

114 533 198 571 τῶν
222 526 504 584 χειροκμήτων
534 529 747 583 εἰσρεῖται;
776 528 873 570 οὐδὲ
901 532 1038 570 τοῦτο.
1078 526 1175 569 ὀὐδὲ
1203 526 1282 583 γὰρ
1309 525 1390 570 ὑπὸ
1419 527 1563 582 τέχνης

114 594 419 652 ῧὸροφαντικῆς
453 593 652 637 θάλασσα
688 596 849 650 γίνεται.
905 595 1000 638 ἀλλ)
1033 589 1116 652 ἆρα
1142 594 1200 650 μὴ
1232 595 1296 636 ἐπὶ
1326 598 1409 637 τῶν
1437 594 1561 637 αὖτο-

113 664 257 718 μάτων
268 683 282 718 ,·
318 663 425 718 μηδὲ
454 666 590 704 τοῦτο.
634 662 730 705 οὐδὲ
758 663 835 719 γὰρ
867 663 947 706 ἀπὸ
979 666 1062 706 τῶν
1088 667 1225 719 μερῶν
1251 661 1299 704 τὸ
1329 662 1427 706 ὅλον
1454 665 1561 719 γίνε-

116 748 198 774 ται.
242 730 318 773 οὐκ·
347 730 524 786 ἠδύνατο
556 725 629 773 οὗν
658 730 738 773 ἀπὸ
767 730 966 774 τοιούτων
994 736 1133 787 πηγῶν
1161 734 1337 787 μερικῶν
1357 732 1561 787 γίνεσθαι

115 797 140 853 ἢ
165 799 359 841 θάλασσα
386 796 538 854 ὗλότης
567 794 671 841 οὖσα
698 803 772 841 τοῦ
801 798 955 849 παντὸς
981 799 1143 849 ὓδατος.
1186 801 1360 841 λείπεται
1391 797 1472 855 ἄρα
1499 797 1559 853 μὴ

114 864 215 920 ἔχειν
244 866 377 921 πηγὰς
406 864 559 916 ἆλυκάς
587 866 662 922 τὴν
688 866 932 920 θάλασσαν,
975 865 1053 923 ὑφ’
1089 860 1146 909 ὧν
1175 868 1377 923 εἷσρεῖται.
1428 865 1577 916 οὕτως

114 934 315 989 διελέγξας
342 934 418 989 τὴν
449 935 650 990 τοιαύτην·
672 932 874 977 ὑπόθεσιν
905 932 1176 992 ὃφιλόσοφος
1202 934 1388 990 τρέπεται
1418 934 1482 975 ἐπὶ
1510 933 1558 976 τὸ

114 1003 296 1044 ἐναντιόν
328 1004 393 1044 καὶ
424 1009 641 1059 συνηγορεῖ
663 1009 750 1052 τοῖς
779 1003 988 1052 ἐναντίοις.
1050 1003 1164 1044 δοκεῖ
1199 1001 1278 1057 γὰρ
1319 1001 1419 1050 ἴσως
1457 1003 1559 1057 φησὶ

113 1069 246 1124 πηγὰς
274 1069 375 1123 ἔχειν
402 1067 428 1124 ἦ
459 1069 676 1121 θάλασσα,
716 1069 852 1124 ἐπειδὴ
884 1068 984 1126 ῥυτή
1016 1069 1114 1111 ἐστι.
1174 1067 1276 1126 ῥυτὴ
1314 1069 1360 1110 δὲ
1387 1056 1560 1125 ὑπάρχει

114 1137 182 1178 διὰ
214 1141 487 1192 συλλογισμοῦ
514 1136 713 1180 τοιούτου.
760 1135 786 1192 ἦ
814 1136 1014 1179 θάλασσα
1044 1135 1168 1194 ῥυτὸν
1196 1135 1273 1190 ἕχει
1303 1134 1432 1192 ὕδωρ.
1475 1141 1558 1179 πᾶν

116 1203 238 1261 ῥυτὸν
265 1203 378 1261 ὕδωρ
407 1203 540 1260 πηγὰς
570 1205 660 1258 ἔχει.
694 1203 720 1260 ἡ
749 1204 950 1247 θάλασσα
979 1203 1062 1260 ἄρα
1090 1203 1340 1260 πηγᾶςῖχει.
1373 1203 1470 1246 ἀλλ’.
1493 1205 1559 1247 ἐν-

111 1276 253 1318 ταῦθα
278 1271 354 1326 τὴν
381 1271 548 1328 πρώτην
575 1272 774 1329 πρότασιν
805 1273 879 1315 οὐκ
908 1271 1197 1326 ἀποδεξόμεθα
1233 1271 1309 1326 τὴν
1347 1273 1556 1328 λέγουσαν,

112 1338 175 1381 ὅτι
204 1343 285 1381 πᾶν
315 1338 438 1396 ῥυτὸν
467 1339 544 1394 ἔχει
573 1340 719 1396 πηγάς.
767 1340 814 1383 οὗ
843 1340 921 1398 γὰρ
951 1341 1116 1383 πάντων
1145 1340 1222 1393 ἔχει
1251 1339 1390 1395 πηγάς.
1419 1342 1464 1382 τί
1478 1340 1556 1396 γὰρ

111 1408 146 1448 εἶ
174 1406 240 1448 διὰ
267 1407 341 1462 τὴν
370 1408 489 1449 θέσιν
515 1408 646 1450 τόπου
676 1409 760 1451 ἐστὶ
793 1407 940 1465 ῥυτόν,
972 1406 1027 1458 ὡς
1051 1406 1151 1450 ὅταν
1180 1406 1261 1449 ἀπὸ
1290 1405 1456 1462 ῦψηλοῦ
1485 1407 1557 1450 τό-

103 1478 190 1516 'nov
211 1475 274 1516 ἐπὶ
293 1474 364 1517 τὸν
382 1479 519 1518 κοῖλον
541 1474 609 1533 ῥεῖ.
638 1476 745 1530 τάχα
774 1477 831 1518 δὲ·
849 1476 975 1532 ἄμφω
1006 1476 1048 1518 αἶ
1074 1477 1199 1517 αἰτίαι
1216 1476 1272 1524 εἷς
1292 1475 1441 1518 ταύτὸν
1461 1493 1557 1525 συν-

110 1542 310 1597 τρέχουσι.
351 1545 418 1585 καὶ
447 1543 524 1599 γὰρ
553 1544 592 1586 οἱ
620 1543 788 1599 μεγάλοι
826 1545 1005 1596 ποταμοὶ
1035 1543 1278 1596 εἷσβάλοιεν,
1317 1542 1436 1597 ἠϊόνα
1464 1560 1556 1585 ποι-

112 1614 248 1658 οῦντες
279 1611 322 1652 ἐν
352 1617 440 1660 τοῖς
470 1613 652 1664 στομίοις
673 1612 741 1652 διὰ
759 1610 833 1664 τὴν
857 1611 899 1660 ἐξ
920 1610 1056 1653 αὐτῶν
1075 1609 1287 1665 γινομένην
1306 1609 1556 1666 πρόσχωσιν,

112 1675 403 1731 ἀναγκάζουσιν
442 1675 497 1727 ὡς
536 1677 618 1719 ἀπὸ
655 1675 822 1731 ῦψηλοῦ
862 1676 992 1720 τόπου
1031 1678 1232 1734 φέρεσθαι
1268 1676 1316 1718 τὸ
1347 1676 1461 1733 ὕδωρ
1492 1678 1557 1720 ἐπὶ

110 1744 189 1797 τόν
219 1748 370 1787 κοῖλον.
415 1746 481 1787 καὶ
512 1744 620 1787 οὕτω
650 1744 772 1802 ῥυτὸν
803 1743 913 1788 εἶναι·
949 1746 1015 1787 καὶ
1052 1744 1110 1800 μὴ
1151 1743 1362 1798 στάσιμον.
1421 1744 1556 1800 ἐπειδὴ

112 1806 186 1853 οῦν
215 1811 323 1854 οὕτω
353 1814 566 1867 συμβαίνει
594 1812 668 1867 τὴν
698 1811 914 1855 θάλατταν
940 1814 1007 1854 καὶ
1023 1810 1103 1855 ὑπὸ
1121 1810 1307 1867 μεγάλων
1329 1813 1556 1868 εἷσρεῖσθαι

111 1883 307 1933 ποταμῶν
334 1881 400 1922 καὶ
422 1880 780 1936 προσχώννυσθαι,
812 1882 936 1934 δῆλον
957 1879 1019 1922 ὅτι
1048 1870 1124 1923 καὶι
1145 1878 1245 1936 ῥυτή
1278 1880 1363 1921 ἐστι
1391 1882 1458 1922 καὶ
1480 1880 1554 1938 ῥεῖ,

110 1947 176 1988 καὶ
207 1947 254 1988 οὐ
283 1946 396 2003 παρὰ
417 1952 538 2000 τοῦτο
562 1948 695 2004 πηγὰς
716 1947 808 2002 ἔχει.
839 1947 932 1990 ἀλλ’
957 1947 1005 1990 οὐ
1037 1951 1224 2003 πανταχῇ
1254 1948 1452 2002 ἐλέγχεται
1482 1948 1557 2006 ῥυ·-

109 2013 158 2067 τὴ
190 2008 307 2056 οὖσα.
356 2015 462 2057 ἀλλὰ
488 2015 617 2070 μόνον
647 2017 690 2058 ἐν
725 2023 813 2065 τοῖς
850 2020 1083 2072 πορθμοῖς,
1124 2015 1259 2071 ὥσπερ
1293 2015 1336 2056 ἐν
1365 2020 1423 2073 τῷ
1451 2017 1554 2058 κατὰ

109 2080 182 2123 τὸν
211 2081 430 2138 Βόσπορον
459 2087 641 2140 πορθμῷ
670 2085 737 2125 καὶ
765 2088 825 2142 τῷ
851 2084 958 2126 κατὰ
977 2082 1239 2138 Καλχηδόνα.
1272 2082 1457 2124 ἐνταῦθα
1475 2083 1554 2140 γὰρ

111 2151 297 2204 φαίνεται
340 2149 489 2206 ῥέουσα
517 2148 542 2205 ἦ
572 2150 771 2194 θάλασσα
803 2153 919 2207 δίκην
947 2155 1159 2205 ποταμοῦ,
1206 2151 1274 2192 διὰ
1304 2150 1351 2192 τὸ
1383 2153 1555 2205 πλησίον

111 2213 211 2257 εἶναι
239 2216 291 2257 τὰ
317 2217 572 2274 παρεκάτερα
600 2223 676 2273 τῆς
702 2219 935 2274 θαλάσσης.
996 2220 1155 2261 ἐκείνων
1192 2218 1270 2273 γὰρ
1311 2217 1552 2271 ἱσταμένων,

111 2283 310 2338 ἐλέγχεται
339 2282 430 2339 ῥέον
457 2284 504 2327 τὸ
531 2284 659 2342 ὕδωρ.
689 2286 821 2328 ἶστέον
839 2287 931 2343 γάρ,
963 2285 1025 2328 ὅτι
1043 2284 1276 2339 κινούμενον
1304 2302 1554 2340 παρακινου-

110 2350 236 2404 μένου
266 2349 340 2392 οῦκ
369 2351 566 2406 ἐλέγχεται
596 2354 700 2395 κατὰ
726 2354 802 2408 τὴν
831 2356 998 2409 κίνησιν.
1037 2351 1270 2406 κινούμενον
1295 2353 1340 2394 δὲ
1369 2354 1555 2409 παραμέ-

111 2433 254 2466 νοντος
283 2417 493 2472 ἐλέγχεται.
532 2424 654 2462 τοῦτο
685 2421 730 2462 δὲ
753 2422 925 2475 γίνεται,
966 2420 1101 2474 ἐπειδὴ
1134 2418 1321 2461 καθόλου
1350 2419 1402 2461 τὰ
1431 2419 1554 2474 ὅμοια

111 2484 308 2527 λανθάνει
340 2486 382 2527 ἐν
411 2492 498 2535 τοῖς
526 2484 692 2539 ὁμοίοις.
732 2488 929 2542 ἐλέγχεται
959 2488 1004 2529 δὲ
1032 2486 1085 2529 τὰ
1114 2485 1289 2539 ἀνόμοια
1318 2487 1360 2528 ἐν
1390 2494 1475 2537 τοῖς
1504 2487 1554 2530 ἀ-

111 2554 303 2605 νομοίοις.
349 2552 480 2603 οὕτως
509 2549 582 2596 οὗν
613 2555 654 2596 ἐν
686 2555 827 2608 μέλανι
860 2555 966 2612 ξύλῳ
997 2553 1118 2596 λευκὰ
1147 2553 1368 2609 γράμματα
1395 2555 1554 2612 γράφο-

111 2637 209 2673 μεν,
260 2621 303 2662 ἐν
339 2621 383 2663 δὲ
422 2625 551 2678 λευκῷ
589 2621 746 2674 μέλανα
783 2621 851 2663 διὰ
881 2622 927 2664 τὸ
958 2621 1207 2676 ἐλέγχεσθαι.
1259 2622 1294 2663 εἲ
1320 2621 1398 2676 γὰρ
1431 2622 1554 2676 ὅμοια

113 2686 326 2742 γράψομεν
355 2687 404 2730 οὗ
435 2689 717 2745 ὃιελέγχονται.
758 2688 866 2732 οὕτω
895 2689 972 2747 γὰρ
1003 2690 1069 2732 καὶ
1096 2693 1180 2731 νῦν.
1224 2689 1358 2743 ἐπειδὴ
1388 2690 1489 2746 παρ’
1515 2689 1556 2732 ἒ-

115 2754 264 2812 κάτερα
293 2756 478 2812 φαίνεται
507 2755 534 2811 ἦ
564 2761 613 2812 γῆ
643 2757 837 2812 ἱσταμένη
877 2757 919 2799 ἐν
958 2764 1043 2806 τοῖς
1082 2760 1315 2810 πορθμοῖς,
1370 2759 1555 2813 φαίνεται

1160 2830 1212 2865 18
