1774 3198
341 362 433 404 524
553 368 996 410 COMMENTARIUS
1025 365 1088 410 INv
1111 371 1508 420 METEOROLOG.

339 477 384 519 τὸ
413 477 571 532 μέτρον.
609 476 665 516 δι’
690 475 712 518 ὃ
731 476 801 518 τὸν
828 477 902 530 μὲν
932 478 1098 532 ποιητὴν
1127 479 1278 521 δίκαιον
1305 483 1446 530 καλεῖν,
1482 479 1551 522 τὸν
1578 482 1625 526 δὲ
1651 497 1729 537 φυ-

339 543 520 596 σιολόγον
545 545 700 595 μᾶλλον
727 541 752 595 ἢ
773 541 953 597 ποιητήν.
1009 546 1187 586 Pertinet
1205 562 1300 588 vero
1319 548 1396 587 huc
1411 549 1603 600 imprimis
1622 549 1729 589 Ari-

338 611 545 650 stotelis
571 610 621 649 de
638 611 878 663 Empedoele
896 612 1096 663 iudicium,
1125 615 1232 665 quod
1255 616 1368 653 nobis
1389 615 1564 654 servavit
1588 616 1729 666 Diog.

337 678 524 726 V111‚57.
539 679 693 729 p.529:
709 673 982 730 Ἀριστοτέλης
999 701 1055 709 -
1073 677 1115 719 ἐν
1128 682 1185 734 τῷ
1203 680 1290 734 περὶ
1318 681 1491 732 ποιητῶν
1510 680 1642 733 φησίν,
1669 677 1730 720 ὅτι

338 743 403 782 καὶ
426 739 645 796 ιΟμηρικὸς
671 737 692 782 ὅ
713 739 979 796 Ἐμπεδοκλῆς
1003 743 1066 784 καὶ
1085 743 1210 793 δεινὸς
1227 745 1313 798 περὶ
1331 743 1403 798 τὴν
1423 743 1570 799 φράσιν
1588 742 1730 798 γε’γονε,

337 824 366 859 μ
379 823 535 862 εταφο
548 804 688 860 ρικός
713 823 762 849 τε
791 806 855 849 ὢν
884 809 949 849 καὶ
965 814 1049 857 τοῖς
1069 808 1204 858 ἄλλοις
1219 816 1304 858 τοῖς
1323 811 1409 864 περὶ
1425 809 1629 864 ποιητικὴν
1646 810 1730 850 ἔπι-

335 870 523 927 τεῦγμασι
537 873 753 927 χρώμενος.
781 876 951 915 Rhetor.
969 879 1036 925 III,
1058 879 1103 917 5:
1128 880 1253 917 ταῦτα
1271 876 1337 925 δέ,
1367 875 1415 918 ἂν
1432 876 1488 929 μὴ
1504 876 1555 917 τὰ
1575 876 1731 917 ε’ναντιά

335 940 588 994 προαίρηται,
615 938 710 993 ὅπερ
730 943 922 990 ποιοῦσιν,
950 939 1046 982 ὅταν
1063 942 1190 994 μηδὲν
1215 942 1288 995 μὲν
1315 941 1432 993 ἔχωσι
1460 941 1579 997 λέγειν
1605 956 1731 996 προσ-

336 1009 525 1047 ποιῶνται
553 1005 601 1046 δέ
615 1022 651 1047 τι
669 1006 802 1061 λέγειν.
833 1006 869 1048 οἱ
886 1005 961 1062 γὰρ
990 1011 1162 1063 τοιοῦτοι
1190 1008 1231 1049 ἓν
1247 1006 1398 1062 ποιήσει
1417 1008 1570 1062 λέγουσι
1589 1011 1730 1058 ταῦτα,

337 1070 422 1114 οἷον
444 1072 738 1125 Ἐμπεδοκλῆς,
767 1075 836 1113 ubi
853 1076 926 1114 cfr.
944 1090 1042 1127 quae
1060 1077 1212 1115 monuit
1229 1076 1387 1115 Buhle
1404 1077 1496 1114 Vol.
1509 1078 1622 1127 IV.p.
1635 1077 1728 1115 514.

334 1156 394 1169 -·
402 1140 517 1178 Adde
526 1141 718 1190 Metaph.
730 1138 780 1187 α’,
794 1146 830 1180 9.
843 1155 880 1192 p.
893 1145 984 1190 991,
997 1156 1038 1180 a:
1056 1143 1271 1195 κενολογεῖν
1289 1140 1370 1181 ἐστι
1388 1140 1453 1181 καὶ
1473 1139 1592 1193 λέγειν
1607 1155 1730 1191 μετα-

335 1203 465 1259 φορὰς
482 1203 759 1257 ποιητικάς.-
778 1199 894 1253 οὗτος
903 1221 976 1258 pro
988 1205 1114 1253 οὕτως
1122 1209 1173 1246 Ν.
1189 1229 1242 1237 —
1257 1209 1376 1246 Recte
1396 1207 1538 1246 deinde
1560 1207 1731 1245 sehabet

335 1271 496 1322 ἱκανῶς,
524 1271 630 1322 quod
649 1279 709 1310 est
725 1273 961 1324 qualitatis,
981 1287 1071 1311 cum
1089 1270 1176 1319 ἅλις
1194 1275 1243 1311 sit
1259 1275 1520 1325 quantitatis·
1550 1274 1633 1312 Cfr.
1653 1273 1730 1309 im·-

334 1339 471 1390 primis
486 1338 626 1376 Etkic.
641 1340 803 1377 Νιοοηι,
826 1340 859 1377 Ι.
877 1343 1050 1390 p-1096,
1069 1352 1109 1376 a:
1139 1338 1203 1378 καὶ
1222 1338 1309 1390 περὶ
1327 1337 1400 1390 μὲν
1417 1336 1569 1377 τούτων
1599 1334 1726 1383 ἅλις·

335 1402 522 1448 ἱκανῶς
556 1400 631 1478 ζὰρ
665 1402 730 1442 καὶ
758 1402 799 1442 ἐν
826 1407 911 1450 τοῖς
940 1403 1152 1456 ἐγκυκλίως
1185 1403 1336 1457 εἴρηται
1373 1403 1460 1455 περὶ
1496 1401 1637 1443 αὐτῶν.
1674 1426 1730 1433 —-

335 1464 574 1509 Adverba‘
529 1484 578 1547 ἴη
598 1466 691 1521 γὰρ
718 1467 991 1522 μεταφορὰ
1018 1467 1284 1520 ποιητικόν
1312 1472 1384 1509 cfr.
1404 1470 1575 1519 Rhetor.
1595 1472 1661 1518 ΙΠ,
1682 1474 1728 1508 2:

334 1535 377 1576 τί
399 1534 472 1587 μὲν
501 1550 573 1574 ουν
599 1532 753 1574 τούτων
779 1533 945 1575 ε’καστόν
971 1535 1053 1576 ἐστι
1081 1536 1145 1575 καὶ
1162 1533 1268 1575 πόσα
1286 1534 1368 1587 εἴδη
1387 1538 1635 1589 μεταφορᾶς,
1666 1535 1730 1574 καὶ

336 1600 397 1642 ὅτι
425 1603 544 1641 τοῦτο
573 1602 756 1641 πλεῖστον
784 1599 969 1649 δύναται,
1011 1602 1076 1642 καὶ
1104 1601 1145 1641 ἐν
1181 1599 1378 1653 ποιήσει
1416 1600 1480 1641 καὶ
1515 1599 1556 1641 ἓν
1585 1599 1729 1653 λόγοις,

336 1667 377 1708 αἱ
395 1666 634 1720 μεταφοραί,
661 1665 836 1719 εἴρηται,
867 1665 1052 1722 καθάπερ
1080 1666 1260 1722 ἐλέγομεν
1288 1667 1328 1707 ἐν
1354 1672 1439 1715 τοῖς
1465 1668 1553 1722 περὶ
1580 1682 1732 1720 ποιητι-

335 1737 415 1787 κῆς.
438 1755 492 1764 -
519 1731 592 1785 τήν
618 1740 709 1772 ante
736 1731 855 1787 φύσιν
876 1748 955 1773 om.
977 1736 1021 1774 P.

447 1805 511 1839 13.
541 1798 724 1838 ἐντεῦθεν
742 1814 817 1851 pro
832 1799 1010 1840 ἐνταῦθα
1027 1802 1074 1841 Ε.
1097 1790 1291 1853 Cam.-239—.
1317 1801 1405 1841 Cas.
1435 1821 1490 1832 -
1534 1799 1656 1851 δῆλον
1683 1796 1729 1840 τό

334 1868 419 1912 πῶς
445 1867 580 1904 addito
607 1867 771 1905 articulo
799 1869 843 1906 Ρ.
860 1889 916 1897 -·
945 1862 1029 1906 οἷον
1055 1864 1301 1918 γλυκυτάτου
1328 1865 1451 1918 μόνον
1476 1868 1637 1906 inverso
1664 1881 1732 1905 or-

336 1934 427 1971 dine
454 1932 675 1981 omissoque
701 1933 865 1970 articulo
886 1935 933 1971 F.
959 1933 1027 1983 qui
1045 1933 1186 1970 deinde
1206 1934 1368 1984 praebet
1389 1934 1504 1970 etiam
1523 1930 1732 1983 συμμιγέν-

335 2012 416 2043 τος.
435 2015 490 2025 ³-
511 1993 616 2042 τινός
644 1997 753 2035 deest
783 1998 889 2048 apud
917 1999 1023 2036 Cam.
1043 1999 1088 2037 Ρ.
1109 2000 1149 2036 S.
1172 1999 1260 2037 Cas.
1280 2020 1335 2026 -—
1374 1999 1584 2037 Caeterum
1612 1999 1732 2035 salsae

335 2064 557 2104 redduntur
576 2077 719 2114 aquae,
748 2077 837 2101 cum
858 2065 943 2114 ipse
966 2065 1062 2102 cinis
1079 2065 1310 2115 salsuginem
1331 2078 1426 2115 prae
1445 2078 1486 2102 se
1505 2065 1617 2103 ferat.
1659 2065 1730 2102 cfr.

336 2129 681 2181 Theophrast.
714 2130 761 2167 de
781 2130 1118 2180 canemplantar.
1142 2132 1195 2177 V,
1222 2135 1260 2181 6,
1282 2135 1344 2172 10..
1372 2144 1414 2182 p.
1439 2134 1530 2179 552,
1555 2131 1621 2183 qui
1642 2131 1734 2170 dicit

336 2199 468 2236 cinere
493 2202 606 2234 rutae
636 2196 831 2234 radicibus
859 2196 1037 2247 insperso
1063 2196 1163 2234 hanc
1188 2197 1361 2247 plantam
1391 2211 1442 2234 ex
1467 2199 1546 2235 sale
1566 2198 1731 2236 admisto

336 2265 410 2303 sibi
437 2263 665 2302 alimentum
693 2261 874 2300 trahere:
909 2260 1106 2312 βοηθειάν
1132 2260 1221 2301 τινὰ
1249 2259 1346 2312 ἔχειν
1377 2259 1571 2314 εὔκαιρον,
1602 2259 1731 2314 ὥσπερ

336 2329 402 2378 καὶ
430 2326 503 2380 τὴν
530 2325 681 2381 τέφραν
706 2327 975 2379 παττομένην,
1014 2325 1088 2366 ειτ’
1122 2342 1192 2367 ουν
1219 2325 1318 2379 πρὸς
1346 2326 1392 2367 τὸ
1420 2326 1476 2380 μὴ
1505 2330 1731 2379 σκωληκοῦ-

337 2398 437 2435 σθαι
465 2392 538 2440 τὰς
567 2391 689 2447 ῥιζας,
719 2391 793 2433 εἶτε
822 2393 888 2432 καὶ
916 2391 1015 2446 πρὸς
1042 2390 1087 2433 τὸ
1117 2392 1337 2463 τρέφεσθῐαι
1364 2396 1414 2447 τῇ
1442 2391 1561 2447 ἅλμῃ.
1615 2394 1732 2433 Adde

336 2462 548 2500 Aristot.
578 2461 626 2498 de
644 2474 765 2498 sensu
785 2468 824 2498 et
842 2462 977 2499 sensit.
998 2473 1031 2500 c.
1043 2461 1090 2500 4·
1122 2444 1329 2513 φαίνονται
1351 2457 1390 2500 δ’
1415 2457 1452 2498 οἱ
1474 2458 1594 2510 χυμοὶ
1623 2455 1731 2498 ὅσοι-

337 2542 409 2579 περ
438 2525 503 2565 καὶ
532 2523 573 2565 ἐν
599 2529 681 2572 τοῖς
708 2524 994 2577 περικαρπίοις,
1024 2540 1134 2568 ουτοι
1162 2521 1405 2580 υπάρχοντες
1430 2525 1496 2566 καὶ
1524 2522 1565 2564 ἓν
1592 2526 1641 2577 τῇ
1668 2540 1729 2578 γῃ.

338 2590 400 2631 διὸ
430 2606 481 2635 πο
511 2638 515 2643 ,
597 2605 698 2645 φασι
724 2593 803 2630 τῶν
840 2589 1015 2643 ἀρχαίων
1054 2589 1303 2644 φυσιολόγων
1340 2592 1519 2637 τοιοῦτον
1553 2585 1648 2629 εἶναι
1682 2589 1728 2630 τὸ

338 2655 472 2708 ὕδωρ,
514 2654 568 2696 δι’
601 2655 687 2702 οἵας
714 2653 762 2695 ἂν
790 2657 1005 2710 πορεύηται
1029 2658 1112 2710 γῆς.
1152 2656 1217 2695 καὶ
1243 2659 1362 2702 τοῦτο
1391 2652 1511 2706 δῆλόν
1534 2653 1639 2694 ἔστιν
1667 2654 1731 2694 ἐπὶ

338 2725 418 2762 τῶν
447 2719 634 2775 ἁλμυρῶν
661 2717 820 2762 ὑδάτων
843 2720 1029 2773 μάλιστα.
1067 2721 1104 2762 οἱ
1132 2721 1206 2775 γὰρ
1235 2721 1326 2768 ἅλες
1351 2723 1422 2774 γῆς
1446 2735 1485 2759 τι
1516 2716 1617 2766 εἶδός
1644 2721 1729 2760 εἶσι.

286 2816 291 2820 -
342 2787 401 2827 διὸ
431 2786 481 2827 τὰ
508 2786 574 2827 διὰ
601 2790 672 2838 τῆς
701 2786 850 2841 τέφρας
879 2784 1125 2839 ὃιηθοῦμενα
1151 2789 1293 2840 πικρᾶς
1311 2785 1442 2838 οὔσης,
1473 2785 1610 2839 πικρὸν
1631 2791 1735 2826 ποιεῖ
