1774 3198
273 334 367 379 456
486 341 934 381 COMMENTARIUS
963 341 1021 380 IN
1046 340 1451 381 METEOROLOG.

276 454 582 503 Garoparnaeo,
609 448 907 499 Car-opernaso,
937 448 1043 488 unde
1061 449 1144 487 sine
1163 463 1284 501 opera
1305 450 1466 501 effingas
1486 453 1677 492 Parnaso

274 519 358 556 sive
377 516 606 565 Parnasso,
636 516 786 554 omissis
815 516 993 566 syllabis,
1030 528 1129 566 quae
1157 529 1272 554 sensu
1301 523 1458 565 carent,
1485 518 1542 555 ita
1565 520 1679 557 etiam

274 583 310 620 h.
323 585 347 621 l.
366 584 444 620 iam
464 583 677 633 antiquitus
698 581 784 619 fieri
804 582 946 632 potuit.
977 581 1116 632 Neque
1136 582 1262 620 minus
1280 582 1322 620 in
1342 595 1462 622 versu
1475 585 1679 635 Dionysii:

274 648 368 699 quid
396 650 500 686 enim
538 646 709 686 Michaiil
750 648 818 685 ille
854 647 1003 686 Psellus
1040 648 1272 699 ineptiverit
1310 662 1449 688 curare
1484 651 1681 688 nolumus.

275 716 467 766 Paropa
480 715 652 752 misum
681 719 787 752 certe
806 714 1002 752 intellexit
1016 710 1339 762 Aristoteles,
1370 729 1421 754 ex
1440 729 1518 766 quo
1537 717 1681 754 Indum

275 779 434 819 fluxisse
452 787 535 819 tum
556 780 756 818 Plinius
784 782 811 819 l.
829 781 856 818 l.
886 787 971 819 tum
998 781 1304 832 Pomponius
1332 782 1465 820 Mela
1493 782 1518 819 1.
1536 783 1564 820 l.
1599 788 1684 820 tum
1705 825 1708 829 ,

276 847 340 884 alii
368 848 501 898 plures
527 846 771 884 confirmant.
807 870 853 876 —
911 847 1076 886 Variant
1098 846 1212 885 codd.
1238 853 1277 885 et
1303 846 1400 885 editi
1428 849 1470 886 in
1489 849 1685 899 scriptura

276 914 444 951 nominis
462 913 699 965 Παρνασοῦ,
729 914 795 951 alii
816 914 919 952 enim
941 913 1129 964 simplici,
1159 914 1225 952 alii
1248 904 1459 964 gemino-o
1495 914 1686 952 exhibent

277 979 525 1020 vocabulum.
554 979 777 1032 Παρνασοῦ
798 980 989 1031 praebent
1010 981 1058 1018 A.
1077 981 1121 1018 P.
1142 981 1209 1018 Er.
1231 980 1336 1018 Cam.
1350 981 1485 1019 S.Cas.
1517 983 1686 1029 (Paro-

276 1045 425 1095 pamiso
445 1047 489 1084 in
508 1059 627 1097 marg.
642 1044 793 1097 Bagol.)
850 1043 909 1084 At
930 1042 1150 1097 Παρνησός
1170 1046 1422 1084 scribendum
1443 1060 1527 1084 esse
1555 1053 1688 1084 censet

277 1113 340 1149 Βι-
351 1125 409 1149 un
421 1112 562 1150 ckius
589 1112 636 1149 ad
665 1110 707 1149 A
719 1126 741 1162 p
753 1125 776 1149 o
787 1113 801 1150 l
811 1113 824 1150 l
836 1125 858 1148 o
870 1125 903 1149 n.
936 1111 1063 1149 Rhod.
1075 1114 1124 1160 11,
1142 1114 1232 1151 705.
1293 1113 1456 1150 Latinos
1486 1125 1686 1163 nunquam

238 1184 245 1195 ¹
277 1177 599 1226 Parnassum,
642 1177 712 1215 sed
741 1191 895 1228 semper
926 1178 1203 1215 Parnasum
1244 1179 1445 1229 scripsisse
1483 1179 1687 1217 contendit

277 1245 372 1281 Bro
384 1244 479 1281 uck
491 1243 664 1282 husius
691 1243 740 1288 ad
759 1245 986 1293 Propert.
1007 1244 1061 1291 ΙΙ,
1081 1246 1147 1289 23,
1173 1247 1237 1281 13.
1297 1244 1412 1281 Adde
1434 1257 1531 1293 quos
1551 1244 1686 1282 laudat

277 1308 566 1347 Tzschucke
594 1310 643 1346 ad
672 1311 909 1359 Pompon.
937 1309 1028 1347 Vol.
1050 1310 1103 1347 11.
1134 1310 1239 1347 Part.
1258 1311 1308 1348 Π.
1349 1323 1386 1359 p.
1413 1310 1504 1348 194.
1564 1311 1687 1348 Simi-

278 1375 369 1412 liter
387 1375 439 1413 de
458 1376 650 1425 scriptura
674 1376 843 1412 nominis
869 1377 996 1412 Paro
1007 1375 1189 1425 pamisi
1220 1375 1433 1422 dubitatur,
1463 1381 1597 1413 utrum
1618 1377 1684 1422 sic,

277 1454 327 1478 an
345 1432 547 1492 duplici}
567 1442 617 1479 sit
635 1441 892 1479 efferendum.
927 1442 1026 1479 Cum
1043 1430 1284 1491 {geminato
1305 1448 1365 1479 est
1379 1443 1419 1480 in
1437 1443 1550 1481 codd.
1569 1444 1635 1482 Cu
1644 1458 1687 1481 r·-

278 1507 338 1544 tii
368 1509 435 1555 VI,
457 1508 574 1555 4,.31
601 1513 640 1545 et
657 1507 762 1558 apud
781 1506 1093 1558 Stephanum
1114 1508 1452 1557 Byzantinum
1480 1523 1508 1546 s.
1526 1520 1567 1548 v.
1624 1512 1687 1548 De

278 1571 420 1620 Νῦσα,
462 1573 596 1625 Κρῖσα
630 1580 669 1611 et
697 1573 888 1611 similibus
915 1573 987 1611 cfr.
1017 1573 1132 1613 Was
1145 1586 1175 1611 s.
1209 1573 1259 1610 ad
1288 1573 1396 1612 Thu
1407 1574 1512 1626 cyd.
1542 1577 1605 1626 ΙΙ,
1636 1579 1687 1616 69

279 1645 318 1677 et
338 1652 436 1689 quae
458 1639 507 1677 de
526 1640 609 1677 aliis
629 1640 710 1677 eius
730 1639 837 1677 modi
863 1639 1063 1677 vocabulis
1091 1645 1181 1690 post
1206 1640 1294 1678 Blo
1307 1653 1343 1677 m
1356 1641 1500 1678 field.
1534 1642 1584 1679 ad
1601 1643 1690 1680 Ae-

279 1704 433 1756 schyl.
449 1703 653 1744 Prometh.
676 1708 766 1745 505.
787 1708 882 1744 751.
915 1705 1140 1755 Choiiphor.
1160 1707 1237 1744 555
1263 1712 1303 1743 et
1322 1705 1688 1745 Schneiderum

279 1771 622 1808 Elementarlehre
652 1772 723 1808 der
752 1773 826 1810 lat.
857 1771 1041 1822 Sprache
1070 1785 1107 1822 p.
1126 1771 1203 1808 441
1230 1785 1285 1822 sq.
1328 1772 1383 1810 de.
1405 1773 1533 1811 latinis
1567 1773 1691 1811 disse-

278 1834 430 1874 rentem
441 1864 455 1881 ,
504 1838 658 1874 monuit
697 1839 727 1874 B
740 1851 760 1874 o
771 1851 789 1875 r
804 1851 828 1875 n
839 1837 928 1875 har
939 1837 1003 1888 dy
1042 1836 1092 1874 ad
1132 1839 1170 1874 D
1182 1838 1229 1874 io
1240 1850 1341 1887 nys.
1389 1839 1554 1890 Perieg.
1593 1843 1690 1878 337.

280 1915 319 1952 p.
344 1900 444 1950 602,
483 1902 550 1953 qui
579 1903 746 1952 simplex
769 1893 813 1941 ἶ
828 1903 972 1953 ubique
991 1902 1181 1940 defendit.
1222 1903 1342 1940 Unde
1361 1917 1456 1940 mox
1478 1901 1692 1956 Ταρτησός

280 1966 454 2006 exhibui.
512 1970 573 2005 De
600 1968 734 2015 Πῖσα,
774 1967 910 2016 Πίσα,
954 1966 1086 2009 Helua
1121 1974 1159 2005 et
1187 1966 1325 2006 Πίσσα
1353 1969 1417 2006 adi
1448 1970 1689 2008 Dindorf.

279 2033 328 2070 ad
361 2033 620 2084 Aristoph.
659 2035 772 2079 Ran,
807 2034 921 2073 1243.
962 2040 1001 2071 et
1028 2033 1128 2070 adde
1168 2035 1328 2072 omnino
1371 2035 1443 2073 Eu
1454 2035 1601 2073 stath.
1640 2036 1688 2073 ad

280 2100 409 2136 Hom.
445 2100 584 2149 Odyss.
618 2101 746 2148 XIX,
778 2114 815 2150 p.
837 2101 926 2138 432.
956 2114 997 2150 p.
1019 2103 1122 2146 706,
1155 2102 1206 2137 46
1237 2100 1299 2138 ed.
1330 2104 1418 2139 Bas.
1450 2124 1500 2130 —-
1531 2099 1692 2147 πάντως

282 2167 389 2203 Cam.
423 2167 548 2203 miuus
575 2172 685 2217 apte,
723 2173 766 2203 ut
794 2167 892 2204 bene
923 2172 1058 2203 monet
1085 2167 1126 2203 S.
1154 2187 1206 2195 -——
1236 2163 1282 2205 τὸ
1311 2163 1405 2219 ὅρος
1433 2165 1617 2219 μέγιστον
1645 2170 1692 2207 F.

280 2228 461 2281 μέγιστον
489 2228 534 2269 τὸ
565 2228 658 2281 ὅρος
687 2234 734 2270 H.
760 2233 812 2270 N.
844 2255 892 2260 ——
923 2227 947 2282 ἦ
971 2239 1060 2270 ante
1080 2228 1157 2277 ἔξω
1187 2232 1333 2270 omittit
1351 2233 1395 2269 E.
1415 2253 1465 2259 —
1497 2229 1690 2272 θάλασσα

280 2297 335 2334 N.
366 2319 416 2325 —
459 2292 484 2347 ἡ
515 2294 712 2343 ἔξωθεν
742 2295 935 2336 θάλασσα
967 2299 1255 2348 Olympiod.
1288 2299 1380 2336 Aldi
1409 2300 1478 2338 fol.
1498 2300 1564 2348 24,
1580 2313 1691 2337 a.—

282 2362 345 2399 De
373 2363 496 2400 rubro
528 2365 627 2401 mari
656 2377 737 2401 nou
762 2365 948 2414 cogitasse
968 2361 1247 2411 Aristotelem,
1279 2371 1384 2414 patet
1401 2379 1452 2403 ex
1469 2368 1518 2414 H,
1537 2368 1587 2404 5:
1616 2361 1690 2414 τὴν

281 2424 356 2472 ἔξω
373 2425 541 2479 Λιβύης
565 2426 775 2467 θάλατταν
803 2426 876 2480 τήν
902 2428 1050 2468 νοτίαν.
1107 2430 1213 2469 Vide
1237 2443 1334 2480 quae
1361 2431 1542 2469 disseruit
1568 2432 1690 2468 Koe-

282 2493 519 2542 uigmann
559 2496 706 2546 Geogr.
736 2495 911 2533 Aristot.
951 2485 989 2547 p.
1020 2498 1098 2533 112
1125 2509 1209 2546 sqq.
1241 2502 1281 2534 et
1313 2510 1409 2547 quae
1437 2501 1525 2546 post
1554 2497 1690 2545 Kap-

283 2559 413 2607 pium
442 2560 492 2596 ad
520 2561 735 2599 Aristot.
776 2562 823 2598 de
850 2561 998 2599 mundo
1042 2563 1117 2608 III,
1158 2565 1180 2599 6
1209 2568 1246 2599 et
1278 2565 1328 2601 10
1366 2562 1586 2599 monuimus
1616 2561 1689 2612 ipsi

283 2625 492 2663 Meteorvl.
514 2633 591 2663 vet.
616 2627 685 2664 Gr.
707 2634 746 2663 et
764 2628 884 2664 Rom.
913 2640 954 2677 p.
979 2629 1016 2664 5.
1047 2632 1130 2663 not.
1152 2627 1190 2666 4.
1223 2649 1275 2655 --
1305 2631 1410 2672 τοῖς
1437 2625 1688 2666 ἐντεῦθεν.

282 2684 350 2724 Ad
369 2688 514 2727 incolas
535 2699 727 2742 provocat
749 2694 866 2730 ctiam
891 2692 995 2730 infra
1021 2693 1062 2729 in
1082 2692 1161 2730 fine
1181 2693 1295 2731 huius
1323 2692 1458 2743 capitis
1477 2688 1526 2742 ἢν
1545 2693 1691 2731 καλοῦ-

285 2765 346 2790 σιν
376 2751 413 2790 οἶ
442 2752 523 2792 ἐκεῖ
545 2753 754 2796 θάλατταν
785 2765 823 2795 et
843 2760 891 2806 11,
915 2762 960 2796 3:
991 2753 1044 2802 ὡς
1065 2755 1102 2795 οἶ
1131 2755 1212 2796 ἐκεῖ
1234 2758 1522 2808 μυθολογοῦσι.
