1774 3172
88 378 493 425 —12·3‘¹4‚b-Bekk·—
569 377 708 417 [ΛΜ
737 375 963 416 οΑΡ.νΙΙ.
1038 372 1406 418 ——p.·331,B.cas.-
1464 365 1549 421 27„

89 490 272 548 κομήτην
300 490 425 547 ἥνπερ
455 488 620 547 φέρεται
648 485 669 530 ὅ
700 487 854 544 ἀστήρ·
893 487 992 530 ὅταν
1021 487 1067 529 δὲ
1097 465 1226 544 duur?
1255 484 1361 527 καθ’
1391 481 1528 536 αὑτόν,

87 559 179 602 τότε
209 558 516 612 ὑπολειπόμενοι
546 558 774 614 φαίνονται.
832 555 1003 611 τοιαύτη
1046 554 1124 611 γὰρ
1158 552 1184 610 ἦ
1214 553 1327 611 φορὰ
1354 556 1429 595 τοῦ
1459 551 1533 595 κό»

89 644 196 682 σμου
224 632 298 670 τοῦ
327 627 418 683 περὶ
445 625 522 681 τὴν
552 627 640 680 γῆν.
713 632 754 668 7.
800 628 936 668 Τοῦτο
977 622 1055 681 γὰρ
1083 621 1265 677 μάλιστα
1290 620 1433 677 μηνύει
1470 619 1528 675 μὴ

89 693 189 738 εἶναι
219 694 440 738 ἀνάκλασίν
476 709 567 736 τινα
595 692 668 756 τὸν
697 692 904 748 κομήτην,
954 690 1010 742 ὥς
1047 691 1135 748 ἅλῳ
1173 691 1217 733 ἐν
1250 687 1530 743 ὑπεκκαύματι

89 767 263 820 καθαρῷ
293 762 396 819 πρὸς
425 761 551 804 αὐτὸν
579 760 652 804 τὸν
682 760 834 818 ἀστέρα
860 760 1095 816 γινομένην,
1126 760 1192 802 καὶ
1220 759 1278 814 μὴ
1309 756 1364 808 ὥς
1393 758 1531 821 λέγου-

88 845 152 874 σιν
182 831 220 874 οἱ
246 832 336 887 περὶ
361 829 648 886 Ἱπποκράτην,
679 828 784 885 πρὸς
808 829 880 872 τὸν
907 828 1046 884 ἥλιον,
1079 826 1141 870 ὅτι
1171 828 1239 869 καὶ
1267 826 1371 869 καθ’
1406 823 1533 868 αὑτὸν

86 900 234 954 γίνεται
262 897 445 953 κομήτης
477 897 671 947 πολλάκις
709 899 776 939 καὶ
804 896 1039 949 πλεονάκις,
1078 894 1106 950 ἢ
1136 896 1226 950 περὶ
1254 899 1336 938 τῶν
1367 892 1533 950 ὅρισμέ-

88 984 169 1009 νων
196 966 310 1015 τινὰς
343 966 538 1023 ἀστέρων.
626 971 666 1008 8.
704 967 810 1022 Περὶ
845 965 921 1018 μὲν
961 958 1036 1006 οὖν
1073 967 1148 1017 τῆς
1177 961 1264 1005 ἅλω
1291 963 1366 1017 τὴν
1396 964 1531 1004 αἰτίαν

86 1032 257 1091 ὕστερον
286 1034 477 1090 ἐροῦμεν·
518 1035 608 1089 περὶ
647 1033 692 1076 δὲ
729 1037 802 1075 τοῦ
839 1030 1010 1088 πυρώδη
1046 1030 1122 1073 τᾶν
1159 1029 1356 1072 σύστασιν
1396 1029 1531 1072 αὐτῶν

89 1099 188 1143 εἶναι
218 1101 436 1158 τεκμήριον
461 1101 542 1158 χρὴ
573 1103 744 1155 νομίζειν
773 1099 835 1143 ὅτι
867 1101 1110 1155 σημαίνουσι
1138 1099 1338 1155 γινόμενοι
1362 1098 1399 1142 οἶ
1420 1100 1532 1141 πλεί-

91 1186 163 1219 ους
200 1170 411 1223 πνεύματα
448 1171 521 1211 παὶ
559 1168 765 1223 αὐχμούς·
813 1170 937 1224 δῆλον
975 1168 1052 1226 γὰρ
1085 1167 1148 1211 ὅτι
1176 1168 1354 1223 γίνονται
1385 1167 1454 1210 διὰ
1482 1167 1529 1210 τὸ

90 1236 244 1292 πολλὴν
269 1234 367 1279 εἶναι
396 1235 471 1292 τὴν
494 1237 687 1292 τοιαύτην
712 1237 902 1294 ἔκκρισιν,
933 1236 1035 1280 ὥστε
1065 1236 1284 1294 ξηρότερον
1313 1235 1532 1291 ἀναγκαῖον

88 1303 188 1348 εἶναι
215 1302 288 1348 τὸν
316 1305 430 1362 ἀέρα,
462 1307 529 1348 καὶ
560 1307 842 1361 διακρίνεσθαι
872 1306 940 1347 καὶ
971 1304 1214 1347 διαλύεσθαι
1242 1304 1290 1346 τὸ
1323 1305 1531 1357 διατμίζον

85 1370 210 1430 ὖγρὸν
236 1371 316 1416 ὑπὸ
345 1378 418 1416 τοῦ
447 1372 640 1429 πλήθους
665 1378 740 1428 τῆς
767 1378 930 1430 θερμῆς
958 1372 1298 1428 ἀναθυμιάσεως,
1339 1371 1443 1414 ὥστε
1470 1372 1529 1426 μὴ

87 1442 360 1484 συνίστασθαι
391 1440 545 1501 ῥᾳδίως
572 1443 630 1491 εἰς
656 1440 795 1499 ὕδωρ·
827 1442 1079 1499 σαφέστερον
1099 1441 1139 1484 ‹5‘
1163 1440 1335 1496 ἐροῦμεν
1353 1441 1419 1482 καὶ
1441 1440 1531 1494 περὶ

86 1508 236 1552 τούτου
264 1514 339 1553 τοῦ
359 1508 545 1560 πάθους,
574 1508 675 1553 ὅταν
694 1511 761 1553 καὶ
786 1511 877 1567 περὶ
906 1509 1146 1564 πνευμάτων
1176 1509 1300 1565 λέγειν
1328 1503 1530 1564 ᾖκαιρός.

89 1583 132 1620 9.
152 1576 280 1620 ιὍταν
305 1578 382 1632 μὲν
410 1574 484 1621 οὗν
513 1580 656 1621 πυκνοὶ
684 1580 750 1621 καὶ
779 1580 942 1628 πλείους
970 1580 1216 1635 φαίνωνται,
1245 1575 1436 1631 καθάπερ
1467 1575 1533 1616 λέ-

88 1661 224 1700 γομεν,
253 1648 368 1702 ξηροὶ
398 1648 466 1688 καὶ
491 1645 792 1701 πνευματώδεις
818 1647 997 1701 γίνονται
1033 1646 1072 1688 οἶ
1102 1644 1277 1687 ἐνιαυτοὶ
1307 1643 1532 1698 ἓπιὸήλως’

90 1783 306 1831 concretio,
327 1795 487 1821 necesse
505 1789 565 1821 est
583 1782 751 1821 eandem
770 1784 878 1822 viam
896 1782 1000 1822 ferri
1019 1781 1208 1821 videatur
1226 1787 1393 1830 cometa,
1413 1795 1531 1833 quam

89 1850 221 1901 ipsum
248 1850 378 1889 sidus:
408 1850 568 1902 quando
594 1864 703 1890 vetor
725 1865 801 1903 per
822 1865 865 1890 se
885 1850 1162 1899 concreverit,
1190 1855 1288 1889 tunc
1307 1849 1533 1903 derelinqui

89 1917 266 1957 videtur.
324 1918 435 1957 'ralis
461 1919 569 1957 enim
594 1925 655 1957 est
683 1919 808 1958 motio
838 1918 980 1957 mundi
990 1947 1003 1967 ,
1040 1918 1110 1970 qui
1142 1917 1248 1957 circa
1279 1924 1431 1957 terram
1461 1923 1531 1956 est.

92 1988 130 2024 7.
154 1985 278 2036 Quod
294 1991 429 2025 autem
450 1993 605 2027 cometa
622 2001 706 2026 non
722 1986 793 2026 fiat
809 1986 1058 2036 reflexione,
1081 1999 1212 2038 neque
1232 1986 1349 2025 sicuti
1366 1986 1531 2025 halones

88 2054 132 2092 in
150 2054 308 2092 sincero
326 2055 398 2093 illo
415 2057 683 2094 succensionis
702 2055 845 2095 fomite
863 2056 915 2094 ad
938 2056 1069 2107 ipsum
1086 2054 1209 2100 sidus,
1228 2067 1374 2106 neque,
1387 2067 1531 2106 quem-

88 2120 307 2161 admodum
339 2123 544 2161 contendit
563 2124 854 2175 Hippocrates,
890 2123 1115 2163 reflexione
1147 2123 1199 2161 ad
1225 2122 1376 2170 solem,
1410 2136 1529 2174 quam

89 2190 265 2228 maxime
283 2190 354 2229 illo
374 2191 572 2242 probatur
597 2198 853 2244 argumento,
880 2191 988 2244 quod
1010 2203 1299 2244 saepenumero
1323 2203 1400 2243 per
1423 2205 1465 2229 se
1485 2204 1531 2230 ac

91 2257 247 2308 saepius
279 2270 398 2309 quam
428 2259 532 2297 circa
561 2267 670 2299 certa
700 2259 895 2312 quaedam
937 2259 1068 2298 sidera
1107 2260 1252 2298 oritur.
1319 2261 1354 2297 8.
1393 2259 1451 2297 At
1479 2259 1531 2297 de

92 2324 239 2362 halone
265 2324 373 2364 infra
393 2325 652 2366 disseremus:
679 2328 838 2379 igneam
855 2341 957 2367 vero
980 2341 1066 2366 esse
1093 2333 1341 2366 cometarum
1363 2340 1531 2366 concre-

92 2391 246 2430 tionem
273 2391 512 2432 documento
534 2408 618 2433 esse
639 2401 772 2447 potest
799 2396 920 2435 etiam
943 2395 1067 2444 illud,
1098 2395 1207 2447 quod
1227 2394 1412 2446 plerique
1439 2408 1530 2433 cum

93 2460 283 2498 oriuntur
300 2466 445 2502 ventos
460 2467 668 2513 aestusque
686 2462 919 2514 significant.
975 2464 1092 2502 Patet
1119 2463 1228 2500 enim
1256 2461 1347 2499 fieri
1377 2475 1444 2500 eos
1466 2462 1531 2500 id-

93 2527 222 2577 circe,
252 2528 345 2579 quia
364 2527 473 2579 larga
500 2529 585 2567 eius
614 2530 727 2569 modi
747 2530 1013 2569 concretionis
1033 2531 1149 2582 copia
1179 2528 1351 2567 habetur
1376 2528 1454 2580 ita,
1484 2537 1530 2569 ut

93 2594 165 2634 ειὲι·
181 2595 324 2634 siccior
345 2609 430 2634 esse
447 2596 600 2646 debeat,
630 2603 672 2635 et
687 2597 874 2637 humidus
895 2611 1027 2649 vapor
1045 2598 1138 2636 sicci
1157 2596 1319 2649 vaporis
1348 2597 1529 2638 ubertate

93 2664 149 2701 ita
177 2669 410 2702 secernatur
440 2671 481 2703 et
508 2665 708 2716 diluatur,
745 2671 791 2704 ut
817 2678 900 2704 non
928 2665 1047 2704 facile
1070 2665 1114 2703 in
1143 2678 1286 2718 aquam
1313 2667 1530 2705 consistere

95 2737 224 2782 quent.
280 2732 482 2771 Disertius
509 2740 641 2772 autem
674 2732 725 2771 de
754 2732 832 2771 hoc
855 2746 1013 2785 quoque
1036 2733 1316 2785 phaenomeno
1339 2733 1530 2784 dicemus,

97 2812 189 2836 cum
205 2799 256 2838 de
275 2801 407 2839 ventis
425 2801 643 2840 disserendi
664 2802 816 2840 occasio
835 2801 950 2840 nobis
970 2802 1100 2840 oblata
1117 2803 1207 2842 erit.
1238 2807 1276 2843 9.
1286 2803 1390 2842 Cum
1408 2805 1530 2856 igitur

98 2866 212 2905 densi
239 2873 279 2905 et
311 2869 463 2919 copiosi
486 2876 698 2921 apparent,
739 2871 830 2909 anni
854 2870 1050 2917 conditio,
1082 2871 1148 2908 uti,
1164 2870 1360 2918 diximus,
1391 2877 1530 2923 aperte
