1774 3198
273 345 366 389 448
485 350 927 391 COMMENTARIUS
956 352 1016 389 IN
1039 351 1444 391 METEOROLOG.

273 461 426 515 ἀνέμων
455 458 680 512 οἰκητήριον
709 467 748 498 et
772 461 838 511 qui
858 473 908 497 ne
926 460 1020 497 haec
1039 460 1160 498 verba
1178 462 1352 511 neglexit
1377 462 1670 515 Bernhardy

271 528 536 570 Eratosthen.
563 541 604 577 p.
625 530 678 565 37
697 539 778 577 sqq.
819 521 989 570 ἅπαντες
1023 539 1075 564 sc.
1105 526 1286 577 ποταμοί.
1317 548 1367 554 -
1397 524 1489 578 τάχ’
1524 525 1571 567 ἂν
1609 528 1671 568 λε’-

270 610 374 648 γοιεν
393 591 442 633 ἄν
459 607 498 632 τι
526 595 572 631 Ε.
590 594 644 631 H.
667 593 719 630 N.
737 592 786 630 A.
808 592 917 630 cam.
939 593 982 631 P.
1003 593 1043 631 S.
1063 594 1146 632 Cas.
1174 590 1279 644 τάχα
1298 592 1441 646 λέγοιεν
1459 590 1508 633 ἄν
1525 608 1563 632 τι
1580 598 1671 647 Bag.

257 661 450 716 fortasse
470 661 653 697 dicerent
677 660 813 709 utique
842 658 1014 709 aliquid.

379 729 417 765 5.
441 725 700 763 scribendum
718 738 800 762 esse
818 725 991 763 arbitror
1009 724 1042 764 εἲ
1060 723 1103 764 δὲ
1118 723 1174 777 μὴ
1195 721 1341 776 ὁμοίως
1357 724 1537 766 ἐνταῦθα
1554 725 1673 767 κάκεῖ.

267 796 391 832 Recte
413 793 517 830 enim
537 805 692 830 sensum
709 791 927 830 verborum
945 793 1139 843 expressit
1152 793 1213 831 Vi
1225 807 1388 832 comer
1399 801 1532 832 catus
1543 824 1554 842 ,
1584 809 1673 833 cum

268 861 370 898 dicat
385 873 424 910 p.
438 861 507 897 78:
531 859 623 908 Qua
635 859 796 909 quidem
816 862 862 895 in
880 873 923 895 re
944 857 1102 909 aliquid
1119 859 1316 907 dicerent,
1337 862 1376 897 εἰ
1392 868 1431 897 et
1443 861 1674 910 fluviorum

268 928 448 965 omnium
472 939 597 962 unum
622 933 724 962 eseet
738 925 1018 974 principium,
1056 925 1272 976 eodemque
1297 926 1414 963 modo
1435 934 1475 964 et
1494 929 1674 964 omnium

266 1000 500 1030 ventorum:
529 991 601 1027 sed
620 993 799 1028 omnium
814 992 1046 1040 fluviorum
1065 982 1172 1028 idem
1190 994 1451 1042 principium
1475 1006 1558 1030 non
1577 1006 1673 1042 estse,

267 1057 605 1110 quemadmodum
623 1070 697 1093 nec
713 1059 893 1095 omnium
909 1065 1133 1097 ventorum.
1162 1058 1448 1097 Alexander
1467 1059 1536 1097 fol.
1548 1062 1612 1105 87,
1626 1072 1671 1098 a:

265 1125 300 1164 εἶ
325 1122 400 1175 μὲν
427 1119 502 1175 γὰρ
533 1121 573 1161 οἵ
584 1137 632 1161 τε
659 1123 832 1173 ποταμοὶ
859 1120 1001 1169 πάντες
1029 1122 1071 1163 ἐκ
1097 1126 1192 1174 μιᾶς
1221 1121 1347 1177 ἀρχῆς
1375 1121 1508 1178 ῥέουσι
1531 1123 1595 1163 καὶ
1624 1120 1675 1163 τά

264 1187 470 1241 πνεύματα
508 1183 677 1239 ὁμοίως,
726 1184 800 1228 εἶεν
830 1186 879 1239 ἄν
903 1204 940 1228 τι
969 1188 1146 1241 λέγοντες
1175 1189 1211 1229 οἳ
1242 1187 1387 1241 ἄνεμόν
1414 1205 1455 1230 τε
1485 1188 1553 1230 ἕνα
1581 1187 1676 1236 τοὺς

262 1255 416 1302 πάντας
445 1253 620 1308 λέγοντες
646 1254 712 1294 καὶ
741 1253 923 1306 ποταμὸν
952 1253 1020 1294 ἕνα
1049 1251 1197 1306 ὁμοίως
1225 1254 1387 1303 πάντας.
1419 1257 1453 1296 εἷ
1472 1254 1512 1296 δ’
1537 1253 1591 1303 ὡς
1610 1255 1673 1294 ἐπὶ

263 1326 343 1364 τῶν
369 1323 585 1373 ποταμῶν,
617 1318 723 1361 οὕτω
753 1321 818 1360 καὶ
849 1321 912 1360 ἐπὶ
940 1324 1022 1362 τῶν
1050 1320 1203 1373 ἀνέμων
1232 1322 1297 1361 καὶ
1325 1321 1368 1361 ἐκ
1397 1322 1674 1375 διαφερουσῶν

265 1388 397 1443 ἀρχῶν
423 1384 580 1441 ἦρὑις
606 1382 723 1438 ἢτοῦ
754 1386 888 1440 ἀέρος,
923 1385 977 1427 δι’
1002 1385 1051 1439 ἢν
1071 1387 1200 1427 αἰτίαν
1229 1386 1302 1428 οὐκ
1331 1386 1436 1428 ἔστιν
1464 1384 1520 1435 εἷς
1547 1403 1674 1427 ποτα-

262 1454 341 1508 μὸς
361 1453 398 1495 οἱ
416 1451 581 1499 πάντες,
611 1450 677 1492 διὰ
700 1451 773 1504 τὴν
802 1451 927 1505 αὐτὴν
956 1451 1044 1493 οὐδ’
1068 1450 1116 1492 ἂν
1144 1449 1199 1500 εἷς
1226 1451 1370 1505 ἄνεμος
1397 1453 1468 1507 εἴη.
1497 1476 1547 1482 -
1575 1452 1674 1505 κόμ-

263 1533 402 1574 ’ψευμα
419 1521 621 1560 Gellius
653 1527 693 1558 et
723 1521 1011 1560 Macrobius
1039 1527 1201 1559 vertunt
1225 1523 1590 1560 scitnmentum.
1623 1542 1671 1549 -

263 1588 321 1642 εἴη
353 1586 402 1628 ι’ίν
429 1589 483 1626 Η.
504 1588 558 1626 Ν.
577 1589 738 1626 inverso
759 1588 913 1626 ordine.
947 1609 997 1616 —-
1037 1585 1189 1637 ψεῦδος
1215 1601 1290 1638 pro
1318 1586 1465 1637 ψευδές
1491 1590 1673 1639 positum,

261 1665 307 1696 ut
325 1658 367 1695 in
389 1655 592 1693 notissimo
613 1655 682 1692 illo
703 1650 857 1705 ἀληθὲς
876 1652 941 1692 καὶ
959 1652 1132 1704 ψεῦδος,
1162 1653 1211 1691 de
1230 1667 1308 1709 quo
1330 1655 1402 1692 cfr.
1421 1654 1680 1693 Heindorf

263 1725 313 1764 ad
334 1724 526 1762 Platon.
553 1721 708 1771 Cratyl.
733 1723 864 1772 p.385
886 1721 931 1759 G.
956 1742 1009 1748 -—
1039 1714 1185 1771 ἦάρχὴ
1210 1717 1340 1759 αὐτῶν
1359 1717 1488 1759 πόθεν
1515 1722 1674 1759 inverso

263 1790 404 1829 ordine
427 1790 474 1827 A.
493 1788 601 1826 cam.
623 1788 693 1825 Er.
713 1788 758 1826 P.
780 1789 820 1825 S.
840 1788 925 1826 cas.
943 1801 1060 1838 quem
1077 1788 1162 1825 fere
1182 1787 1448 1837 probaverim.
1466 1809 1519 1815 --
1543 1783 1675 1826 αὐτῶν

248 1870 315 1895 ec.
341 1857 421 1894 τῶν
438 1850 685 1903 πνευμάτων,
714 1854 821 1891 unde
840 1867 936 1892 mox
956 1854 1006 1892 ad
1025 1850 1168 1906 ῥέοντα
1196 1853 1306 1891 addit
1332 1850 1400 1892 τὸν
1432 1850 1590 1904 ἄνεμον.
1624 1877 1673 1882 -

262 1921 420 1961 Deinde
448 1916 514 1972 ἄρ’
539 1920 685 1956 omittit
702 1921 749 1957 F.
766 1940 822 1947 --
849 1916 1044 1972 πρότερον
1066 1933 1140 1970 pro
1161 1915 1328 1971 πότερον
1347 1921 1395 1958 Ε.
1430 1942 1480 1948 —
1511 1920 1674 1972 κερωθῇ

261 1990 304 2027 in
330 1987 505 2037 margine
522 1984 764 2036 adscriptum
784 1987 936 2037 reperit
957 1987 1005 2024 G.
1031 1985 1175 2036 absque
1192 1998 1320 2024 sensu.
1335 2007 1390 2013 —
1427 1985 1572 2024 Verbis
1590 1979 1675 2024 οἷον

263 2054 305 2102 ε”ξ
329 2051 467 2093 ἀσκῶν
494 2049 706 2105 ἀφιέμενον
733 2052 873 2090 alludit
895 2052 945 2090 ad
962 2065 1102 2091 versus
1130 2051 1437 2091 Homericos
1470 2051 1612 2101 Odyss.
1626 2047 1674 2099 κ’,

265 2125 316 2162 19
338 2134 421 2173 sqq.
435 2135 447 2171 z⁴

489 2184 593 2226 δῶκέ
605 2200 675 2237 μοι
705 2183 882 2237 ἐκδείρας
911 2181 1032 2223 ἀσκὸν
1058 2180 1158 2234 βόος
1185 2180 1402 2236 ἐννεώροιο,

487 2251 590 2293 ἔνθα
620 2251 664 2292 δὲ
690 2249 877 2304 βυκτάων
902 2248 1060 2302 ἀνέμων
1089 2247 1278 2301 κατέδησε
1308 2247 1493 2288 κέλευθα.

263 2325 326 2362 De
345 2322 486 2369 ventis,
515 2322 647 2372 quales
667 2335 689 2358 a
709 2320 925 2371 pictoribus
942 2318 1156 2369 finguntur,
1181 2318 1355 2368 loquitur
1376 2317 1492 2354 etiam
1511 2315 1561 2353 de
1579 2317 1676 2353 ani-

264 2390 359 2427 mal.
383 2395 482 2427 mot.
513 2402 543 2426 c.
562 2392 608 2426 2:
637 2383 859 2439 μαρτύριον
889 2383 931 2423 δὲ
962 2381 1109 2423 τούτου
1137 2381 1182 2422 τὸ
1213 2379 1504 2435 ἀπορούμενον,
1543 2379 1608 2419 διὰ
1635 2380 1678 2419 τί

264 2469 359 2494 ποτε
388 2451 434 2493 τὸ
467 2455 606 2493 πλοῖον
633 2452 707 2504 μὲν
730 2451 893 2500 ἔξωθεν,
924 2448 982 2502 ἄμ
1002 2464 1062 2496 τις
1093 2447 1184 2503 ὠθῇ
1212 2451 1269 2503 τῷ
1299 2450 1426 2502 κοντῷ
1453 2445 1524 2486 τὸν
1551 2443 1672 2494 ἱστόν,

264 2519 289 2572 ἢ
318 2536 356 2561 τι
386 2517 483 2559 ἄλλο
513 2517 781 2572 προσβάλλων
808 2516 971 2569 μόριον,
1009 2520 1109 2557 κινεῖ
1134 2513 1295 2571 ῥαδίως.
1335 2512 1403 2553 ἐὰν
1431 2510 1470 2552 δ’
1492 2510 1533 2550 ἕν
1564 2509 1673 2566 αὐτῷ

265 2601 324 2634 τις
351 2583 405 2626 ὢν
434 2588 491 2640 τῷ
519 2586 645 2640 πλοίῳ
674 2587 794 2624 τοῦτο
824 2586 1006 2636 πειρᾶται
1035 2580 1242 2636 πράττειν,
1283 2578 1354 2619 οὐκ
1382 2576 1431 2618 ἂν
1468 2574 1671 2628 κινήσειεν,

266 2650 351 2692 οὔτ’
386 2649 434 2691 ἂν
474 2648 495 2691 ὃ
530 2650 697 2701 Τιτυός,
747 2648 847 2690 οὔθ’
883 2646 903 2690 ὁ
934 2647 1092 2702 Βορέας
1127 2646 1294 2688 πνέωσιν
1330 2642 1483 2684 ἔσωθεν
1520 2642 1575 2682 ἐκ,
1599 2646 1674 2684 τοῦ

266 2717 430 2765 πλοίου,
462 2717 496 2758 εἲ
515 2717 627 2769 τύχοι
655 2733 716 2764 τις
743 2715 871 2757 πνέων
901 2713 970 2755 τὸν
998 2712 1148 2768 τρόπον
1173 2715 1336 2760 τοῦτον,
1368 2707 1417 2749 ὃν
1444 2707 1482 2749 οἵ
1509 2713 1673 2763 γραφεῖς

266 2786 446 2824 ποιοῦσιν
474 2782 517 2830 ἔξ
545 2783 668 2823 αὐτοῦ
693 2780 770 2835 γάῤ
798 2780 845 2822 τὸ
875 2784 1029 2831 πνεῦμα
1057 2777 1224 2833 ἀφιέντα
1246 2773 1476 2830 γράφουσιν.
1517 2778 1671 2830 Quibos
