1812 3158
291 352 384 396 362
505 363 951 403 COMMENTARIUS
979 364 1038 404 IN
1066 364 1469 406 METEOROLOG.

289 470 386 510 haec
412 471 537 510 verba
562 472 768 521 leguntur:
811 467 889 523 ἀὴρ
919 469 993 521 μὲν
1018 469 1094 524 γὰρ
1125 471 1190 510 καὶ
1217 469 1330 523 ὕδωρ
1358 473 1459 514 καθ’
1493 472 1614 516 {avrti
1643 480 1693 532 τῇ

288 534 404 590 φύσει
432 533 550 575 λευκά
562 566 573 586 ,
603 534 649 575 τὸ
671 534 715 574 δὲ
732 537 811 587 πῦρ
840 535 904 574 καὶ
933 532 954 575 ὃ
971 534 1083 588 ἣλιος
1110 535 1256 584 ξανθά.
1315 541 1437 590 Quod
1454 548 1590 580 nostro
1604 544 1693 581 loco

286 609 488 654 repugnat.
546 603 599 640 At
623 602 801 640 libellum
830 602 948 641 istum
976 610 1066 655 post
1102 606 1128 643 S
1138 606 1200 643 im
1211 619 1235 643 o
1245 620 1272 645 n
1283 621 1304 645 e
1315 621 1352 644 m
1381 609 1412 646 P
1423 622 1446 645 o
1457 622 1479 647 r
1490 615 1505 647 t
1515 623 1542 647 u
1551 623 1589 647 m
1616 611 1694 647 iam

289 670 439 707 dudum
470 669 800 707 casaubonus
831 666 897 720 (ad
919 671 948 706 A
962 669 1099 708 then.
1131 686 1169 722 p.
1193 671 1269 724 90).
1328 674 1694 726 Theophrasto

287 735 513 783 vindicavit,
531 735 702 786 indeque
717 749 739 773 a
760 736 785 773 S
796 734 937 773 chnei
948 736 1065 775 dero
1086 738 1191 776 inter
1205 739 1310 777 illius
1325 739 1554 793 philosophi
1575 755 1695 792 opera

285 807 470 852 receptus
503 808 573 839 est.
638 802 964 840 Aristoteles
1003 805 1051 841 de
1079 818 1199 842 sensu
1226 819 1258 844 c.
1278 810 1316 845 3.
1343 821 1383 858 p.
1406 807 1497 856 440,
1515 821 1538 845 a
1566 809 1640 846 ait:
1671 803 1692 846 ὃ

284 864 397 918 ἥλιος
425 865 525 907 καθ’
559 863 682 907 αὑτὸν
708 865 782 918 μὲν
810 865 947 914 λευκὸς
972 868 1174 922 φαίνεται,
1206 869 1273 910 διὰ
1302 869 1344 910 ‹5’
1365 870 1513 923 ἀχλύος
1539 873 1605 912 καὶ
1623 888 1695 912 κα-

285 935 385 972 πνοῦ
414 936 630 987 φοινικοῦς.
694 937 775 974 Iam
813 936 901 973 Pla
912 942 927 973 t
939 949 961 972 o
998 937 1121 974 solem
1159 935 1297 977 λευκὸν
1327 941 1443 990 σῶμα
1468 946 1694 979 vocaverat.

285 1002 368 1040 Cfr.
413 1001 678 1052 Spanhem.
718 1002 767 1040 ad
805 1003 985 1040 Iulian.
1027 1004 1197 1041 Caesar.
1231 1018 1267 1055 p.
1292 1009 1352 1043 16.
1385 1008 1611 1046 Creuzer
1644 1007 1694 1044 ad

284 1068 469 1106 Plotin.
500 1069 549 1106 de
564 1068 786 1118 pulei-itud.
814 1082 851 1119 p.
873 1072 949 1107 193
973 1083 1032 1120 sq.

889 1178 990 1216 CAP.
1015 1178 1088 1216 IV.

391 1266 464 1304 His
487 1266 709 1317 praemissis
736 1266 787 1303 ad
812 1266 937 1316 ipsam
964 1279 1050 1303 rem
1080 1266 1251 1315 accedit,
1281 1268 1409 1319 deque
1440 1271 1582 1308 ordine
1613 1271 1693 1309 dis—

282 1338 437 1383 putans,
459 1346 574 1383 quem
595 1333 744 1383 singula
764 1333 957 1369 elementa
979 1332 1021 1369 in
1042 1333 1229 1371 universo
1251 1342 1456 1385 occupent,
1482 1337 1597 1375 simul
1621 1351 1693 1375 ex-

283 1400 416 1449 ponit,
453 1412 546 1449 quas
584 1399 634 1435 ob
668 1412 799 1435 causas
837 1399 1039 1436 stellarum
1078 1404 1324 1438 transcursus
1357 1402 1570 1454 igneaeque
1597 1403 1694 1441 fiant

282 1465 427 1503 trabes.
486 1464 707 1511 Theoriae,
739 1478 853 1515 quam
878 1465 1086 1515 proponit,
1117 1466 1189 1503 etsi
1207 1466 1380 1504 rudioris
1406 1468 1546 1514 adhuc,
1572 1476 1695 1519 prout

279 1532 385 1569 illius
408 1532 496 1568 aevi
524 1531 567 1568 in
593 1545 638 1568 re
660 1532 831 1569 naturali
853 1545 987 1568 secum
1012 1530 1191 1568 ferebant
1210 1534 1412 1581 notiones,
1440 1535 1695 1575 fundamenta

281 1612 379 1636 vera
406 1611 489 1635 esse
517 1611 646 1648 nuper
674 1599 928 1648 agnovimus,
968 1611 1114 1636 novam
1142 1597 1220 1635 illis
1250 1605 1523 1649 superstruere
1565 1603 1694 1639 conati

280 1664 498 1712 theoriam,
536 1678 612 1715 qua
633 1664 683 1702 de
705 1678 751 1702 re
779 1664 842 1702 adi
867 1664 1047 1702 libellum
1075 1670 1253 1702 nostrum
1282 1668 1494 1704 vernacule
1520 1669 1696 1706 conscri-

280 1738 413 1782 ptum:
450 1731 581 1768 Ueber
599 1732 676 1769 den
699 1733 916 1782 Ursprung
943 1731 1015 1768 der
1032 1731 1316 1782 Feuerkugeln
1336 1734 1423 1770 und
1440 1732 1693 1771 lVordliclzte.

280 1798 415 1837 Berlin
442 1801 559 1836 1832.
587 1801 627 1836 8.
662 1819 718 1827 -
772 1799 836 1835 De
855 1798 976 1835 stellis
999 1798 1325 1836 transsilientibus
1344 1799 1409 1836 adi
1430 1799 1565 1848 etiam,
1595 1813 1694 1850 quae

282 1864 468 1901 disseruit
515 1862 853 1914 spanhemius
897 1863 946 1901 ad
987 1863 1291 1902 Callimachi
1334 1867 1485 1915 Hymn.
1525 1868 1568 1903 in
1601 1866 1694 1904 Del.

282 1943 321 1968 v.
349 1933 415 1968 38.
447 1930 562 1967 Tom.
584 1932 634 1969 Π.
668 1943 710 1980 Ρ.
734 1928 814 1966 410
842 1928 906 1965 ed.
938 1929 1154 1967 Ernesti.

395 2000 430 2035 1.
470 1992 526 2034 δι’
558 1992 620 2046 ἢν
660 1993 791 2033 αἰτίαν
825 1994 1018 2046 praebent
1048 1996 1096 2032 E.
1130 1997 1180 2032 A.
1211 1996 1281 2033 Er.
1321 1991 1388 2032 διὰ
1415 1993 1504 2033 τίνα
1543 1997 1581 2033 S.
1607 1997 1691 2034 Cas.

279 2063 477 2113 Deinceps
511 2058 714 2112 καιόμεναι
748 2074 822 2113 pro
860 2057 1048 2109 καιόμεναι
1086 2063 1132 2099 F.
1158 2062 1208 2099 H.
1237 2061 1290 2099 N.
1316 2062 1356 2099 S.
1386 2067 1426 2099 et
1455 2062 1511 2099 ita
1533 2062 1692 2112 ubique.

280 2132 346 2168 Er.
363 2129 439 2167 hoc
458 2130 596 2167 saltem
611 2130 700 2167 loco
718 2129 765 2166 iis
784 2127 1039 2178 adstipulatus
1061 2132 1130 2165 est.
1160 2124 1380 2166 ἐκκαεόνται
1398 2128 1557 2178 praebet
1574 2129 1692 2166 etiam

280 2196 368 2234 cod.
396 2196 539 2234 Urbin.
565 2195 672 2247 apud
699 2193 1042 2245 Theophrast.
1074 2193 1122 2230 de
1148 2207 1282 2231 cau-ss.
1305 2194 1441 2243 plant.
1470 2196 1546 2239 III,
1577 2197 1623 2239 9,
1654 2195 1691 2233 5.

279 2264 327 2301 In
343 2262 449 2300 hisce
463 2263 606 2301 Atticis
625 2261 967 2299 adnumerandum
988 2274 1069 2298 esse
1086 2262 1120 2298 A
1132 2261 1417 2298 ristotelem
1445 2273 1564 2310 supra
1586 2260 1692 2297 dixi-

280 2343 377 2378 muS‚
407 2330 474 2380 qui
494 2334 717 2367 constanter
736 2327 976 2366 exhibebant
1002 2323 1118 2372 ἀετός
1149 2324 1236 2377 (etsi
1269 2325 1386 2379 αἰετῷ
1416 2326 1692 2363 Schneide-

279 2410 364 2434 rus
396 2395 505 2434 dedit
534 2397 693 2433 Hister.
716 2394 886 2432 animal.
915 2395 1000 2442 IX,
1029 2397 1078 2442 2,
1108 2397 1142 2431 6.
1173 2397 1207 2431 8.
1237 2397 1285 2442 9,
1322 2393 1405 2430 aliis
1427 2393 1468 2429 iu
1494 2392 1589 2429 locis
1618 2404 1690 2428 ex-

279 2468 426 2513 puncto
449 2460 522 2513 ἶ),
552 2459 682 2509 κάειν,
712 2455 843 2500 κλάειν
863 2466 902 2498 et
919 2460 1075 2498 similia.
1134 2458 1219 2498 Cfr.
1240 2458 1493 2510 Spanhem.
1511 2457 1560 2494 ad
1578 2456 1689 2494 Ari-

280 2528 509 2579 stophan.
544 2526 655 2567 Nub.
681 2530 747 2566 58.
776 2525 1119 2565 Hemsterhus.
1142 2526 1192 2563 ad
1211 2526 1322 2563 Plut.
1345 2527 1433 2562 612.
1466 2522 1688 2559 Articulum

281 2593 322 2633 αἳ
348 2601 438 2633 ante
465 2588 670 2645 καιόμεναι
698 2594 884 2631 omittunt
902 2595 950 2632 A.
972 2594 1080 2632 Cam.
1100 2593 1167 2629 Er.
1196 2613 1251 2619 -—-
1289 2587 1398 2640 περὶ
1427 2584 1511 2626 τὸν
1541 2583 1688 2639 οὖρα-

279 2657 364 2699 νόν
393 2669 451 2700 est
477 2660 565 2714 περὶ
593 2657 665 2699 τὸν
690 2661 917 2712 γειτνιῶντα
945 2660 1121 2709 μαλιστα
1148 2654 1272 2696 τόπον
1300 2656 1349 2707 τῇ
1371 2650 1453 2692 ἄνω
1476 2654 1585 2708 φορᾷ
1608 2654 1687 2691 τῶν

281 2723 453 2779 ἄστρων,
483 2727 815 2779 quemadmodum
834 2739 953 2777 supra
969 2726 1120 2764 locutus
1139 2730 1205 2761 est
1223 2743 1277 2750 -
1305 2721 1466 2759 Nomen
1484 2714 1589 2770 αἶγες
1607 2733 1688 2757 non

280 2800 447 2845 propter
463 2794 757 2832 similitudinem
775 2806 861 2831 cum
881 2804 1088 2842 caprarum
1112 2788 1250 2827 formis
1267 2786 1459 2837 accepisse
1477 2786 1549 2823 ista
1564 2785 1687 2836 phae-
