1760 3138
239 311 333 364 302
398 330 696 370 EXCERPTA
725 332 803 370 Ex
829 331 1472 375 COMMENT.ALEXANDR1

236 437 425 493 εὔκρατον
450 436 568 489 εἶναι,
600 437 745 492 ὥσπερ
761 439 826 479 καὶ
855 439 927 492 τὴν
956 439 1047 481 καθ’
1080 437 1188 493 ἡμᾶς
1207 440 1344 494 ζώνην.
1376 442 1448 484 οὐκ
1466 442 1640 498 ἀκριβῶς

237 503 279 544 δ’
304 504 435 557 ἴσμεν,
470 504 570 551 τίνες
598 506 772 546 οἲκοῦσιν
801 506 943 557 ε’κεῖσε,
981 500 1050 547 διὰ
1074 505 1120 548 τὸ
1148 507 1204 561 μὴ
1236 507 1437 549 δύνασθαι
1464 508 1563 562 μήτε
1590 507 1640 562 ἦ·

232 574 313 623 μᾶς
342 571 460 610 ἐκεῖσε
491 567 755 622 πορεύεσθαι,
783 571 881 625 μήτ’
905 572 1075 621 ἐκείνους
1100 572 1201 627 πρὸς
1227 571 1333 627 ἡμᾶς
1360 573 1426 615 διὰ
1452 573 1524 627 τὴν
1553 575 1640 614 δια-

233 634 473 688 κεκαυμένην
502 633 628 689 ζώνην
653 636 778 690 μέσην
798 633 922 679 οὖσαν
937 639 986 692 *).
1018 637 1066 680 οὐ
1085 639 1220 692 μέντοι
1239 640 1279 680 αἳ
1303 639 1381 681 ἀπὸ
1408 643 1480 681 τοῦ
1503 638 1640 694 ἀρκτι-

232 705 304 742 κοῦ
335 700 461 742 πόλου
498 701 563 741 καὶ
604 701 869 757 ἀνταρκτικοῦ
905 704 1223 760 ἔμπεριεχόμεναι
1259 710 1388 761 χῶραι
1427 707 1640 756 οἷκοῦνται,

233 765 300 808 διὰ
326 766 371 808 τὸ
400 767 523 819 μέσον
553 767 598 809 τὸ
629 772 762 826 ψῦχος
789 767 898 812 εἶναι.
933 769 963 825 ’ἧ
994 771 1038 813 δὲ
1062 771 1210 824 μεταξὺ
1237 776 1309 814 τοῦ
1341 774 1504 827 θερινοῦ
1544 787 1640 825 τρο-

232 837 348 875 πικοῦ
377 835 442 874 καὶ
469 838 541 875 τοῦ
564 840 808 891 χειμερινοῦ,
840 837 881 879 ἓν
909 831 935 894 ᾖ
965 839 1029 879 καὶ
1058 836 1078 879 ὅ
1106 836 1332 894 ἵσημερινός
1359 836 1639 890 ἀπολαμβάνε-

229 915 309 951 ται,
342 899 444 940 ἔνθα
471 901 536 941 καὶ
564 901 609 943 τὸ
634 903 875 954 μεσαίτατόν
904 905 988 946 ε’στι
1014 908 1087 958 τῆς
1112 908 1203 959 γῆς,
1234 903 1361 946 οὐκέτι
1390 903 1444 944 δι’
1467 902 1638 957 ἄμετρον

229 965 478 1020 θερμότητα.
509 966 576 1008 διὰ
592 972 711 1010 τοῦτο
740 969 815 1025 γὰρ
844 972 908 1012 καὶ
939 970 1314 1023 διακεκαυμένη
1345 968 1444 1022 ζώνη
1474 969 1638 1023 λέγεται.

230 1033 264 1072 εἷ
294 1031 335 1072 δ’
362 1033 518 1074 οἶκοῦσί
531 1049 653 1084 τινες,
681 1035 791 1090 παρὰ
812 1035 934 1092 φύσιν
963 1039 1138 1079 οἰκοῦσιν
1166 1036 1227 1077 ἐπὶ
1256 1035 1404 1083 ὕδατος
1430 1033 1639 1088 νηχόμενοι

228 1101 361 1139 πᾶσαν
391 1097 500 1154 ὥραν
529 1099 595 1139 διὰ
623 1098 669 1141 τὸ
699 1105 845 1154 καῦμα.
893 1102 997 1144 οὕτω
1025 1107 1099 1156 τῆς
1127 1103 1354 1158 διαιρέσεως
1379 1105 1451 1154 τῆς
1477 1103 1548 1154 γῆς
1574 1100 1639 1140 ἔκ·-

228 1165 413 1218 τεθείσης
440 1166 505 1206 καὶ
534 1169 662 1206 ταῦτα
691 1164 745 1214 ὡς
763 1170 901 1221 λῆμμα
928 1167 1139 1220 λαβόντες,
1170 1163 1526 1219 κατασκευάσωμεν
1556 1169 1640 1206 λοι-

227 1230 317 1280 πόν,
347 1229 410 1272 ὅτι
436 1229 483 1272 οὗ
515 1238 606 1273 πνεῖ
629 1229 649 1274 ὃ
670 1232 788 1282 νότος
818 1233 896 1276 ἀπὸ
926 1238 1000 1275 τοῦ
1027 1235 1161 1275 νοτίου
1181 1234 1330 1283 πόλου,
1359 1233 1538 1274 τουτέστι
1565 1234 1637 1272 τοῦ

228 1295 490 1352 ἀνταρκτικοῦ
518 1299 574 1346 εἷς
601 1298 673 1352 τὴν
702 1299 805 1341 καθ’
837 1298 944 1354 ἡμᾶς
972 1299 1217 1353 οῗκουμένην.
1248 1299 1295 1340 οὗ
1313 1298 1388 1354 γὰρ
1418 1298 1638 1352 ἀφικνεῖται

226 1361 273 1405 τὸ
302 1367 455 1415 πνεῦμα
476 1387 480 1390 —
489 1364 606 1419 μέχρι
642 1362 756 1418 ἡμῶν
786 1366 937 1407 ἐκεῖθεν
967 1365 1034 1406 διὰ
1061 1365 1113 1407 τὰ
1141 1365 1271 1407 πολλὰ
1299 1363 1564 1417 διαστήματα.
1603 1364 1638 1404 εἶ

227 1428 303 1483 γὰρ
324 1427 498 1483 δρῶμεν,
530 1429 591 1471 ὅτι
618 1428 732 1484 ἡμεῖς
759 1430 857 1487 πρὸς
882 1435 932 1487 τῇ
960 1431 1095 1488 ἄρκτῳ
1125 1433 1344 1481 οἰκοῦντες,
1373 1429 1472 1472 ὅθεν
1494 1428 1514 1471 ὅ
1537 1434 1638 1484 βορ-

229 1499 303 1550 ρᾶς
329 1501 437 1546 πνεῖ,
475 1494 585 1549 ὅμως
611 1497 820 1545 ἐξασθενεῖ
843 1497 909 1538 διὰ
937 1497 983 1539 τὸ
1012 1497 1114 1538 πολὺ
1144 1497 1345 1550 διάστημα
1382 1496 1460 1547 (οὐ
1489 1495 1564 1551 γὰρ
1593 1494 1638 1536 ὅ-

226 1562 355 1614 μοίως
382 1567 473 1603 πνεῖ
495 1563 538 1603 ἕν
565 1566 615 1618 τῇ
638 1560 798 1604 Ἑλλάδι
833 1564 898 1604 καὶ
927 1563 969 1604 ἐν
997 1567 1054 1619 τῷ
1076 1561 1379 1619 Ἑλλησπόντῳ,
1424 1560 1527 1603 ἀλλὰ
1559 1564 1637 1602 ποῦ

225 1628 301 1681 μὲν
330 1628 604 1683 σφοδρότερον
632 1630 687 1677 εἰς
716 1628 768 1675 τὰ
795 1630 1055 1685 πλησιαίτερα
1081 1628 1205 1670 αὐτοῦ
1228 1629 1378 1683 χωρία,
1412 1631 1490 1670 ποῦ
1519 1627 1562 1668 δὲ
1589 1625 1639 1667 ἀ-

226 1694 475 1751 μυδρότερον
502 1697 559 1744 εἷς
585 1694 636 1736 τὰ
666 1695 844 1750 πόρρω),
887 1698 972 1743 πῶς
999 1694 1087 1748 οὐχὶ
1115 1694 1370 1748 ἐξασθενήσει
1400 1692 1420 1736 ὃ
1451 1693 1568 1742 νότος
1595 1693 1638 1734 ἐκ

228 1765 301 1814 τῆς
331 1761 639 1815 ἀντοικουμένης
655 1762 730 1815 Μ),
758 1761 962 1802 τουτέστιν
990 1760 1068 1802 ἀπὸ
1098 1764 1170 1802 τοῦ
1197 1762 1332 1802 νοτίου
1359 1760 1486 1802 πόλου
1511 1759 1638 1802 πνέων

226 1827 329 1883 πρὸς
357 1826 475 1881 ἡμᾶς.
505 1826 577 1868 οὐκ
606 1826 686 1880 ἄρα
716 1827 867 1868 ἐκεῖθεν
896 1832 988 1867 πνεῖ
1012 1823 1180 1874 ὃνότος.
1212 1825 1315 1867 ἀλλὰ
1336 1827 1417 1879 μὴν
1447 1825 1537 1867 οὔτε
1557 1824 1635 1866 ἀπὸ

226 1898 305 1935 τῶν
329 1897 560 1948 χειμερινῶν
587 1896 759 1947 τροπῶν.
784 1892 864 1946 χρὴ
893 1892 990 1947 γάρ,
1019 1892 1124 1946 εἴπερ
1154 1890 1258 1940 ὅλως
1284 1895 1402 1933 τοῦτο
1432 1886 1501 1944 ἦν,
1536 1889 1636 1943 μετὰ

225 1952 430 2014 ἶῆμέρας
457 1962 529 2012 τῆς
552 1962 776 2012 χειμερινῆς
802 1962 953 2013 τροπῆς
980 1963 1087 1998 πνεῖν
1115 1956 1210 2005 τοὺς
1247 1956 1504 2004 λευκονότους
1541 1973 1636 1997 του-

226 2026 332 2068 τέστι
357 2025 452 2074 τοὺς
473 2025 634 2078 ἐτησίας
660 2023 802 2072 νότους
831 2025 914 2078 (41,
932 2023 996 2076 a),
1029 2021 1160 2075 ὥσπερ
1189 2023 1254 2063 καὶ
1286 2023 1348 2063 ἐπὶ
1373 2027 1446 2076 τῆς
1473 2026 1636 2075 θερινῆς

225 2095 377 2147 τροπῆς
415 2090 625 2146 γενομένου
653 2094 726 2132 τοῦ
754 2087 870 2145 ἡλίου
895 2088 997 2143 μετὰ
1019 2080 1227 2144 ἷῆμέρας
1256 2088 1391 2131 ε’πνεον
1418 2088 1455 2130 οἳ
1484 2089 1636 2142 ἐτησίαι

270 2259 307 2303 *)
342 2259 570 2294 Obliteratam
602 2259 710 2293 fuisse
738 2264 820 2292 tunc
844 2257 1008 2302 temporis
1037 2255 1241 2290 memoriam
1265 2254 1497 2299 expeditionis
1519 2255 1636 2297 Phoe-‚-

315 2316 443 2359 nicum,
470 2315 527 2359 qui
551 2316 719 2349 Nechone
742 2314 924 2361 Aegyptiis
947 2313 1157 2357 imperante,
1180 2311 1337 2346 Africam
1360 2309 1636 2355 circumnaviga-

313 2377 453 2414 verant‚
478 2371 560 2405 hinc
582 2377 714 2404 certum
732 2376 785 2405 est
807 2381 879 2404 non
894 2370 1020 2411 minus,
1045 2380 1148 2413 quam
1160 2374 1243 2402 tunc
1260 2366 1427 2410 temporis
1447 2367 1489 2398 ad
1505 2370 1635 2399 austra-

313 2429 384 2461 lem
411 2428 546 2461 Zonam
569 2438 716 2471 eamque
743 2431 964 2470 temperatam
987 2424 1196 2458 Phoenicius
1218 2422 1433 2467 pervenisse.
1459 2420 1525 2456 cfr.
1544 2420 1635 2452 He-

313 2484 461 2517 rodot.
493 2483 564 2525 1V,
589 2482 634 2516 42
658 2494 710 2526 sq.
743 2488 777 2516 et
807 2482 866 2526 qui
898 2487 1020 2516 contra
1051 2482 1336 2525 Manneptum
1371 2475 1553 2517 Geograph.
1576 2475 1634 2506 der

317 2540 474 2572 Griechen
498 2541 565 2572 und
587 2542 709 2572 Rb'mer
743 2550 778 2582 p.
804 2541 867 2581 20,
912 2537 995 2571 huic
1027 2534 1218 2571 narrationi
1260 2534 1364 2566 fidem
1394 2530 1632 2572 vindicavere,

315 2595 449 2628 8011Ῑό
463 2605 540 2628 zer
574 2596 763 2628 Geso-hichie
789 2596 848 2627 der
868 2595 1051 2634 IIamllung
1077 2593 1145 2624 und
1168 2589 1318 2629 Seejahrt
1348 2588 1380 2619 in
1411 2587 1471 2618 den
1499 2588 1654 2617 c'iliesien·

259 2681 263 2682 ε
314 2653 429 2682 Zeiien
453 2662 488 2694 p,
505 2652 570 2684 300
583 2662 659 2694 sqq.
685 2656 720 2684 et
740 2650 877 2693 Spren
885 2651 954 2695 gel
977 2649 1092 2682 Geso-h.
1117 2648 1175 2679 der
1196 2643 1372 2686 geograph·
1386 2642 1631 2681 Entdeckungen

312 2704 413 2747 (edit.
436 2704 476 2748 2)
501 2718 536 2748 1).
553 2709 594 2739 21
618 2717 693 2749 sqq.

270 2765 326 2808 **)
349 2766 431 2801 Ald.
458 2763 724 2810 οἷντικουμένησ.
772 2766 844 2800 Cfr.
869 2766 911 2799 ad
934 2765 1099 2806 Excerpt.
1123 2763 1152 2804 Ι,
1177 2763 1233 2803 13,
1253 2763 1309 2794 21.
1333 2771 1366 2802 p.
1389 2758 1466 2796 254.
