1774 3198
322 342 415 387 416
539 349 983 388 COMMENTARIUS
1013 350 1072 387 IN
1094 350 1490 390 METEOROLOG.

321 464 374 500 N.
404 484 458 489 —-
496 459 645 497 Eodem
668 457 906 496 theoremate
923 471 973 496 ex
990 459 1233 509 perspectiva
1250 460 1392 510 petito,
1421 473 1498 511 quo
1516 459 1590 498 hoc
1610 462 1709 507 loco,

321 529 445 566 utitur
462 526 577 563 etiam
595 522 792 560 Problem.
813 525 908 571 XV,
932 527 954 562 9
982 525 1023 561 in
1043 524 1157 562 simili
1182 539 1227 563 re
1241 525 1592 564 commonstranda.

429 596 466 630 7.
495 592 623 640 Quam
643 590 760 626 tertio
780 589 866 626 loco
892 596 1046 627 enarrat
1066 598 1104 628 et
1121 591 1303 630 refellere
1323 593 1453 630 studet
1469 593 1710 639 sententiam,

317 657 560 711 propositam
579 668 662 693 esse
685 655 731 692 ab
749 656 990 706 Hippocrate
1009 656 1120 703 Chio,
1153 663 1259 707 patet
1276 672 1326 695 ex
1345 659 1476 696 verbis
1499 654 1627 711 ὥσπερ
1647 657 1712 697 καὶ

317 722 387 764 τὸν
417 720 564 774 ἀστέρα
585 718 654 760 τὸν
675 719 861 772 κομήτην,
893 723 1030 772 quibus
1050 723 1273 774 ablegamur
1291 725 1340 761 ad
1359 726 1389 772 Ι,
1414 728 1448 773 6,
1469 729 1492 763 3
1523 730 1561 762 et
1579 731 1712 775 aperte

316 805 388 830 nos
408 791 546 829 edocet
564 789 601 827 O
613 788 978 839 lympiodorus,
1008 802 1122 839 quem
1141 795 1269 827 tamen
1287 790 1329 827 id
1343 791 1452 828 nullo
1471 791 1548 828 alio
1566 791 1711 828 indicio

314 858 432 896 fisum
451 856 665 894 affirmasse
688 868 900 902 censemus,
930 869 1044 906 quam
1063 869 1140 906 quo
1159 869 1240 894 nos.
1300 856 1546 894 Stobneus
1572 857 1661 895 Ecl.
1681 857 1712 904 I,

314 928 380 965 28.
406 937 447 975 p.
470 922 550 962 574
579 921 742 959 eandem
763 922 989 972 opinionem
1011 928 1310 971 commemorat,
1338 922 1408 960 sed
1423 923 1456 959 is
1478 936 1631 972 quoque
1651 928 1713 959 ta-

314 991 391 1029 cito
415 995 594 1027 auctore:
631 985 735 1033 τινὲς
763 985 807 1025 δὲ
835 985 1099 1040 κατοπτρικὴν
1127 983 1222 1027 εἶναι
1252 986 1474 1041 φαντασίαν
1501 989 1572 1026 τοῦ
1597 983 1711 1038 ἡλίου

311 1054 384 1102 τὰς
414 1052 536 1107 αὐγὰς
563 1051 664 1106 πρὸς
690 1050 758 1092 τὸν
788 1050 958 1106 οὐρανὸν
986 1051 1258 1104 ἀνακλῶντος,
1291 1050 1386 1106 ὅπερ
1416 1050 1510 1108 κᾴπὶ
1538 1055 1610 1104 τῆς
1636 1050 1711 1105 ἴρι-

312 1122 382 1168 δος
410 1119 471 1160 ἐπὶ
500 1121 580 1159 τῶν
603 1121 732 1172 νεφῶν
760 1118 978 1170 συμβαίνει.

421 1191 459 1226 8.
490 1182 597 1225 ἅπαν
627 1185 773 1223 omittit
797 1187 842 1224 E.
886 1187 1042 1224 Deinde
1062 1187 1103 1224 in
1122 1186 1255 1224 verbis
1283 1183 1324 1223 ἒν
1342 1186 1399 1238 τῷ
1427 1182 1534 1239 αὖτῷ
1564 1183 1711 1238 σημείῳ

309 1255 428 1307 paulo
446 1254 560 1292 latius
578 1258 685 1304 patet
700 1265 790 1289 usus
808 1252 990 1290 vocabuli
1012 1255 1194 1302 σημεῖον.·
1222 1265 1311 1288 cum
1333 1252 1436 1288 enim
1455 1258 1644 1301 punctum
1662 1252 1712 1289 sit

308 1323 419 1360 locus
446 1320 488 1357 in
507 1320 652 1370 spatio,
680 1330 762 1355 non
781 1331 873 1368 pars
895 1319 1028 1368 spatii,
1060 1315 1101 1355 ἐν
1128 1318 1186 1370 τῷ
1215 1314 1325 1370 αὐτῷ
1356 1316 1504 1370 σημείῳ
1532 1330 1612 1354 non
1635 1330 1710 1368 po-

308 1393 386 1426 test
418 1386 588 1424 existere
623 1381 745 1436 μὲρος
782 1385 855 1434 τῆς
891 1380 1113 1435 ἐμφάσεως.
1190 1383 1423 1421 Accuratius
1461 1384 1578 1434 paulo
1621 1389 1711 1434 post

307 1453 504 1504 loquitur,
543 1451 696 1488 dicens:
733 1447 794 1487 ἐπὶ
824 1451 896 1488 τοῦ
925 1446 1049 1488 αὐτοῦ
1076 1446 1224 1501 μέρους
1250 1450 1321 1486 τοῦ
1348 1446 1550 1500 ἐνόπτρου.
1578 1468 1632 1475 -
1662 1444 1709 1486 ἂν

308 1518 489 1573 φαίνοιτο
518 1518 678 1555 inverso
707 1515 847 1553 ordine
876 1517 919 1554 Ρ.
940 1517 981 1553 S.
1000 1516 1084 1554 Cas.
1112 1537 1162 1543 ——-
1205 1517 1306 1554 Mox
1322 1527 1398 1565 pro
1418 1511 1492 1564 μὲν
1515 1515 1556 1551 in
1577 1514 1710 1552 verbis

307 1583 349 1624 ἓν
375 1586 432 1639 τῷ
463 1580 571 1638 αὐτῷ
598 1580 672 1633 μὲν
706 1578 970 1632 ἀποστήματι.
999 1582 1052 1619 Ν.
1079 1581 1255 1619 correxit
1277 1577 1381 1630 με’νει
1409 1586 1447 1618 et
1470 1580 1522 1618 H.
1551 1579 1711 1618 exhibet

305 1649 453 1703 μέντοι.
482 1671 537 1678 -—-
584 1649 682 1688 cod.
703 1649 757 1686 N.
780 1661 854 1699 pro
874 1647 1088 1696 ἰσοταχῶς,
1117 1646 1222 1698 quod
1240 1647 1355 1685 etiam
1380 1646 1474 1696 legit
1498 1648 1591 1696 Bag.
1615 1659 1711 1684 ver-

304 1724 392 1756 tens
420 1729 549 1767 aeque
559 1715 764 1762 veleriter,
795 1713 955 1752 exhibet
981 1712 1140 1763 ἰσαχῶς.
1171 1733 1224 1742 —-
1281 1713 1477 1763 Deinceps
1504 1726 1578 1763 pro
1606 1708 1707 1763 μήτε

306 1811 316 1821 .
332 1810 341 1819 .
355 1809 364 1819 .
378 1811 388 1820 .
415 1779 515 1832 μήτε
545 1780 652 1832 quod
671 1780 864 1831 praebent
882 1782 927 1819 F.
949 1781 1003 1818 H.
1025 1781 1077 1818 N.
1098 1780 1205 1818 cam.
1224 1781 1269 1818 P.
1292 1780 1333 1817 S.
1361 1779 1484 1817 Bekk.
1514 1775 1570 1828 μὴ
1600 1804 1611 1815 .
1633 1804 1644 1815 .
1664 1804 1674 1815 .
1695 1804 1706 1815 .

304 1846 402 1900 μήτε
440 1848 557 1885 habet
588 1848 661 1893 E.,
698 1842 755 1895 μὴ
783 1872 925 1884 .....
953 1842 1062 1895 μηδέ
1089 1847 1135 1883 Α.
1166 1846 1258 1893 Er.,
1300 1841 1400 1894 μήτε
1432 1870 1578 1882 .....
1605 1840 1712 1894 μηδέ

304 1917 387 1955 Cas.
406 1913 596 1953 Coniicias
616 1912 805 1962 scriptum
830 1923 912 1948 esse
932 1911 979 1948 ab
998 1908 1216 1948 Aristotele
1240 1906 1341 1959 μήτε
1371 1938 1382 1948 .
1403 1936 1414 1946 .
1435 1937 1446 1948 .
1466 1936 1478 1947 .
1507 1906 1628 1959 μηδέ,
1657 1908 1707 1946 de

303 1994 381 2032 quo
401 1993 517 2018 nemo
537 1978 702 2028 amplius
722 1983 812 2028 post
839 1977 1015 2026 Reisig
1045 1977 1262 2014 Comment.
1287 1975 1385 2013 Oed.
1407 1975 1546 2012 colon.
1575 1988 1612 2025 p.
1626 1979 1704 2013 303

303 2047 467 2085 dubitat.
525 2045 610 2084 cfr.
642 2043 894 2082 Schaefer
932 2042 983 2080 ad
1009 2041 1171 2080 Lamb.
1202 2043 1289 2079 Bos.
1325 2053 1365 2091 p.
1387 2043 1483 2079 777.
1538 2042 1595 2079 Ita
1621 2040 1706 2090 ipse

300 2110 627 2153 Aristoteles
658 2110 783 2147 Polit.
818 2111 878 2158 ΙΙ,
905 2111 949 2146 8:
972 2116 974 2120 ’
1000 2103 1099 2157 μήτε
1124 2103 1226 2145 κατὰ
1253 2102 1298 2144 τὸ
1329 2103 1427 2144 αὐτὸ
1457 2100 1553 2144 εἶναι
1580 2102 1703 2157 γένος,

300 2175 404 2230 μηδὲ
432 2178 550 2217 τοῦτο
578 2172 624 2215 τὸ
651 2171 785 2226 τυχόν.
814 2194 867 2204 -
921 2173 1105 2224 Denique
1134 2168 1333 2211 ἀδύνατον
1360 2168 1435 2223 τὴν
1456 2167 1579 2222 αὐτὴν
1607 2166 1703 2210 εἶναι

302 2243 473 2298 ἔμφασιν
501 2243 554 2281 Ν.

411 2313 450 2349 9.
482 2308 561 2347 Pro
581 2308 639 2362 τῷ
664 2309 711 2347 Ε.
738 2306 898 2345 exhibet
918 2302 1070 2359 τούτῳ,
1110 2305 1176 2356 qui
1205 2302 1269 2343 καὶ
1300 2304 1447 2342 omittit
1473 2304 1587 2341 etiam
1613 2308 1704 2352 post

300 2379 471 2416 κινεῖται.
497 2398 553 2406 -
578 2370 779 2424 μενόντων
802 2368 937 2424 ὴμῶν,
968 2386 1057 2410 cum
1082 2379 1188 2410 terra
1212 2370 1428 2409 secundum
1445 2367 1701 2407 Aristotelem

300 2441 511 2481 immobilis
539 2441 589 2478 sit
610 2447 649 2479 et
667 2441 805 2491 quieta.
834 2440 904 2477 cfr.
929 2439 978 2476 de
998 2439 1108 2475 eaelo
1136 2439 1194 2485 H,
1225 2440 1290 2474 13.
1320 2450 1360 2487 p.
1381 2438 1473 2482 293,
1491 2434 1516 2471 b
1536 2447 1618 2484 sqq.
1651 2453 1701 2461 —-

300 2504 448 2559 ὁμοίως
484 2507 610 2545 intell.
652 2519 741 2544 cum
771 2507 830 2544 sol
861 2511 899 2542 et
921 2504 1001 2542 fixa
1024 2503 1153 2542 sidera
1182 2503 1327 2542 circulo
1359 2505 1606 2539 moveantur.
1648 2518 1700 2527 —-

297 2571 419 2624 μέσον
446 2587 521 2625 pro
546 2569 680 2622 μέσων
709 2574 754 2611 Ε.
785 2592 835 2601 -—
865 2567 1064 2609 ἀνατέλλει
1092 2571 1139 2608 F.
1184 2581 1300 2618 quem
1327 2565 1448 2604 secuti
1475 2571 1565 2603 sunt
1592 2563 1636 2601 P.
1657 2566 1697 2602 S.

299 2642 404 2688 Cas„
430 2653 540 2678 more
557 2638 786 2690 posterioris
807 2637 893 2675 aevi
914 2637 1171 2687 scriptorum,
1202 2634 1267 2684 qui
1292 2631 1483 2671 vocabulo
1512 2627 1698 2680 ἁνατολή,

295 2706 360 2744 cui
385 2705 610 2756 oppositum
642 2700 776 2752 δύσις,
821 2702 1088 2753 significabant
1124 2705 1292 2738 ortum
1329 2697 1696 2748 quotidianum,

296 2771 488 2810 vocabulo
512 2766 684 2819 ἓπιτολή,
714 2771 776 2807 cui
797 2782 935 2820 oppos.
965 2763 1126 2818 κρύψις,
1154 2777 1372 2803 annuum
1400 2764 1472 2802 cfr.
1502 2763 1696 2802 Gemin.
