1774 3198
267 344 393 402 χ522
515 364 961 407 COMMENTARIUS
989 366 1050 406 1N
1077 351 1480 411 METEOROLOG.
1516 370 1518 373 ·

408 481 449 517 7.
481 477 576 515 Post
601 473 837 528 ξηροτέρους
862 476 907 517 Ρ.
932 476 1022 516 cas.
1048 477 1198 516 addunt
1234 474 1391 528 [ὄντας]
1432 480 1540 518 uncis
1565 477 1692 520 inelu-

297 557 396 582 sum.
417 561 472 570 -—-
498 538 571 591 τὴν
596 538 725 579 αἰτίαν
750 538 922 592 εἴπομεν.
949 544 982 591 Ι,
1005 542 1070 593 14,
1095 547 1146 583 17
1161 556 1244 595 sqq.
1261 563 1316 573 —
1343 541 1446 590 κατά
1464 558 1552 584 τινα
1571 543 1692 586 τύπον

296 623 372 661 pro
395 603 496 646 κατά
519 620 609 646 τινα
632 603 779 660 χρόνον
799 609 852 649 Η.
869 607 927 647 Ν.
949 629 1004 636 -
1042 606 1259 661 γενομένων
1282 623 1358 662 pro
1382 609 1594 663 γινομένων
1621 626 1692 650 ex-

294 674 403 713 hibet
428 675 474 712 F.

406 744 443 780 8.
470 738 534 779 καὶ
549 736 667 779 πάλιν
687 736 770 793 γὰρ
798 736 907 779 ἕσται
934 753 1016 780 non
1031 742 1167 793 inepte
1186 743 1237 781 H.
1256 743 1308 782 N.
1337 756 1378 794 γε
1395 756 1558 795 prorsus
1576 745 1693 783 omit-

294 808 343 846 tit
361 809 408 846 E.
426 829 481 836 ——
506 807 605 846 Post
623 804 687 845 καὶ
707 803 828 846 τοῦθ’
854 803 960 846 οὕτω
978 808 1128 846 maiore
1144 809 1392 847 distinctione
1409 811 1692 862 interpungunt

294 880 334 913 et
359 873 501 912 deinde
526 886 600 925 pro
629 869 730 911 κατά
759 872 947 911 exhibent
973 872 1042 911 καί
1065 875 1113 913 Ε.
1134 875 1188 912 Η.
1209 875 1261 915 N.
1285 876 1336 914 G.
1368 876 1433 925 qui
1458 882 1589 914 tamen
1615 877 1691 914 iam

293 937 396 980 κατά
423 940 618 988 correxit,
647 939 796 978 Alex.
826 940 895 978 fol.
919 941 982 988 95,
1001 953 1036 978 a.
1055 941 1107 978 A.
1130 964 1179 969 —
1209 942 1335 979 ταῦτα
1352 948 1442 992 post
1461 939 1528 980 διά
1547 943 1693 980 omittit

290 1009 340 1046 E.
362 1028 412 1033 —-
441 1002 535 1046 ὅλον
558 1005 745 1044 omittunt
769 1006 819 1044 Η.
837 1006 889 1044 Ν.
918 1020 1085 1058 quorum
1113 1007 1310 1058 posterior
1336 1020 1411 1059 pro
1430 1005 1692 1058 μεταβάλλειν

291 1073 453 1112 exhibet
468 1072 783 1123 μεταβαλεῖν.-
810 1071 961 1111 πλείω
989 1074 1077 1124 τῆς
1105 1070 1162 1119 ἀξ
1170 1071 1186 1110 ι’
1192 1087 1247 1118 ας
1265 1074 1377 1122 dixit,
1403 1087 1557 1112 memor
1575 1086 1693 1124 prae-

290 1141 410 1191 cepti,
440 1138 546 1190 quod
569 1140 709 1188 Topic.
730 1140 764 1186 I,
786 1140 837 1176 14
870 1138 1033 1183 dederat
1051 1145 1092 1177 et
1115 1139 1254 1177 Etlzic.
1276 1140 1522 1179 Nic-emach.
1541 1143 1571 1190 Ι,
1593 1141 1631 1188 4,
1651 1139 1691 1179 4.

289 1205 459 1244 Eadem.
481 1207 512 1253 Ι,
532 1208 556 1243 3
585 1205 746 1242 ineunte
764 1205 925 1255 repetit.
981 1204 1174 1252 SecundO,
1196 1218 1313 1255 quem
1331 1206 1586 1254 laudavimus,
1604 1207 1691 1244 loco

289 1273 365 1310 εἰπε
416 1266 575 1316 ἁπάσας
604 1267 678 1320 μὲν
707 1261 777 1308 οὖν
807 1266 995 1317 ἐξετάζειν
1031 1266 1105 1315 τὰς
1143 1266 1263 1315 δόξας
1296 1268 1559 1320 ματαιότερον
1596 1268 1691 1316 ἴσως

288 1335 409 1376 ἐστίν.
438 1334 583 1382 ἱκανῶς
609 1332 653 1374 δὲ
678 1333 750 1382 τὰς
775 1333 950 1387 μάλιστα
972 1332 1301 1384 ἕπιπολαζούσας,
1330 1332 1354 1386 ἢ
1376 1329 1572 1382 δοιὲούσας
1591 1333 1688 1386 ἔχειν

288 1399 377 1443 τινὰ
406 1399 538 1454 λόγον.
893 1444 898 1446 ¹

399 1473 437 1509 9.
468 1463 646 1521 ἁλμυρόν
665 1481 739 1519 pro
760 1463 942 1520 ἇλμυράν
958 1468 1102 1519 absque
1119 1481 1234 1506 sensu
1252 1469 1298 1506 E.
1318 1491 1374 1498 -
1401 1467 1435 1507 εἲ
1451 1464 1525 1520 γάρ
1546 1470 1687 1507 omisso

287 1551 330 1576 τε
344 1537 392 1575 Ε.
405 1537 449 1574 F.
468 1555 522 1563 -—
549 1535 776 1573 Articulum
795 1540 885 1585 post
900 1535 973 1572 τοῦ
998 1529 1120 1586 ῧγροῦ
1142 1534 1329 1571 omittunt
1345 1534 1451 1572 Cam.
1470 1535 1516 1572 P.
1535 1536 1620 1574 Cas.
1633 1558 1687 1564 ——

289 1601 437 1655 ἐγένετο
463 1613 538 1653 pro
573 1598 702 1653 γέγονε
730 1603 776 1641 F.
796 1601 848 1639 Η.
866 1601 918 1639 N.
941 1601 1050 1639 Cam.
1076 1589 1256 1652 ’γρ-,Οει
1292 1621 1347 1629 --
1402 1598 1443 1639 ἐν
1476 1596 1592 1638 ὕδατι
1630 1602 1687 1655 τῷ

287 1669 423 1723 πολλῷ
449 1668 610 1707 inverso
642 1667 783 1705 ordine
814 1667 923 1706 Cam.
953 1667 998 1705 P.
1029 1667 1069 1705 S.
1100 1667 1186 1705 Cas.
1222 1687 1270 1695 —
1325 1677 1486 1717 συμμι
1493 1667 1598 1716 χθιῖ
1608 1681 1688 1705 ναι

288 1761 429 1774 .....
466 1731 717 1784 τοιαύτην
751 1733 968 1772 fluviorum
995 1732 1182 1771 nimirum
1210 1746 1287 1784 ope
1311 1733 1492 1771 adlatam.
1529 1752 1581 1760 -
1625 1730 1689 1770 ἕλ-

285 1787 490 1847 θόντοςῖ.
509 1815 544 1839 e.
574 1795 888 1848 ἐπανελθόντος,
917 1796 1201 1848 καταχθέντος.
1224 1821 1280 1827 -
1317 1797 1587 1850 διατμίζοντος
1615 1811 1688 1849 pro

286 1865 568 1917 διατμίσαντος
584 1866 745 1905 exhibet
763 1864 811 1903 E.
827 1862 1145 1915 διατμισθέντος
1161 1865 1213 1902 A.
1239 1853 1307 1916 {43-
1321 1865 1407 1903 Cas.
1444 1885 1497 1893 —
1544 1860 1570 1914 ἥ
1598 1871 1688 1902 ante

286 1931 321 1971 εἰ
346 1929 454 1983 μηδέ
478 1931 588 1970 deest
605 1932 648 1970 in
671 1930 721 1970 E.
747 1931 822 1981 A.,
852 1931 919 1981 qui
938 1929 1081 1968 deinde
1107 1942 1182 1980 pro
1209 1928 1243 1967 εἰ
1257 1919 1543 1980 pende‘exhibet
1566 1928 1601 1967 εἰ
1615 1926 1687 1979 μή.

286 1999 394 2041 Cam.
421 1999 466 2036 P.
486 1998 526 2036 S.
551 1998 637 2036 Cas.
666 1997 856 2048 praebent
879 1995 913 2034 εἶ
933 1993 977 2034 δὲ
999 1991 1070 2046 μή.
1099 1995 1153 2033 Ν.
1193 1993 1228 2033 εἴ
1249 1992 1354 2046 μηδὲ
1379 1991 1435 2046 μή
1465 1994 1597 2032 addito
1615 1992 1684 2045 μή.

283 2085 340 2095 -—
370 2064 507 2104 Verba
532 2059 630 2115 μηδ’
662 2058 829 2114 ὕστερον
859 2057 1040 2114 ἁλμυρὰν
1067 2057 1190 2111 αὐτὴν
1218 2056 1315 2100 εἶναι
1343 2061 1470 2112 prima
1495 2074 1614 2098 manu
1640 2073 1686 2097 o—

284 2131 405 2170 mittit
430 2131 485 2168 N.

397 2201 462 2235 10.
505 2192 559 2235 τὸ
596 2196 800 2248 πρῶτον
838 2189 1002 2240 εὐθύς
1038 2199 1174 2233 verte:
1212 2194 1359 2231 statim.
1384 2192 1437 2230 ab
1469 2194 1604 2232 initio.
1631 2215 1686 2222 —-

284 2262 425 2313 πάσχω
453 2276 526 2314 pro
555 2258 695 2311 πάσχει
725 2262 834 2300 Cam.
861 2266 1000 2312 aperto
1023 2261 1169 2298 mendo
1194 2258 1492 2311 typographico.
1512 2281 1566 2287 —
1608 2261 1684 2297 Pro

284 2325 571 2380 ἓμμιγνυμένην
601 2327 654 2365 Ν.
677 2327 838 2365 exhibet
854 2323 1155 2378 ἓμμεμιγμένην.
1179 2327 1228 2365 A.
1248 2326 1352 2364 Cam.
1373 2326 1416 2363 P.
1435 2326 1475 2362 S.
1493 2326 1580 2364 Cas.
1597 2331 1685 2376 post

284 2390 562 2445 ἆλμυρότητος
581 2394 730 2432 maiore
749 2393 1067 2444 interpunctione
1085 2393 1328 2443 distinguunt
1345 2397 1383 2429 et
1401 2388 1684 2442 ἐμμιγνυμι-’νην

283 2461 335 2498 ad
355 2461 554 2511 sequentia
573 2459 736 2498 trahunt
754 2461 821 2507 ita,
850 2466 895 2497 ut
916 2458 1096 2497 ordinem
1113 2459 1329 2498 verborum
1349 2453 1425 2510 γάρ
1445 2464 1485 2495 et
1504 2454 1599 2506 ἔχειν
1617 2457 1682 2494 in·-

284 2533 454 2565 vertnnt.
477 2549 532 2556 --
562 2523 711 2564 ἄτοπον
730 2524 795 2564 καὶ
811 2523 856 2564 τὸ
878 2522 958 2575 μή,
987 2525 1122 2563 addito
1146 2524 1213 2563 καί
1230 2527 1277 2564 F.

399 2597 462 2630 11.
493 2588 602 2638 ὅπως
627 2603 703 2642 pro
729 2587 834 2630 οὕτω
852 2591 906 2628 N.
932 2612 986 2620 -—-
1015 2593 1116 2630 Mox
1146 2590 1267 2641 δῆλον
1293 2587 1368 2642 γὰρ
1393 2588 1427 2628 εἰ
1449 2585 1473 2639 ἢ
1496 2585 1682 2626 θάλαττα

290 2659 336 2696 N.
360 2659 489 2709 posito
518 2657 552 2696 εἰ
575 2671 649 2708 pro
678 2653 759 2696 1‘2'u:
787 2663 1000 2707 utrumque
1020 2648 1224 2706 coniungit
1241 2653 1292 2691 A.
1347 2653 1395 2691 In
1407 2651 1465 2698 iis,
1495 2663 1593 2700 quae
1619 2643 1682 2689 {e—

284 2731 480 2773 qunnnu·‚
511 2724 671 2774 insignis
702 2728 760 2760 est
786 2723 964 2760 lectionis
990 2724 1181 2761 varietas:
1219 2715 1377 2757 οὐθὲν
1403 2713 1477 2767 γὰρ
1508 2714 1681 2768 ὁιείρερεν

286 2790 446 2826 exhibet
475 2792 519 2828 Ε.
562 2788 602 2828 ἒν
632 2788 772 2827 οὐθενί
796 2802 831 2839 2¹.
862 2786 899 2826 ὃ.
929 2790 974 2826 Ι·“.
995 2789 1045 2826 Η.
1076 2788 1150 2834 N„
1189 2786 1255 2835 qui
1281 2784 1393 2828 etiam
1419 2779 1493 2834 γάρ
1526 2784 1681 2822 omittit.
