<?xml version="1.0" encoding="UTF-8"?>
<!DOCTYPE html PUBLIC "-//W3C//DTD XHTML 1.0 Transitional//EN"
    "http://www.w3.org/TR/xhtml1/DTD/xhtml1-transitional.dtd">
<html xmlns="http://www.w3.org/1999/xhtml" xml:lang="en" lang="en">
 <head>
  <title>
</title>
<meta http-equiv="Content-Type" content="text/html;charset=utf-8" />
  <meta name='ocr-system' content='tesseract 3.04.00' />
  <meta name='ocr-capabilities' content='ocr_page ocr_carea ocr_par ocr_line ocrx_word'/>
</head>
<body>
  <div class='ocr_page' id='page_1' title='image "./meteorologicorum01arisuoft_0038.png"; bbox 0 0 1708 3178; ppageno 0'>
   <div class='ocr_carea' id='block_1_1' title="bbox 190 376 1092 422">
    <p class='ocr_par' dir='ltr' id='par_1_1' title="bbox 190 376 1092 422">
     <span class='ocr_line' id='line_1_1' title="bbox 190 376 1092 422; baseline 0.002 -4"><span class='ocrx_word' id='word_1_1' title='bbox 190 376 387 420; x_wconf 84' lang='lat' dir='ltr'>XXXIV</span> <span class='ocrx_word' id='word_1_2' title='bbox 683 378 1092 422; x_wconf 84' lang='lat' dir='ltr'><strong>PRAEFATIO.</strong></span> 
     </span>
    </p>
   </div>
   <div class='ocr_carea' id='block_1_2' title="bbox 189 487 1604 1085">
    <p class='ocr_par' dir='ltr' id='par_1_2' title="bbox 189 487 1604 1085">
     <span class='ocr_line' id='line_1_2' title="bbox 191 487 1597 546; baseline 0.002 -18"><span class='ocrx_word' id='word_1_3' title='bbox 191 489 299 529; x_wconf 90' lang='lat' dir='ltr'><strong>dam.</strong></span> <span class='ocrx_word' id='word_1_4' title='bbox 358 488 406 529; x_wconf 93' lang='lat' dir='ltr'><strong>In</strong></span> <span class='ocrx_word' id='word_1_5' title='bbox 436 487 557 529; x_wconf 87' lang='lat' dir='ltr'><strong>libris</strong></span> <span class='ocrx_word' id='word_1_6' title='bbox 586 489 636 528; x_wconf 88' lang='lat' dir='ltr'><strong>de</strong></span> <span class='ocrx_word' id='word_1_7' title='bbox 667 490 806 531; x_wconf 87' lang='lat' dir='ltr'><strong>anima</strong></span> <span class='ocrx_word' id='word_1_8' title='bbox 834 490 1322 546; x_wconf 62' lang='lat' dir='ltr'><strong>explicandis&#39;Gessneri</strong></span> <span class='ocrx_word' id='word_1_9' title='bbox 1360 505 1482 545; x_wconf 88' lang='lat' dir='ltr'><strong>opere</strong></span> <span class='ocrx_word' id='word_1_10' title='bbox 1524 506 1597 532; x_wconf 90' lang='lat' dir='ltr'><strong>nu-</strong></span> 
     </span>
     <span class='ocr_line' id='line_1_3' title="bbox 189 554 1599 613; baseline 0.002 -18"><span class='ocrx_word' id='word_1_11' title='bbox 189 556 370 609; x_wconf 87' lang='lat' dir='ltr'><strong>perrime</strong></span> <span class='ocrx_word' id='word_1_12' title='bbox 401 555 469 595; x_wconf 88' lang='lat' dir='ltr'><strong>hic</strong></span> <span class='ocrx_word' id='word_1_13' title='bbox 497 554 584 596; x_wconf 89' lang='lat' dir='ltr'><strong>illic</strong></span> <span class='ocrx_word' id='word_1_14' title='bbox 613 570 712 597; x_wconf 87' lang='lat' dir='ltr'><strong>usus</strong></span> <span class='ocrx_word' id='word_1_15' title='bbox 742 566 806 599; x_wconf 87' lang='lat' dir='ltr'><strong>est</strong></span> <span class='ocrx_word' id='word_1_16' title='bbox 834 557 1396 613; x_wconf 80' lang='lat' dir='ltr'><strong>Trendelenburgius.</strong></span> <span class='ocrx_word' id='word_1_17' title='bbox 1438 581 1493 588; x_wconf 92' lang='lat'><strong>——</strong></span> <span class='ocrx_word' id='word_1_18' title='bbox 1533 558 1599 599; x_wconf 90' lang='lat' dir='ltr'><strong>De</strong></span> 
     </span>
     <span class='ocr_line' id='line_1_4' title="bbox 190 622 1600 681; baseline 0.003 -19"><span class='ocrx_word' id='word_1_19' title='bbox 190 622 261 663; x_wconf 90' lang='lat' dir='ltr'><strong>Ac</strong></span> <span class='ocrx_word' id='word_1_20' title='bbox 272 637 294 663; x_wconf 90' lang='lat' dir='ltr'><strong>c</strong></span> <span class='ocrx_word' id='word_1_21' title='bbox 306 637 330 663; x_wconf 93' lang='lat' dir='ltr'><strong>o</strong></span> <span class='ocrx_word' id='word_1_22' title='bbox 342 637 445 663; x_wconf 85' lang='lat' dir='ltr'><strong>ram</strong></span> <span class='ocrx_word' id='word_1_23' title='bbox 457 622 482 662; x_wconf 95' lang='lat' dir='ltr'>b</span> <span class='ocrx_word' id='word_1_24' title='bbox 494 636 519 662; x_wconf 95' lang='lat' dir='ltr'><strong>o</strong></span> <span class='ocrx_word' id='word_1_25' title='bbox 531 637 555 663; x_wconf 92' lang='lat' dir='ltr'><strong>n</strong></span> <span class='ocrx_word' id='word_1_26' title='bbox 569 636 593 662; x_wconf 91' lang='lat' dir='ltr'><strong>o</strong></span> <span class='ocrx_word' id='word_1_27' title='bbox 625 638 748 678; x_wconf 86' lang='lat' dir='ltr'><strong>supra</strong></span> <span class='ocrx_word' id='word_1_28' title='bbox 771 626 952 667; x_wconf 82' lang='lat' dir='ltr'>diximus</span> <span class='ocrx_word' id='word_1_29' title='bbox 979 628 1016 676; x_wconf 68' lang='lat'><strong>§-</strong></span> <span class='ocrx_word' id='word_1_30' title='bbox 1033 626 1107 667; x_wconf 89' lang='grc' dir='ltr'><strong>ΙΙΙ.</strong></span> <span class='ocrx_word' id='word_1_31' title='bbox 1137 651 1192 658; x_wconf 86' lang='grc'><strong>--</strong></span> <span class='ocrx_word' id='word_1_32' title='bbox 1231 625 1390 667; x_wconf 87' lang='lat' dir='ltr'><strong>Ultimo</strong></span> <span class='ocrx_word' id='word_1_33' title='bbox 1423 627 1600 681; x_wconf 88' lang='lat' dir='ltr'><strong>denique</strong></span> 
     </span>
     <span class='ocr_line' id='line_1_5' title="bbox 190 689 1602 749; baseline 0.004 -20"><span class='ocrx_word' id='word_1_34' title='bbox 190 689 285 730; x_wconf 89' lang='lat' dir='ltr'><strong>loco</strong></span> <span class='ocrx_word' id='word_1_35' title='bbox 323 692 707 732; x_wconf 85' lang='lat' dir='ltr'><strong>commemorandus</strong></span> <span class='ocrx_word' id='word_1_36' title='bbox 737 701 799 733; x_wconf 89' lang='lat' dir='ltr'><strong>est</strong></span> <span class='ocrx_word' id='word_1_37' title='bbox 836 693 1234 749; x_wconf 87' lang='lat' dir='ltr'><strong>Koenigmann,</strong></span> <span class='ocrx_word' id='word_1_38' title='bbox 1288 695 1358 749; x_wconf 91' lang='lat' dir='ltr'><strong>qui</strong></span> <span class='ocrx_word' id='word_1_39' title='bbox 1395 708 1472 735; x_wconf 86' lang='lat' dir='ltr'><strong>sex</strong></span> <span class='ocrx_word' id='word_1_40' title='bbox 1508 708 1602 748; x_wconf 91' lang='lat' dir='ltr'><strong>pro-</strong></span> 
     </span>
     <span class='ocr_line' id='line_1_6' title="bbox 191 758 1602 815; baseline 0.003 -18"><span class='ocrx_word' id='word_1_41' title='bbox 191 766 421 811; x_wconf 77' lang='lat' dir='ltr'>grammata</span> <span class='ocrx_word' id='word_1_42' title='bbox 452 759 582 798; x_wconf 83' lang='lat' dir='ltr'>edidit</span> <span class='ocrx_word' id='word_1_43' title='bbox 610 758 1028 813; x_wconf 76' lang='lat' dir='ltr'><strong>Schleswig1803-</strong></span> <span class='ocrx_word' id='word_1_44' title='bbox 1047 764 1166 811; x_wconf 86' lang='lat'><strong>1805,</strong></span> <span class='ocrx_word' id='word_1_45' title='bbox 1195 763 1240 801; x_wconf 89' lang='lat' dir='ltr'><strong>in</strong></span> <span class='ocrx_word' id='word_1_46' title='bbox 1268 761 1414 815; x_wconf 90' lang='lat' dir='ltr'><strong>quibus</strong></span> <span class='ocrx_word' id='word_1_47' title='bbox 1441 761 1602 802; x_wconf 89' lang='lat' dir='ltr'><strong>Aristo-</strong></span> 
     </span>
     <span class='ocr_line' id='line_1_7' title="bbox 192 823 1603 881; baseline 0.004 -18"><span class='ocrx_word' id='word_1_48' title='bbox 192 823 285 864; x_wconf 87' lang='lat' dir='ltr'><strong>telis</strong></span> <span class='ocrx_word' id='word_1_49' title='bbox 317 824 615 879; x_wconf 83' lang='lat' dir='ltr'>geographiam</span> <span class='ocrx_word' id='word_1_50' title='bbox 643 826 1001 877; x_wconf 83' lang='lat' dir='ltr'><strong>mathematicam,</strong></span> <span class='ocrx_word' id='word_1_51' title='bbox 1031 826 1270 881; x_wconf 84' lang='lat' dir='ltr'><strong>physicam,</strong></span> <span class='ocrx_word' id='word_1_52' title='bbox 1299 837 1340 868; x_wconf 91' lang='lat' dir='ltr'><strong>et</strong></span> <span class='ocrx_word' id='word_1_53' title='bbox 1364 828 1603 869; x_wconf 81' lang='lat' dir='ltr'><strong>historicam</strong></span> 
     </span>
     <span class='ocr_line' id='line_1_8' title="bbox 192 891 1604 949; baseline 0.003 -18"><span class='ocrx_word' id='word_1_54' title='bbox 192 891 419 946; x_wconf 83' lang='lat' dir='ltr'><strong>explanare</strong></span> <span class='ocrx_word' id='word_1_55' title='bbox 435 901 605 934; x_wconf 88' lang='lat' dir='ltr'><strong>conatus</strong></span> <span class='ocrx_word' id='word_1_56' title='bbox 617 902 692 944; x_wconf 90' lang='lat' dir='ltr'><strong>est,</strong></span> <span class='ocrx_word' id='word_1_57' title='bbox 706 893 986 949; x_wconf 88' lang='lat' dir='ltr'><strong>nonnullaque</strong></span> <span class='ocrx_word' id='word_1_58' title='bbox 1005 893 1101 935; x_wconf 89' lang='lat' dir='ltr'><strong>loca</strong></span> <span class='ocrx_word' id='word_1_59' title='bbox 1120 909 1204 935; x_wconf 91' lang='lat' dir='ltr'><strong>non</strong></span> <span class='ocrx_word' id='word_1_60' title='bbox 1225 893 1447 935; x_wconf 84' lang='lat' dir='ltr'><strong>infeliciter</strong></span> <span class='ocrx_word' id='word_1_61' title='bbox 1466 908 1604 935; x_wconf 90' lang='lat' dir='ltr'><strong>emen-</strong></span> 
     </span>
     <span class='ocr_line' id='line_1_9' title="bbox 193 954 1603 1017; baseline 0.003 -20"><span class='ocrx_word' id='word_1_62' title='bbox 193 959 318 1008; x_wconf 80' lang='lat' dir='ltr'><strong>davit,</strong></span> <span class='ocrx_word' id='word_1_63' title='bbox 347 958 471 1013; x_wconf 85' lang='lat' dir='ltr'><strong>longe</strong></span> <span class='ocrx_word' id='word_1_64' title='bbox 492 959 610 1014; x_wconf 89' lang='lat' dir='ltr'><strong>plura</strong></span> <span class='ocrx_word' id='word_1_65' title='bbox 631 975 730 1002; x_wconf 81' lang='lat' dir='ltr'><strong>vero</strong></span> <span class='ocrx_word' id='word_1_66' title='bbox 762 963 863 1002; x_wconf 88' lang='lat' dir='ltr'><strong>satis</strong></span> <span class='ocrx_word' id='word_1_67' title='bbox 892 963 1112 1016; x_wconf 87' lang='lat' dir='ltr'><strong>insigniter</strong></span> <span class='ocrx_word' id='word_1_68' title='bbox 1134 964 1326 1017; x_wconf 88' lang='lat' dir='ltr'><strong>corrupit,</strong></span> <span class='ocrx_word' id='word_1_69' title='bbox 1357 954 1603 1017; x_wconf 77' lang='lat' dir='ltr'><strong>omninoque</strong></span> 
     </span>
     <span class='ocr_line' id='line_1_10' title="bbox 193 1025 1380 1085; baseline 0.003 -20"><span class='ocrx_word' id='word_1_70' title='bbox 193 1025 322 1066; x_wconf 90' lang='lat' dir='ltr'><strong>multa</strong></span> <span class='ocrx_word' id='word_1_71' title='bbox 350 1027 499 1069; x_wconf 83' lang='lat' dir='ltr'><strong>futuris</strong></span> <span class='ocrx_word' id='word_1_72' title='bbox 531 1029 824 1084; x_wconf 83' lang='lat' dir='ltr'><strong>interpretibus</strong></span> <span class='ocrx_word' id='word_1_73' title='bbox 854 1028 1117 1083; x_wconf 88' lang='lat' dir='ltr'><strong>explananda</strong></span> <span class='ocrx_word' id='word_1_74' title='bbox 1146 1029 1312 1085; x_wconf 88' lang='lat' dir='ltr'><strong>reliquit</strong></span> <span class='ocrx_word' id='word_1_75' title='bbox 1331 1028 1380 1083; x_wconf 71' lang='lat'><strong>*).</strong></span> 
     </span>
    </p>
   </div>
   <div class='ocr_carea' id='block_1_3' title="bbox 192 1136 1610 2817">
    <p class='ocr_par' dir='ltr' id='par_1_3' title="bbox 192 1136 1610 2410">
     <span class='ocr_line' id='line_1_11' title="bbox 304 1136 1606 1193; baseline 0.001 -15"><span class='ocrx_word' id='word_1_76' title='bbox 304 1136 477 1179; x_wconf 85' lang='lat' dir='ltr'><strong>Restant</strong></span> <span class='ocrx_word' id='word_1_77' title='bbox 504 1153 634 1193; x_wconf 83' lang='lat' dir='ltr'><strong>pauca</strong></span> <span class='ocrx_word' id='word_1_78' title='bbox 663 1139 714 1179; x_wconf 89' lang='lat' dir='ltr'><strong>de</strong></span> <span class='ocrx_word' id='word_1_79' title='bbox 741 1138 820 1179; x_wconf 88' lang='lat' dir='ltr'><strong>hac</strong></span> <span class='ocrx_word' id='word_1_80' title='bbox 851 1144 994 1178; x_wconf 84' lang='lat' dir='ltr'><strong>nostra</strong></span> <span class='ocrx_word' id='word_1_81' title='bbox 1020 1139 1202 1179; x_wconf 87' lang='lat' dir='ltr'><strong>editione</strong></span> <span class='ocrx_word' id='word_1_82' title='bbox 1222 1139 1442 1179; x_wconf 86' lang='lat' dir='ltr'><strong>monenda.</strong></span> <span class='ocrx_word' id='word_1_83' title='bbox 1501 1137 1606 1179; x_wconf 92' lang='lat' dir='ltr'><strong>Cum</strong></span> 
     </span>
     <span class='ocr_line' id='line_1_12' title="bbox 193 1204 1607 1260; baseline -0.001 -14"><span class='ocrx_word' id='word_1_84' title='bbox 193 1205 378 1260; x_wconf 86' lang='lat' dir='ltr'><strong>physicis</strong></span> <span class='ocrx_word' id='word_1_85' title='bbox 405 1206 668 1247; x_wconf 90' lang='lat' dir='ltr'><strong>scribendum</strong></span> <span class='ocrx_word' id='word_1_86' title='bbox 689 1214 821 1256; x_wconf 88' lang='lat' dir='ltr'><strong>esset,</strong></span> <span class='ocrx_word' id='word_1_87' title='bbox 849 1204 979 1246; x_wconf 90' lang='lat' dir='ltr'><strong>multa</strong></span> <span class='ocrx_word' id='word_1_88' title='bbox 1005 1207 1123 1260; x_wconf 89' lang='lat' dir='ltr'><strong>tetigi</strong></span> <span class='ocrx_word' id='word_1_89' title='bbox 1153 1219 1256 1260; x_wconf 90' lang='lat' dir='ltr'><strong>quae</strong></span> <span class='ocrx_word' id='word_1_90' title='bbox 1287 1205 1501 1260; x_wconf 87' lang='lat' dir='ltr'><strong>philologo</strong></span> <span class='ocrx_word' id='word_1_91' title='bbox 1530 1207 1607 1245; x_wconf 90' lang='lat' dir='ltr'><strong>mi-</strong></span> 
     </span>
     <span class='ocr_line' id='line_1_13' title="bbox 194 1271 1605 1329; baseline -0.001 -15"><span class='ocrx_word' id='word_1_92' title='bbox 194 1288 273 1315; x_wconf 91' lang='lat' dir='ltr'><strong>nus</strong></span> <span class='ocrx_word' id='word_1_93' title='bbox 303 1276 551 1325; x_wconf 86' lang='lat' dir='ltr'><strong>necessaria,</strong></span> <span class='ocrx_word' id='word_1_94' title='bbox 581 1276 768 1329; x_wconf 88' lang='lat' dir='ltr'><strong>quamvis</strong></span> <span class='ocrx_word' id='word_1_95' title='bbox 797 1274 979 1315; x_wconf 90' lang='lat' dir='ltr'><strong>iucunda</strong></span> <span class='ocrx_word' id='word_1_96' title='bbox 1006 1271 1274 1313; x_wconf 86' lang='lat' dir='ltr'><strong>videbuntur:</strong></span> <span class='ocrx_word' id='word_1_97' title='bbox 1306 1274 1380 1314; x_wconf 88' lang='lat' dir='ltr'><strong>sed</strong></span> <span class='ocrx_word' id='word_1_98' title='bbox 1401 1287 1495 1314; x_wconf 92' lang='lat' dir='ltr'><strong>cum</strong></span> <span class='ocrx_word' id='word_1_99' title='bbox 1522 1288 1605 1313; x_wconf 91' lang='lat' dir='ltr'><strong>non</strong></span> 
     </span>
     <span class='ocr_line' id='line_1_14' title="bbox 194 1340 1606 1397; baseline 0.001 -16"><span class='ocrx_word' id='word_1_100' title='bbox 194 1343 330 1382; x_wconf 90' lang='lat' dir='ltr'><strong>minus</strong></span> <span class='ocrx_word' id='word_1_101' title='bbox 358 1341 607 1397; x_wconf 88' lang='lat' dir='ltr'><strong>philologis,</strong></span> <span class='ocrx_word' id='word_1_102' title='bbox 648 1341 780 1383; x_wconf 89' lang='lat' dir='ltr'><strong>multa</strong></span> <span class='ocrx_word' id='word_1_103' title='bbox 809 1350 927 1383; x_wconf 87' lang='lat' dir='ltr'><strong>erant</strong></span> <span class='ocrx_word' id='word_1_104' title='bbox 956 1341 1222 1396; x_wconf 86' lang='lat' dir='ltr'><strong>exponenda,</strong></span> <span class='ocrx_word' id='word_1_105' title='bbox 1272 1355 1375 1396; x_wconf 89' lang='lat' dir='ltr'><strong>quae</strong></span> <span class='ocrx_word' id='word_1_106' title='bbox 1410 1340 1606 1395; x_wconf 91' lang='lat' dir='ltr'><strong>physicus</strong></span> 
     </span>
     <span class='ocr_line' id='line_1_15' title="bbox 193 1407 1607 1459; baseline 0 -10"><span class='ocrx_word' id='word_1_107' title='bbox 193 1407 306 1450; x_wconf 89' lang='lat' dir='ltr'><strong>haud</strong></span> <span class='ocrx_word' id='word_1_108' title='bbox 335 1409 603 1452; x_wconf 84' lang='lat' dir='ltr'><strong>vehementer</strong></span> <span class='ocrx_word' id='word_1_109' title='bbox 633 1411 973 1451; x_wconf 89' lang='lat' dir='ltr'><strong>desideravisset:</strong></span> <span class='ocrx_word' id='word_1_110' title='bbox 1013 1409 1122 1449; x_wconf 87' lang='lat' dir='ltr'><strong>unde</strong></span> <span class='ocrx_word' id='word_1_111' title='bbox 1151 1408 1305 1449; x_wconf 85' lang='lat' dir='ltr'><strong>factum</strong></span> <span class='ocrx_word' id='word_1_112' title='bbox 1335 1418 1421 1459; x_wconf 91' lang='lat' dir='ltr'><strong>est,</strong></span> <span class='ocrx_word' id='word_1_113' title='bbox 1462 1417 1506 1449; x_wconf 89' lang='lat' dir='ltr'><strong>ut</strong></span> <span class='ocrx_word' id='word_1_114' title='bbox 1534 1423 1607 1449; x_wconf 90' lang='lat' dir='ltr'><strong>no-</strong></span> 
     </span>
     <span class='ocr_line' id='line_1_16' title="bbox 194 1475 1607 1533; baseline -0.001 -16"><span class='ocrx_word' id='word_1_115' title='bbox 194 1479 269 1518; x_wconf 87' lang='lat' dir='ltr'><strong>stri</strong></span> <span class='ocrx_word' id='word_1_116' title='bbox 297 1480 583 1519; x_wconf 89' lang='lat' dir='ltr'><strong>commentarii</strong></span> <span class='ocrx_word' id='word_1_117' title='bbox 611 1493 695 1519; x_wconf 91' lang='lat' dir='ltr'><strong>non</strong></span> <span class='ocrx_word' id='word_1_118' title='bbox 724 1478 829 1519; x_wconf 88' lang='lat' dir='ltr'><strong>tales</strong></span> <span class='ocrx_word' id='word_1_119' title='bbox 857 1479 1075 1533; x_wconf 91' lang='lat' dir='ltr'><strong>prodeunt,</strong></span> <span class='ocrx_word' id='word_1_120' title='bbox 1107 1475 1249 1531; x_wconf 87' lang='lat' dir='ltr'><strong>quales</strong></span> <span class='ocrx_word' id='word_1_121' title='bbox 1278 1477 1537 1530; x_wconf 85' lang='lat' dir='ltr'><strong>prodiissent,</strong></span> <span class='ocrx_word' id='word_1_122' title='bbox 1569 1478 1607 1517; x_wconf 91' lang='lat' dir='ltr'><strong>si</strong></span> 
     </span>
     <span class='ocr_line' id='line_1_17' title="bbox 195 1543 1609 1600; baseline 0.001 -17"><span class='ocrx_word' id='word_1_123' title='bbox 195 1551 266 1584; x_wconf 88' lang='lat' dir='ltr'><strong>aut</strong></span> <span class='ocrx_word' id='word_1_124' title='bbox 295 1544 396 1586; x_wconf 91' lang='lat' dir='ltr'><strong>solis</strong></span> <span class='ocrx_word' id='word_1_125' title='bbox 425 1545 608 1599; x_wconf 86' lang='lat' dir='ltr'><strong>physicis</strong></span> <span class='ocrx_word' id='word_1_126' title='bbox 644 1555 716 1586; x_wconf 90' lang='lat' dir='ltr'><strong>aut</strong></span> <span class='ocrx_word' id='word_1_127' title='bbox 752 1545 853 1587; x_wconf 88' lang='lat' dir='ltr'><strong>solis</strong></span> <span class='ocrx_word' id='word_1_128' title='bbox 891 1544 1113 1600; x_wconf 88' lang='lat' dir='ltr'><strong>philologis</strong></span> <span class='ocrx_word' id='word_1_129' title='bbox 1151 1543 1332 1584; x_wconf 89' lang='lat' dir='ltr'><strong>scribere</strong></span> <span class='ocrx_word' id='word_1_130' title='bbox 1371 1545 1609 1585; x_wconf 88' lang='lat' dir='ltr'><strong>constituis-</strong></span> 
     </span>
     <span class='ocr_line' id='line_1_18' title="bbox 194 1612 1608 1668; baseline 0 -17"><span class='ocrx_word' id='word_1_131' title='bbox 194 1626 296 1652; x_wconf 88' lang='lat' dir='ltr'><strong>sem.</strong></span> <span class='ocrx_word' id='word_1_132' title='bbox 354 1612 627 1665; x_wconf 87' lang='lat' dir='ltr'><strong>Physicorum</strong></span> <span class='ocrx_word' id='word_1_133' title='bbox 664 1615 798 1668; x_wconf 85' lang='lat' dir='ltr'><strong>gratia</strong></span> <span class='ocrx_word' id='word_1_134' title='bbox 831 1612 1003 1652; x_wconf 89' lang='lat' dir='ltr'><strong>latinam</strong></span> <span class='ocrx_word' id='word_1_135' title='bbox 1041 1613 1422 1666; x_wconf 82' lang='lat' dir='ltr'><strong>interpretationem</strong></span> <span class='ocrx_word' id='word_1_136' title='bbox 1462 1612 1608 1660; x_wconf 89' lang='lat' dir='ltr'><strong>adieci,</strong></span> 
     </span>
     <span class='ocr_line' id='line_1_19' title="bbox 192 1677 1610 1734; baseline 0 -15"><span class='ocrx_word' id='word_1_137' title='bbox 192 1679 291 1720; x_wconf 89' lang='lat' dir='ltr'><strong>libri</strong></span> <span class='ocrx_word' id='word_1_138' title='bbox 319 1682 442 1734; x_wconf 90' lang='lat' dir='ltr'><strong>primi</strong></span> <span class='ocrx_word' id='word_1_139' title='bbox 470 1694 645 1731; x_wconf 86' lang='lat' dir='ltr'><strong>novam,</strong></span> <span class='ocrx_word' id='word_1_140' title='bbox 676 1681 849 1721; x_wconf 88' lang='lat' dir='ltr'><strong>secundi</strong></span> <span class='ocrx_word' id='word_1_141' title='bbox 876 1693 990 1729; x_wconf 92' lang='lat' dir='ltr'><strong>eam,</strong></span> <span class='ocrx_word' id='word_1_142' title='bbox 1022 1693 1145 1733; x_wconf 89' lang='lat' dir='ltr'><strong>quam</strong></span> <span class='ocrx_word' id='word_1_143' title='bbox 1170 1677 1485 1720; x_wconf 86' lang='lat' dir='ltr'><strong>Vicomercatus</strong></span> <span class='ocrx_word' id='word_1_144' title='bbox 1513 1693 1610 1719; x_wconf 90' lang='lat' dir='ltr'><strong>con-</strong></span> 
     </span>
     <span class='ocr_line' id='line_1_20' title="bbox 195 1746 1609 1802; baseline 0.001 -16"><span class='ocrx_word' id='word_1_145' title='bbox 195 1746 313 1796; x_wconf 81' lang='lat' dir='ltr'><strong>fecit,</strong></span> <span class='ocrx_word' id='word_1_146' title='bbox 357 1749 432 1788; x_wconf 84' lang='lat' dir='ltr'><strong>sed</strong></span> <span class='ocrx_word' id='word_1_147' title='bbox 461 1747 742 1802; x_wconf 86' lang='lat' dir='ltr'><strong>compluribus</strong></span> <span class='ocrx_word' id='word_1_148' title='bbox 770 1750 814 1788; x_wconf 91' lang='lat' dir='ltr'><strong>in</strong></span> <span class='ocrx_word' id='word_1_149' title='bbox 843 1746 947 1787; x_wconf 90' lang='lat' dir='ltr'><strong>locis</strong></span> <span class='ocrx_word' id='word_1_150' title='bbox 977 1746 1249 1786; x_wconf 90' lang='lat' dir='ltr'><strong>emendatam.</strong></span> <span class='ocrx_word' id='word_1_151' title='bbox 1315 1747 1365 1787; x_wconf 89' lang='lat' dir='ltr'><strong>In</strong></span> <span class='ocrx_word' id='word_1_152' title='bbox 1400 1748 1609 1801; x_wconf 87' lang='lat' dir='ltr'><strong>excerptis</strong></span> 
     </span>
     <span class='ocr_line' id='line_1_21' title="bbox 194 1812 1609 1868; baseline 0.001 -15"><span class='ocrx_word' id='word_1_153' title='bbox 194 1827 250 1854; x_wconf 88' lang='lat' dir='ltr'><strong>ex</strong></span> <span class='ocrx_word' id='word_1_154' title='bbox 277 1816 438 1868; x_wconf 88' lang='lat' dir='ltr'><strong>graecis</strong></span> <span class='ocrx_word' id='word_1_155' title='bbox 467 1816 775 1855; x_wconf 88' lang='lat' dir='ltr'><strong>commentariis</strong></span> <span class='ocrx_word' id='word_1_156' title='bbox 806 1815 947 1854; x_wconf 83' lang='lat' dir='ltr'><strong>omnia</strong></span> <span class='ocrx_word' id='word_1_157' title='bbox 975 1815 1057 1853; x_wconf 90' lang='lat' dir='ltr'><strong>ista</strong></span> <span class='ocrx_word' id='word_1_158' title='bbox 1085 1813 1195 1862; x_wconf 90' lang='lat' dir='ltr'><strong>dedi,</strong></span> <span class='ocrx_word' id='word_1_159' title='bbox 1235 1827 1338 1866; x_wconf 91' lang='lat' dir='ltr'><strong>quae</strong></span> <span class='ocrx_word' id='word_1_160' title='bbox 1367 1812 1436 1853; x_wconf 89' lang='lat' dir='ltr'><strong>vel</strong></span> <span class='ocrx_word' id='word_1_161' title='bbox 1463 1814 1515 1853; x_wconf 92' lang='lat' dir='ltr'><strong>ad</strong></span> <span class='ocrx_word' id='word_1_162' title='bbox 1545 1812 1609 1855; x_wconf 91' lang='lat' dir='ltr'><strong>hi-</strong></span> 
     </span>
     <span class='ocr_line' id='line_1_22' title="bbox 195 1880 1607 1937; baseline -0.001 -16"><span class='ocrx_word' id='word_1_163' title='bbox 195 1883 365 1922; x_wconf 88' lang='lat' dir='ltr'><strong>storiam</strong></span> <span class='ocrx_word' id='word_1_164' title='bbox 393 1882 699 1937; x_wconf 91' lang='lat' dir='ltr'><strong>philosophiae,</strong></span> <span class='ocrx_word' id='word_1_165' title='bbox 730 1881 799 1921; x_wconf 90' lang='lat' dir='ltr'><strong>vel</strong></span> <span class='ocrx_word' id='word_1_166' title='bbox 828 1882 879 1922; x_wconf 90' lang='lat' dir='ltr'><strong>ad</strong></span> <span class='ocrx_word' id='word_1_167' title='bbox 901 1880 1118 1921; x_wconf 88' lang='lat' dir='ltr'><strong>historiam</strong></span> <span class='ocrx_word' id='word_1_168' title='bbox 1148 1880 1379 1921; x_wconf 88' lang='lat' dir='ltr'><strong>naturalem</strong></span> <span class='ocrx_word' id='word_1_169' title='bbox 1408 1889 1607 1930; x_wconf 86' lang='lat' dir='ltr'><strong>veterum,</strong></span> 
     </span>
     <span class='ocr_line' id='line_1_23' title="bbox 195 1946 1609 2004; baseline -0.001 -15"><span class='ocrx_word' id='word_1_170' title='bbox 195 1949 263 1990; x_wconf 91' lang='lat' dir='ltr'><strong>vel</strong></span> <span class='ocrx_word' id='word_1_171' title='bbox 300 1950 352 1991; x_wconf 89' lang='lat' dir='ltr'><strong>ad</strong></span> <span class='ocrx_word' id='word_1_172' title='bbox 390 1952 574 1991; x_wconf 88' lang='lat' dir='ltr'><strong>criticam</strong></span> <span class='ocrx_word' id='word_1_173' title='bbox 611 1958 826 2004; x_wconf 88' lang='lat' dir='ltr'><strong>spectant:</strong></span> <span class='ocrx_word' id='word_1_174' title='bbox 873 1950 1098 2002; x_wconf 89' lang='lat' dir='ltr'><strong>ineptiores</strong></span> <span class='ocrx_word' id='word_1_175' title='bbox 1128 1949 1178 1988; x_wconf 91' lang='lat' dir='ltr'><strong>de</strong></span> <span class='ocrx_word' id='word_1_176' title='bbox 1208 1946 1487 1989; x_wconf 88' lang='lat' dir='ltr'><strong>Aristotelicis</strong></span> <span class='ocrx_word' id='word_1_177' title='bbox 1515 1962 1609 1988; x_wconf 89' lang='lat' dir='ltr'><strong>sen-</strong></span> 
     </span>
     <span class='ocr_line' id='line_1_24' title="bbox 196 2015 1609 2059; baseline 0 -2"><span class='ocrx_word' id='word_1_178' title='bbox 196 2019 337 2058; x_wconf 89' lang='lat' dir='ltr'><strong>tentiis</strong></span> <span class='ocrx_word' id='word_1_179' title='bbox 367 2019 678 2059; x_wconf 89' lang='lat' dir='ltr'><strong>dissertationes</strong></span> <span class='ocrx_word' id='word_1_180' title='bbox 708 2018 840 2058; x_wconf 90' lang='lat' dir='ltr'><strong>omisi.</strong></span> <span class='ocrx_word' id='word_1_181' title='bbox 896 2015 946 2056; x_wconf 90' lang='lat' dir='ltr'><strong>In</strong></span> <span class='ocrx_word' id='word_1_182' title='bbox 973 2015 1113 2056; x_wconf 89' lang='lat' dir='ltr'><strong>verbis</strong></span> <span class='ocrx_word' id='word_1_183' title='bbox 1142 2018 1321 2057; x_wconf 87' lang='lat' dir='ltr'><strong>auctoris</strong></span> <span class='ocrx_word' id='word_1_184' title='bbox 1354 2017 1609 2057; x_wconf 89' lang='lat' dir='ltr'><strong>constituen-</strong></span> 
     </span>
     <span class='ocr_line' id='line_1_25' title="bbox 197 2083 1608 2138; baseline -0.001 -12"><span class='ocrx_word' id='word_1_185' title='bbox 197 2086 260 2126; x_wconf 86' lang='lat' dir='ltr'><strong>dis</strong></span> <span class='ocrx_word' id='word_1_186' title='bbox 289 2085 357 2127; x_wconf 92' lang='lat' dir='ltr'><strong>hic</strong></span> <span class='ocrx_word' id='word_1_187' title='bbox 384 2085 470 2126; x_wconf 93' lang='lat' dir='ltr'><strong>illic</strong></span> <span class='ocrx_word' id='word_1_188' title='bbox 499 2100 524 2125; x_wconf 90' lang='lat' dir='ltr'><strong>a</strong></span> <span class='ocrx_word' id='word_1_189' title='bbox 546 2084 742 2126; x_wconf 88' lang='lat' dir='ltr'><strong>Bekkero</strong></span> <span class='ocrx_word' id='word_1_190' title='bbox 773 2085 972 2133; x_wconf 86' lang='lat' dir='ltr'><strong>discessi,</strong></span> <span class='ocrx_word' id='word_1_191' title='bbox 1003 2098 1124 2138; x_wconf 91' lang='lat' dir='ltr'><strong>quem</strong></span> <span class='ocrx_word' id='word_1_192' title='bbox 1154 2085 1198 2124; x_wconf 92' lang='lat' dir='ltr'><strong>in</strong></span> <span class='ocrx_word' id='word_1_193' title='bbox 1226 2083 1414 2138; x_wconf 88' lang='lat' dir='ltr'><strong>plurimis</strong></span> <span class='ocrx_word' id='word_1_194' title='bbox 1443 2092 1608 2124; x_wconf 88' lang='lat' dir='ltr'><strong>secutus</strong></span> 
     </span>
     <span class='ocr_line' id='line_1_26' title="bbox 197 2151 1609 2207; baseline -0.001 -13"><span class='ocrx_word' id='word_1_195' title='bbox 197 2167 311 2194; x_wconf 79' lang='lat' dir='ltr'><strong>suni:</strong></span> <span class='ocrx_word' id='word_1_196' title='bbox 361 2155 620 2195; x_wconf 90' lang='lat' dir='ltr'><strong>coniecturas</strong></span> <span class='ocrx_word' id='word_1_197' title='bbox 659 2167 743 2194; x_wconf 92' lang='lat' dir='ltr'><strong>non</strong></span> <span class='ocrx_word' id='word_1_198' title='bbox 776 2154 860 2194; x_wconf 90' lang='lat' dir='ltr'><strong>nisi</strong></span> <span class='ocrx_word' id='word_1_199' title='bbox 897 2152 999 2193; x_wconf 89' lang='lat' dir='ltr'><strong>duas</strong></span> <span class='ocrx_word' id='word_1_200' title='bbox 1032 2151 1101 2192; x_wconf 89' lang='lat' dir='ltr'><strong>vel</strong></span> <span class='ocrx_word' id='word_1_201' title='bbox 1128 2161 1235 2202; x_wconf 87' lang='lat' dir='ltr'><strong>tres,</strong></span> <span class='ocrx_word' id='word_1_202' title='bbox 1285 2166 1455 2207; x_wconf 86' lang='lat' dir='ltr'><strong>quarum</strong></span> <span class='ocrx_word' id='word_1_203' title='bbox 1483 2166 1609 2192; x_wconf 91' lang='lat' dir='ltr'><strong>unam</strong></span> 
     </span>
     <span class='ocr_line' id='line_1_27' title="bbox 198 2219 1608 2276; baseline -0.002 -14"><span class='ocrx_word' id='word_1_204' title='bbox 198 2223 498 2273; x_wconf 87' lang='lat' dir='ltr'><strong>certissimam,</strong></span> <span class='ocrx_word' id='word_1_205' title='bbox 535 2223 688 2276; x_wconf 88' lang='lat' dir='ltr'><strong>recepi.</strong></span> <span class='ocrx_word' id='word_1_206' title='bbox 763 2220 886 2270; x_wconf 83' lang='lat' dir='ltr'><strong>Quod</strong></span> <span class='ocrx_word' id='word_1_207' title='bbox 915 2222 968 2261; x_wconf 89' lang='lat' dir='ltr'><strong>ad</strong></span> <span class='ocrx_word' id='word_1_208' title='bbox 997 2219 1337 2275; x_wconf 85' lang='lat' dir='ltr'><strong>orthographiam</strong></span> <span class='ocrx_word' id='word_1_209' title='bbox 1373 2228 1531 2274; x_wconf 87' lang='lat' dir='ltr'><strong>spectat</strong></span> <span class='ocrx_word' id='word_1_210' title='bbox 1565 2221 1608 2259; x_wconf 91' lang='lat' dir='ltr'><strong>in</strong></span> 
     </span>
     <span class='ocr_line' id='line_1_28' title="bbox 197 2287 1608 2344; baseline -0.003 -14"><span class='ocrx_word' id='word_1_211' title='bbox 197 2288 475 2331; x_wconf 90' lang='lat' dir='ltr'><strong>Aristotelicis</strong></span> <span class='ocrx_word' id='word_1_212' title='bbox 513 2291 675 2344; x_wconf 86' lang='lat' dir='ltr'><strong>scriptis</strong></span> <span class='ocrx_word' id='word_1_213' title='bbox 709 2289 835 2344; x_wconf 91' lang='lat' dir='ltr'><strong>longe</strong></span> <span class='ocrx_word' id='word_1_214' title='bbox 873 2287 1187 2338; x_wconf 87' lang='lat' dir='ltr'><strong>difficillimam,</strong></span> <span class='ocrx_word' id='word_1_215' title='bbox 1238 2302 1352 2329; x_wconf 89' lang='lat' dir='ltr'><strong>meas</strong></span> <span class='ocrx_word' id='word_1_216' title='bbox 1389 2301 1440 2328; x_wconf 87' lang='lat' dir='ltr'><strong>ea</strong></span> <span class='ocrx_word' id='word_1_217' title='bbox 1477 2288 1527 2328; x_wconf 91' lang='lat' dir='ltr'><strong>de</strong></span> <span class='ocrx_word' id='word_1_218' title='bbox 1562 2300 1608 2327; x_wconf 88' lang='lat' dir='ltr'><strong>re</strong></span> 
     </span>
     <span class='ocr_line' id='line_1_29' title="bbox 197 2357 1052 2410; baseline -0.001 -13"><span class='ocrx_word' id='word_1_219' title='bbox 197 2359 427 2399; x_wconf 90' lang='lat' dir='ltr'><strong>sententias</strong></span> <span class='ocrx_word' id='word_1_220' title='bbox 456 2359 500 2398; x_wconf 93' lang='lat' dir='ltr'><strong>in</strong></span> <span class='ocrx_word' id='word_1_221' title='bbox 531 2359 835 2398; x_wconf 88' lang='lat' dir='ltr'><strong>commentariis</strong></span> <span class='ocrx_word' id='word_1_222' title='bbox 864 2357 1052 2410; x_wconf 88' lang='lat' dir='ltr'><strong>exposui.</strong></span> 
     </span>
    </p>

    <p class='ocr_par' dir='ltr' id='par_1_4' title="bbox 195 2421 1607 2817">
     <span class='ocr_line' id='line_1_30' title="bbox 305 2421 1607 2480; baseline -0.005 -14"><span class='ocrx_word' id='word_1_223' title='bbox 305 2425 409 2466; x_wconf 88' lang='lat' dir='ltr'><strong>Prae</strong></span> <span class='ocrx_word' id='word_1_224' title='bbox 436 2425 608 2480; x_wconf 88' lang='lat' dir='ltr'><strong>reliquis</strong></span> <span class='ocrx_word' id='word_1_225' title='bbox 638 2425 800 2476; x_wconf 89' lang='lat' dir='ltr'><strong>studui,</strong></span> <span class='ocrx_word' id='word_1_226' title='bbox 852 2434 898 2465; x_wconf 90' lang='lat' dir='ltr'><strong>ut</strong></span> <span class='ocrx_word' id='word_1_227' title='bbox 925 2424 998 2465; x_wconf 91' lang='lat' dir='ltr'><strong>ubi</strong></span> <span class='ocrx_word' id='word_1_228' title='bbox 1038 2423 1215 2463; x_wconf 89' lang='lat' dir='ltr'><strong>aliorum</strong></span> <span class='ocrx_word' id='word_1_229' title='bbox 1253 2421 1455 2463; x_wconf 87' lang='lat' dir='ltr'><strong>librorum</strong></span> <span class='ocrx_word' id='word_1_230' title='bbox 1491 2421 1607 2461; x_wconf 92' lang='lat' dir='ltr'><strong>locos</strong></span> 
     </span>
     <span class='ocr_line' id='line_1_31' title="bbox 197 2488 1607 2548; baseline -0.004 -16"><span class='ocrx_word' id='word_1_231' title='bbox 197 2492 428 2533; x_wconf 88' lang='lat' dir='ltr'><strong>laudandos</strong></span> <span class='ocrx_word' id='word_1_232' title='bbox 460 2507 694 2544; x_wconf 87' lang='lat' dir='ltr'><strong>censerem,</strong></span> <span class='ocrx_word' id='word_1_233' title='bbox 725 2507 847 2548; x_wconf 91' lang='lat' dir='ltr'><strong>quam</strong></span> <span class='ocrx_word' id='word_1_234' title='bbox 876 2493 1187 2534; x_wconf 89' lang='lat' dir='ltr'><strong>accuratissime</strong></span> <span class='ocrx_word' id='word_1_235' title='bbox 1216 2499 1256 2530; x_wconf 89' lang='lat' dir='ltr'><strong>et</strong></span> <span class='ocrx_word' id='word_1_236' title='bbox 1283 2488 1390 2530; x_wconf 89' lang='lat' dir='ltr'><strong>liber</strong></span> <span class='ocrx_word' id='word_1_237' title='bbox 1417 2501 1507 2528; x_wconf 88' lang='lat' dir='ltr'><strong>cum</strong></span> <span class='ocrx_word' id='word_1_238' title='bbox 1541 2502 1607 2527; x_wconf 90' lang='lat' dir='ltr'><strong>ca-</strong></span> 
     </span>
     <span class='ocr_line' id='line_1_32' title="bbox 196 2555 1606 2615; baseline -0.004 -15"><span class='ocrx_word' id='word_1_239' title='bbox 196 2562 279 2614; x_wconf 90' lang='lat' dir='ltr'><strong>pite</strong></span> <span class='ocrx_word' id='word_1_240' title='bbox 304 2568 344 2599; x_wconf 90' lang='lat' dir='ltr'><strong>et</strong></span> <span class='ocrx_word' id='word_1_241' title='bbox 361 2562 521 2600; x_wconf 91' lang='lat' dir='ltr'><strong>minore</strong></span> <span class='ocrx_word' id='word_1_242' title='bbox 542 2562 688 2611; x_wconf 86' lang='lat' dir='ltr'><strong>etiam,</strong></span> <span class='ocrx_word' id='word_1_243' title='bbox 719 2563 756 2601; x_wconf 90' lang='lat' dir='ltr'><strong>si</strong></span> <span class='ocrx_word' id='word_1_244' title='bbox 771 2561 865 2602; x_wconf 91' lang='lat' dir='ltr'><strong>fieri</strong></span> <span class='ocrx_word' id='word_1_245' title='bbox 883 2567 1066 2615; x_wconf 87' lang='lat' dir='ltr'><strong>poterat,</strong></span> <span class='ocrx_word' id='word_1_246' title='bbox 1096 2565 1332 2613; x_wconf 85' lang='lat' dir='ltr'><strong>segmento,</strong></span> <span class='ocrx_word' id='word_1_247' title='bbox 1363 2564 1404 2595; x_wconf 90' lang='lat' dir='ltr'><strong>et</strong></span> <span class='ocrx_word' id='word_1_248' title='bbox 1431 2555 1606 2595; x_wconf 90' lang='lat' dir='ltr'><strong>volumi-</strong></span> 
     </span>
     <span class='ocr_line' id='line_1_33' title="bbox 196 2622 1605 2682; baseline -0.005 -14"><span class='ocrx_word' id='word_1_249' title='bbox 196 2629 262 2668; x_wconf 90' lang='lat' dir='ltr'><strong>nis</strong></span> <span class='ocrx_word' id='word_1_250' title='bbox 291 2630 442 2682; x_wconf 89' lang='lat' dir='ltr'><strong>pagina</strong></span> <span class='ocrx_word' id='word_1_251' title='bbox 470 2627 763 2669; x_wconf 88' lang='lat' dir='ltr'><strong>indicarentur.</strong></span> <span class='ocrx_word' id='word_1_252' title='bbox 822 2627 917 2677; x_wconf 83' lang='lat' dir='ltr'><strong>Qua</strong></span> <span class='ocrx_word' id='word_1_253' title='bbox 938 2629 981 2668; x_wconf 93' lang='lat' dir='ltr'><strong>in</strong></span> <span class='ocrx_word' id='word_1_254' title='bbox 1001 2641 1046 2668; x_wconf 90' lang='lat' dir='ltr'><strong>re</strong></span> <span class='ocrx_word' id='word_1_255' title='bbox 1066 2625 1197 2666; x_wconf 86' lang='lat' dir='ltr'><strong>nihilo</strong></span> <span class='ocrx_word' id='word_1_256' title='bbox 1219 2632 1355 2663; x_wconf 87' lang='lat' dir='ltr'><strong>tamen</strong></span> <span class='ocrx_word' id='word_1_257' title='bbox 1380 2624 1514 2663; x_wconf 87' lang='lat' dir='ltr'><strong>secius</strong></span> <span class='ocrx_word' id='word_1_258' title='bbox 1537 2622 1605 2662; x_wconf 84' lang='lat' dir='ltr'><strong>hic</strong></span> 
     </span>
     <span class='ocr_line' id='line_1_34' title="bbox 195 2690 1605 2748; baseline -0.004 -13"><span class='ocrx_word' id='word_1_259' title='bbox 195 2694 282 2736; x_wconf 93' lang='lat' dir='ltr'><strong>illic</strong></span> <span class='ocrx_word' id='word_1_260' title='bbox 311 2703 382 2735; x_wconf 87' lang='lat' dir='ltr'><strong>aut</strong></span> <span class='ocrx_word' id='word_1_261' title='bbox 401 2709 494 2736; x_wconf 88' lang='lat' dir='ltr'><strong>mea</strong></span> <span class='ocrx_word' id='word_1_262' title='bbox 512 2703 581 2734; x_wconf 86' lang='lat' dir='ltr'><strong>aut</strong></span> <span class='ocrx_word' id='word_1_263' title='bbox 603 2708 820 2748; x_wconf 90' lang='lat' dir='ltr'><strong>operarum</strong></span> <span class='ocrx_word' id='word_1_264' title='bbox 840 2696 1002 2736; x_wconf 88' lang='lat' dir='ltr'><strong>incuria</strong></span> <span class='ocrx_word' id='word_1_265' title='bbox 1023 2701 1203 2733; x_wconf 90' lang='lat' dir='ltr'><strong>erratum</strong></span> <span class='ocrx_word' id='word_1_266' title='bbox 1221 2705 1312 2731; x_wconf 88' lang='lat' dir='ltr'><strong>esse</strong></span> <span class='ocrx_word' id='word_1_267' title='bbox 1332 2690 1605 2731; x_wconf 86' lang='lat' dir='ltr'><strong>animadverti</strong></span> 
     </span>
     <span class='ocr_line' id='line_1_35' title="bbox 197 2756 1603 2817; baseline -0.004 -15"><span class='ocrx_word' id='word_1_268' title='bbox 197 2769 238 2803; x_wconf 86' lang='lat' dir='ltr'><strong>et</strong></span> <span class='ocrx_word' id='word_1_269' title='bbox 265 2764 311 2802; x_wconf 91' lang='lat' dir='ltr'><strong>in</strong></span> <span class='ocrx_word' id='word_1_270' title='bbox 338 2761 552 2802; x_wconf 90' lang='lat' dir='ltr'><strong>Addendis</strong></span> <span class='ocrx_word' id='word_1_271' title='bbox 582 2769 623 2801; x_wconf 85' lang='lat' dir='ltr'><strong>et</strong></span> <span class='ocrx_word' id='word_1_272' title='bbox 655 2763 911 2817; x_wconf 87' lang='lat' dir='ltr'><strong>corrigendis</strong></span> <span class='ocrx_word' id='word_1_273' title='bbox 947 2761 1103 2802; x_wconf 90' lang='lat' dir='ltr'><strong>monui.</strong></span> <span class='ocrx_word' id='word_1_274' title='bbox 1160 2756 1362 2799; x_wconf 89' lang='lat' dir='ltr'><strong>Nonnulli</strong></span> <span class='ocrx_word' id='word_1_275' title='bbox 1391 2765 1603 2812; x_wconf 80' lang='lat' dir='ltr'><strong>praeterea</strong></span> 
     </span>
    </p>
   </div>
   <div class='ocr_carea' id='block_1_4' title="bbox 223 2842 418 2848">
    <p class='ocr_par' dir='ltr' id='par_1_5' title="bbox 223 2842 418 2848">
     <span class='ocr_line' id='line_1_36' title="bbox 223 2842 418 2848; baseline 0 0"><span class='ocrx_word' id='word_1_276' title='bbox 223 2842 418 2848; x_wconf 95' lang='lat' dir='ltr'><strong> </strong></span> 
     </span>
    </p>
   </div>
   <div class='ocr_carea' id='block_1_5' title="bbox 243 2868 1103 2915">
    <p class='ocr_par' dir='ltr' id='par_1_6' title="bbox 243 2868 1103 2915">
     <span class='ocr_line' id='line_1_37' title="bbox 243 2868 1103 2915; baseline -0.009 -7"><span class='ocrx_word' id='word_1_277' title='bbox 243 2872 278 2915; x_wconf 80' lang='lat'><strong>²⁸¹)</strong></span> <span class='ocrx_word' id='word_1_278' title='bbox 303 2873 375 2908; x_wconf 56' lang='grc' dir='ltr'><strong>(ΠΥ.</strong></span> <span class='ocrx_word' id='word_1_279' title='bbox 401 2876 474 2908; x_wconf 83' lang='lat' dir='ltr'><strong>Jen.</strong></span> <span class='ocrx_word' id='word_1_280' title='bbox 502 2875 592 2913; x_wconf 77' lang='lat' dir='ltr'><strong>Alrg.</strong></span> <span class='ocrx_word' id='word_1_281' title='bbox 619 2873 695 2906; x_wconf 74' lang='lat' dir='ltr'><strong>Lin.</strong></span> <span class='ocrx_word' id='word_1_282' title='bbox 721 2873 805 2907; x_wconf 59' lang='lat' dir='ltr'><strong>Zeis.</strong></span> <span class='ocrx_word' id='word_1_283' title='bbox 835 2869 921 2905; x_wconf 78' lang='lat'>1804</span> <span class='ocrx_word' id='word_1_284' title='bbox 946 2881 999 2904; x_wconf 83' lang='lat' dir='ltr'><strong>nr.</strong></span> <span class='ocrx_word' id='word_1_285' title='bbox 1031 2868 1103 2903; x_wconf 82' lang='lat'><strong>154.</strong></span> 
     </span>
    </p>
   </div>
  </div>
 </body>
</html>
