1774 3198
454 356 681 401 LIBRUM
705 357 950 398 PRIMUM.
1011 357 1132 399 CAP.
1153 358 1270 399 VIII.
1442 383 1453 390 ·
1495 351 1594 396 419

143 479 320 523 propter
351 472 503 510 circuli
531 469 883 523 .mdgnitudinem.
950 470 1037 508 Nos
1072 482 1164 508 cum
1192 472 1241 509 Β.
1271 470 1312 508 S.
1343 470 1430 511 Cas.
1460 471 1592 511 Bekk.

150 539 278 578 secuti
296 553 434 578 sumus
452 539 665 579 lectionem
687 536 776 576 cod.
794 538 842 577 E.
873 558 923 564 —-
962 538 1150 589 Denique
1173 533 1406 590 πυκνότητα
1423 539 1533 580 Cam.
1553 545 1594 579 et

148 607 192 645 in
210 613 326 646 textu
352 607 391 645 S.
406 636 418 656 ,
446 607 514 658 qui
531 613 665 646 tamen
691 606 735 645 in
756 605 862 643 notis
891 601 1125 645 πυκνότατα
1156 605 1274 644 duxit
1298 606 1590 657 recipiendum.

151 698 202 704 —
233 671 417 727 τυγχάνει
435 670 532 714 ὄντα
551 675 598 714 Ρ.
619 675 661 713 S.
682 674 766 712 Cas.
786 673 855 724 qui
873 673 916 712 in
935 673 1116 724 margine
1135 672 1301 712 exhibet
1318 674 1535 726 vulgatam.

264 743 329 781 14.
361 737 383 782 ὃ
402 739 478 793 μὲν
504 734 577 782 οὖν
605 738 678 793 τὴν
706 742 788 780 τῶν
815 741 870 780 Ν.
891 741 1042 794 inepte.
1075 763 1125 767 —
1158 741 1320 780 Deinde
1339 742 1421 781 τῶν
1439 739 1594 796 ζῳδίων

147 806 295 857 κύκλος
322 812 371 850 F.
394 816 435 850 et
449 811 580 850 Bekk.
616 810 726 853 Nos
759 805 907 855 κύκλος
936 809 1159 848 delevimus
1191 822 1284 848 cum
1314 810 1364 848 E.
1386 810 1440 848 H.
1465 810 1518 849 N.
1539 810 1592 850 A.

148 878 259 916 Cam.
286 879 356 917 Er.
384 873 508 923 τόπος
537 891 611 930 pro
641 873 789 922 κύκλος
818 875 1010 915 exhibent
1040 878 1085 916 P.
1118 877 1159 915 S.
1191 877 1279 916 Cas.
1320 898 1371 903 -
1414 876 1482 916 καὶ
1511 878 1593 918 τῶν

146 941 364 996 πλανήτων
396 946 542 984 omisso
571 941 647 996 τήν
675 946 720 982 Ρ.
741 946 782 983 S.
815 968 865 974 —-
909 941 956 983 οἱ
994 943 1189 983 πολλοί
1221 945 1249 983 i.
1272 957 1311 996 q.
1343 942 1384 984 οἱ
1412 946 1593 986 πλεῖστοι

147 1013 221 1051 cfr.
252 1014 516 1052 Hermann
544 1013 595 1051 ad
623 1012 797 1064 Viger.
826 1025 862 1064 p.
885 1014 980 1051 728.
1024 1011 1145 1050 Zell
1174 1011 1224 1050 ad
1253 1009 1421 1051 Arist.
1452 1011 1591 1051 Ethic.

145 1081 310 1118 Nicom.
340 1083 392 1126 H,
414 1080 455 1130 4,
479 1083 516 1118 6.
547 1094 588 1132 p.
613 1083 680 1119 69.
711 1102 766 1109 —
805 1075 918 1126 ἐντός
946 1093 1025 1131 pro
1046 1075 1164 1125 ἐκτός
1193 1080 1241 1118 Ε.
1270 1079 1343 1118 sed
1361 1094 1591 1133 perperam.

147 1148 221 1186 cfr.
235 1149 267 1196 1,
279 1151 320 1194 7,
339 1151 414 1187 11:
440 1149 515 1187 τοῦ
535 1145 580 1186 δὲ
598 1144 657 1199 μὴ
685 1146 870 1200 γίνεσθαι
899 1143 1079 1193 πολλοὺς
1103 1145 1211 1198 μηδὲ
1238 1144 1434 1194 πολλάκις
1463 1145 1592 1200 κομή-

146 1228 243 1261 τας,
284 1213 351 1253 καὶ
378 1215 536 1265 μᾶλλον
565 1211 679 1260 ἐκτὸς
709 1215 791 1254 τῶν
818 1215 1021 1267 τροπικῶν
1047 1209 1073 1266 ἢ
1096 1210 1231 1262 ἐντός,
1264 1212 1432 1268 αἴτιοςῆ
1450 1230 1492 1256 τε
1519 1219 1592 1256 τοῦ

144 1276 262 1333 ἡλίου
289 1281 356 1321 καὶ
383 1277 409 1333 ἦ
439 1284 520 1322 τῶν
549 1278 732 1334 ἀστέρων
761 1280 928 1333 κίνησις.
963 1305 1014 1311 ———
1045 1283 1148 1322 Mox
1178 1279 1361 1335 κομήτης
1387 1298 1465 1336 pro
1482 1280 1589 1336 κόμη

143 1349 194 1388 Ε.
219 1350 330 1388 Cam.
352 1363 475 1401 marg.
497 1351 584 1390 Cas.
608 1373 659 1379 --
692 1346 766 1400 τὴν
784 1346 978 1402 τοιαύτην
1002 1343 1219 1403 σύγκρισιν,
1246 1357 1291 1390 ut
1309 1352 1343 1403 §.
1358 1355 1422 1390 11.
1445 1354 1492 1392 F.
1506 1353 1561 1392 N.

239 1408 326 1456 '15.
357 1415 491 1469 αὐτὸς
527 1415 568 1457 ‹5'
601 1412 622 1457 ὃ
653 1414 800 1463 κύκλος
829 1419 880 1456 Ε.
900 1414 958 1456 Α.
979 1419 1052 1457 Er.
1085 1439 1135 1444 —
1196 1416 1283 1457 Pro-
1315 1415 1337 1459 ὅ
1367 1434 1432 1468 τε,
1482 1421 1592 1472 quod

144 1485 337 1524 omittunt
362 1487 417 1525 H.
438 1487 492 1525 N.
523 1486 636 1525 uncis
660 1486 910 1524 incluserunt
940 1486 1050 1524 Cam.
1082 1487 1126 1525 P.
1150 1487 1238 1526 cas.
1259 1488 1425 1538 praebet
1443 1490 1492 1527 F.
1525 1484 1589 1528 ὅτι

143 1565 207 1599 τε,
239 1555 328 1592 Bas.
347 1554 537 1606 Isengrin.
559 1550 639 1593 ὅτε.
673 1576 725 1580 -
766 1556 870 1593 Mox
897 1544 1017 1599 οὗτος
1045 1567 1122 1605 pro
1147 1549 1278 1600 οὕτως
1305 1554 1360 1592 Ν.

261 1623 327 1658 16.
356 1622 439 1660 τῶν
462 1620 660 1674 μεγίστων
695 1621 842 1659 omisso
864 1634 907 1658 τε
928 1621 983 1658 Η.
1003 1621 1059 1659 Ν.
1091 1644 1143 1650 -
1174 1622 1269 1659 τῶν
1302 1617 1589 1674 σποράδων

144 1685 494 1738 καλουμένων
514 1689 588 1727 cfr.
603 1688 654 1726 ad
669 1691 702 1734 I,
714 1692 754 1736 7,
768 1692 805 1727 2.
835 1687 956 1726 Adde
973 1688 1118 1726 Arat.
1143 1687 1374 1728 Phaonem.
1400 1692 1482 1728 388
1503 1702 1588 1742 sqq.

303 1751 443 1794 Ἄλλοι
473 1753 518 1795 δὲ
548 1751 759 1808 σποράδην
786 1749 1039 1805 ὗποκεᾲιενοι
1063 1750 1302 1808 ζΥὸροχοῆΐ,

313 1818 474 1873 Κήτεος
502 1822 701 1876 αἰθερίοιο
731 1821 797 1862 καὶ
818 1818 985 1873 Ἰχθύος
1012 1819 1255 1876 ἠερέθονται

311 1886 535 1938 Μεσσόθι,
581 1888 769 1941 νωχελέες
796 1888 863 1929 καὶ
893 1886 1114 1941 ἀνώνυμοι.
1146 1914 1196 1919 -

141 1953 296 2008 ταύτην
328 1953 600 2009 ἀθροίζεσθαι
631 1959 777 1997 omisso
807 1959 943 1997 πᾶσαν
968 1958 1026 1996 Ν.

256 2026 324 2067 17.
362 2020 440 2077 γάρ
469 2032 561 2078 post
588 2030 753 2078 σημεῖον
783 2023 829 2065 δέ
862 2027 1018 2065 illatum
1045 2026 1237 2077 frequens
1269 2031 1331 2064 est
1355 2025 1462 2077 apud
1487 2026 1585 2065 Ari-

141 2093 398 2131 stotelem.
437 2093 509 2132 cfr.
543 2094 618 2142 IV,
643 2093 746 2133 714:
778 2097 944 2145 σημεῖον
964 2090 1032 2132 δέ·
1064 2089 1117 2132 τὰ
1135 2089 1294 2144 νοσώδη
1324 2090 1402 2146 γὰρ
1435 2092 1587 2144 αἵματα

145 2156 191 2197 οὗ
211 2157 323 2198 θέλει
346 2156 596 2212 πήγνυσθαι.
631 2158 770 2199 Probe.
790 2162 960 2206 XXVI,
980 2164 1049 2199 36.
1082 2175 1124 2212 p.
1148 2161 1290 2209 944‚b.
1323 2161 1439 2198 Hist.
1462 2162 1587 2198 anim.

142 2227 224 2274 VI,
245 2229 312 2265 36.
339 2241 378 2278 p.
401 2230 504 2276 580,
525 2228 583 2275 b:⁸
610 2231 775 2278 σημεῖον
804 2225 872 2266 δέ·
908 2220 1044 2279 ἦλθον
1073 2223 1151 2279 γάρ
1181 2240 1285 2272 τινες
1313 2225 1370 2271 εἷς
1403 2226 1586 2279 Φρυγίαν

144 2290 209 2330 ἐπὶ
240 2290 460 2345 Φαρνάκου
489 2295 562 2332 τοῦ
601 2291 876 2346 Φαρναβάζου
907 2292 1074 2347 πάτρος.
1133 2295 1254 2342 VIH,
1276 2293 1322 2340 4,
1340 2296 1389 2331 2:
1421 2297 1587 2344 σημεῖον

145 2357 211 2399 δέ·
245 2356 336 2400 οὔτε
359 2357 437 2413 γὰρ
461 2358 502 2399 ἐν
530 2362 581 2414 τῇ
610 2360 742 2417 κοιλίᾳ
771 2358 858 2400 ποτ’
894 2358 1056 2412 ἔχοντος
1084 2357 1316 2412 εἰλημμένοι
1348 2359 1422 2399 εἶσὶ
1453 2363 1588 2401 τοιοῦ-

144 2442 216 2468 τον
246 2424 386 2467 οὐθέν.
445 2429 582 2479 Atque
609 2429 666 2467 ita
696 2430 816 2468 etiam
843 2429 1045 2481 discipuli:
1096 2427 1502 2480 Theophrastus
1538 2430 1588 2468 de

143 2509 247 2534 cens.
267 2502 307 2532 ct
325 2493 466 2534 sensil.
497 2497 532 2542 §.
558 2496 626 2534 40.
655 2509 695 2547 p.
717 2499 818 2536 663:
858 2500 1024 2548 σημεῖον
1054 2493 1122 2535 δέ·
1153 2490 1222 2534 ἐὰν
1250 2492 1330 2549 γὰρ
1360 2495 1588 2548 φλεγμασία

144 2560 305 2615 γένηται
335 2564 416 2602 τῶν
446 2563 629 2616 φλεβῶν,
660 2560 706 2602 οὐ
727 2563 888 2616 μίγνυσι
917 2571 958 2603 et
977 2577 1015 2617 q.
1036 2578 1068 2604 s.
1099 2563 1390 2616 §.45.p.6652
1421 2567 1587 2615 σημεῖον

146 2627 211 2668 δέ·
244 2627 407 2683 καὶγὰρ
427 2634 514 2677 τοῖς
544 2627 962 2682 ἀναμιμνησκομένας
990 2628 1065 2682 τὴν
1094 2627 1274 2684 ἀπορίαν
1298 2626 1398 2670 εἶναι
1427 2630 1517 2683 περὶ
1539 2628 1587 2670 τὸ

147 2698 317 2748 στῆθος.
358 2699 408 2737 de
434 2701 529 2750 igne
561 2699 595 2750 ᾗ.
619 2702 656 2738 8.
688 2712 730 2750 p.
754 2702 857 2738 708:
905 2703 1071 2751 σημεῖον
1090 2696 1173 2743 δέ·
1219 2695 1272 2738 τὰ
1300 2696 1376 2749 μὲν
1403 2695 1482 2751 γὰρ
1510 2694 1589 2750 πή-

147 2778 286 2815 γνυται
315 2761 383 2805 δίἆ
412 2762 485 2817 τὴν
515 2763 720 2816 ἔκθλιψιν.
779 2767 1134 2806 Aristoxenus
1161 2768 1408 2806 Har-monic-
1437 2767 1530 2805 libr.
1552 2767 1586 2806 I.

147 2832 258 2874 init..
285 2829 382 2879 τοὺς
398 2831 474 2883 μὲν
504 2825 576 2890 οὖν
606 2830 841 2888 ἔμπροσθεν
870 2829 1116 2887 ἁρμονικοὺς
1144 2829 1244 2874 εἶναι
1264 2830 1491 2884 βούλεσθαι
1510 2829 1590 2884 μό-

1197 2893 1251 2929 27
1267 2891 1285 2907 ’ς
