1760 3138
436 358 441 363 .
502 326 724 367 LIBRUM
750 326 990 367 PRIMUM.
1057 314 1240 369 cffl1
1488 319 1610 364 =323

167 454 242 495 σης
279 438 394 495 ὕδωρ
433 435 643 495 ἁλμυρόν,
693 440 775 480 τῶν
815 435 855 478 δ’
888 432 1159 493 ἔφαπτόμεθὰ
1186 453 1277 479 τινα
1305 437 1483 494 τρόπον,
1521 436 1608 482 οἷον

166 508 255 563 περὶ
285 511 359 562 τῆς
387 510 470 549 τῶν
499 510 632 562 νεφῶν
659 504 912 558 συστάσεως,
943 506 1009 547 καὶ
1031 506 1120 562 περὶ
1148 509 1221 560 τῆς
1249 507 1305 556 εἷς
1331 504 1444 562 ὕδωρ
1475 506 1608 551 αὐτῶν

164 578 420 630 μεταβολῆς·
460 574 526 616 καὶ
556 572 635 630 γὰρ
663 575 699 615 εἰ
724 573 783 628 μὴ
812 572 860 615 τὸ
891 571 1056 629 ἀκριβὲς
1088 574 1211 615 εἷπεῖν
1238 575 1328 631 περὶ
1362 577 1442 616 τῶν
1470 574 1608 618 τοιού-

165 658 250 684 των
287 642 451 696 ἔχομεν,
510 641 602 684 ἀλλ’
637 641 685 683 οὐ
724 639 856 696 πάντη
898 641 940 682 ἐν
978 639 1120 700 ἀγνοίᾳ
1157 645 1231 696 τῆς
1255 641 1444 697 γενέσεως
1474 641 1607 685 αὐτῶν

164 710 297 764 ἐσμέν.
329 735 385 742 ——-
441 712 603 752 Deinde
631 710 698 751 καὶ
726 706 927 765 τυφώνων
957 707 1024 768 καὶ
1052 708 1300 766 πρηστήρων
1328 726 1466 751 omnes
1485 727 1606 765 prae·

162 780 260 819 bent
285 780 515 820 Bekkeri
544 778 660 820 codd.
686 786 727 818 et
748 780 803 818 ita
824 779 943 818 etiam
962 779 1014 818 A.
1074 780 1225 819 Contra
1245 782 1339 832 Bag.
1363 781 1475 820 Cam.
1496 782 1542 820 P.
1565 782 1605 820 S.

162 849 251 887 Cas.
291 847 358 888 καὶ
386 845 635 901 πρηστήρων
664 846 730 887 καὶ
759 843 981 901 τυφώνων,
1011 853 1058 885 ut
1084 847 1190 886 infra
1210 849 1294 897 ΙΙΙ,
1327 851 1372 887 1:
1412 847 1502 902 περὶ
1530 846 1606 900 μὲν

162 907 235 954 οὖν
271 917 450 970 βροντῆς
496 915 563 971 καὶ
603 913 814 970 ἀστραπῆς
851 913 918 954 καὶ
948 912 1156 968 ἒκνεφίου,
1198 912 1255 954 ἔτι
1284 912 1330 954 δὲ
1358 913 1606 970 πρηστήρων

159 998 202 1023 τε
234 983 300 1023 καὶ
330 981 531 1038 τυφώνων
561 982 626 1023 καὶ
657 984 862 1038 κεραυνῶν
892 979 1060 1036 εἴρηται.
1120 983 1244 1022 Nolui
1264 989 1398 1021 tamen
1413 984 1605 1023 recedere

159 1065 183 1090 a
211 1051 293 1090 fide
327 1052 455 1091 Codd.
494 1053 729 1105 praesertim
767 1065 859 1090 cum
887 1052 952 1100 II,
985 1054 1008 1090 9
1037 1049 1162 1088 dicat:
1201 1048 1292 1103 περὶ
1321 1051 1510 1104 τυφῶνος
1536 1050 1602 1091 καὶ

160 1121 396 1174 πρηστῆρος
432 1118 498 1159 καὶ
528 1120 734 1172 κεραυνῶν
767 1116 954 1171 λέγωμεν.
994 1138 1050 1145 -
1107 1113 1360 1169 ἐγκύκλια
1406 1125 1603 1158 vocantur

159 1194 350 1237 meteora,
380 1189 488 1239 quod
508 1187 711 1226 circularis
729 1187 782 1225 sit
802 1199 944 1224 eorum
972 1198 1024 1224 ex
1047 1185 1191 1224 iisdem
1217 1185 1452 1237 corporibus
1462 1182 1600 1238 'gene-

157 1255 284 1304 ratio,
325 1255 506 1306 adeoque
539 1268 586 1293 ea
619 1268 738 1307 saepe
766 1254 950 1294 redeant.
1020 1254 1106 1292 Cfr.
1146 1254 1313 1292 omnino
1349 1253 1515 1293 Buhle
1553 1257 1601 1293 de

158 1323 359 1362 distribut.
390 1323 477 1360 libr.
503 1323 706 1361 Aristotel.
728 1322 771 1361 in
789 1330 932 1360 exoter.
953 1329 990 1359 et
1009 1331 1233 1359 acroamat.
1264 1321 1463 1374 (Gotting.
1480 1326 1600 1362 1786.

157 1388 214 1442 8.)
241 1404 282 1443 p.
305 1394 357 1429 30
379 1404 438 1442 sq.
495 1391 642 1431 Alex.
673 1390 724 1428 de
746 1389 823 1428 hoc
855 1389 1055 1429 vocabulo
1084 1396 1243 1428 monet:
1284 1385 1471 1442 ἐγκύκλια
1494 1385 1600 1429 εἶπεν

155 1454 245 1509 ἤτοι
277 1454 383 1497 αὐτὰ
410 1455 462 1498 τὰ
488 1456 664 1512 τέτταρα
697 1453 892 1508 σώματα,
934 1452 996 1495 ὅτι
1022 1453 1157 1511 κύκλῳ
1185 1455 1251 1496 καὶ
1283 1455 1326 1504 ἐξ
1355 1453 1544 1509 ἀλλήλων
1573 1453 1597 1510 ἢ

153 1522 303 1578 γένεσις
331 1522 490 1575 αὐτοῖς,
519 1522 545 1578 ἢ
567 1524 633 1565 καὶ
663 1521 769 1564 αὐτὰ
798 1522 851 1564 τὰ
877 1520 996 1575 πάθη
1029 1520 1234 1576 ἐγκύκλια,
1278 1520 1340 1562 ὅτι
1370 1520 1616 1565 ἀνακυκλῶ.

155 1605 222 1631 ται
251 1592 317 1631 καὶ
346 1595 492 1643 ταῦτα,
525 1589 620 1632 καθ’
644 1590 814 1631 ἕκαστον
842 1588 932 1637 ἔτος
959 1587 1160 1643 γινόμενα.
1220 1591 1357 1630 Verba
1387 1590 1598 1642 συμβαίνει

156 1656 274 1712 πάθη
295 1660 444 1699 omittit
459 1662 530 1708 N.,
547 1660 680 1698 solum
694 1655 813 1711 πάθη
836 1659 908 1708 H.;
939 1659 1021 1697 τῶν
1051 1654 1185 1697 αὗτῶν
1214 1653 1369 1697 τούτων
1398 1655 1599 1710 σωμάτων

153 1727 318 1766 inverso
341 1728 485 1769 ordine
503 1727 700 1780 praebent
721 1728 806 1766 Cas.
827 1727 939 1766 Cam.
963 1727 1003 1765 S.
1027 1726 1072 1764 P.
1092 1725 1270 1777 aliaeque
1291 1725 1386 1765 edit.
1406 1749 1461 1756 -
1490 1741 1598 1779 γινο-

153 1791 287 1845 μένων
317 1795 482 1834 exhibui
511 1795 724 1835 G6ttlin
734 1795 804 1847 gii
831 1793 1107 1832 auctoritatem
1138 1799 1315 1843 secutus,
1354 1807 1475 1846 quem
1501 1795 1598 1835 vide

155 1862 206 1900 ad
226 1863 386 1902 Potitio.
405 1865 439 1910 Ι,
460 1867 500 1902 2.
531 1877 572 1915 p.
590 1865 686 1902 288.
742 1862 849 1902 Mira
879 1861 954 1900 hac
981 1861 1024 1899 in
1045 1875 1092 1899 re
1111 1868 1170 1899 est
1201 1861 1431 1900 Bekkeri
1457 1862 1594 1901 incon-

155 1931 321 1969 stantia:
355 1931 443 1982 quis
466 1932 573 1969 enim
597 1931 702 1970 ferat
710 1959 723 1978 ,
751 1929 861 1982 quod
881 1929 992 1967 dedit
1009 1929 1079 1967 ille
1098 1929 1173 1977 III,
1193 1933 1234 1968 2.
1255 1932 1401 1980 p.372‚
1417 1942 1461 1967 a:
1491 1927 1595 1981 yt've-

152 2011 220 2037 ται
245 1995 321 2049 μὲν
347 1995 449 2053 γάρ,
491 1995 669 2052 ὀλιγάκις
698 1995 743 2037 δὲ
770 1994 974 2050 γίγνεταιΡ
1015 1996 1137 2047 Quod
1157 2010 1258 2036 vero
1278 2002 1415 2034 monet
1444 1997 1594 2036 Go'tt-

151 2066 226 2104 lin
239 2067 350 2117 gius
390 2074 619 2106 constanter
656 2065 842 2120 γίνεσθαι
879 2063 1066 2103 exhiberi
1104 2064 1148 2102 in
1175 2064 1335 2103 Aldinis
1374 2065 1513 2116 priore
1553 2071 1594 2103 et

155 2133 279 2171 altera
309 2148 356 2173 ea
383 2135 427 2172 in
459 2149 506 2174 re
536 2141 673 2187 aperte
702 2139 822 2172 errat.
895 2133 947 2171 A.
979 2132 1085 2170 enim
1118 2133 1160 2180 Ι,
1193 2134 1219 2170 7
1251 2145 1293 2170 v.
1327 2132 1356 2169 f.
1404 2131 1590 2182 praebet:

154 2193 307 2250 ὁμοίως
341 2198 416 2250 μὲν
445 2199 494 2241 οὗ
523 2201 693 2254 γίγνεται
721 2196 769 2240 τό
799 2201 1004 2247 τοιοῦτον,
1043 2195 1090 2237 οὔ
1118 2194 1201 2249 μὴν
1231 2194 1326 2236 ἀλλ’
1361 2193 1417 2244 ὡς
1451 2196 1514 2236 ἐπὶ
1543 2195 1590 2237 τὸ

155 2263 258 2305 πολὺ
275 2265 449 2319 γίγνεταί
464 2282 525 2314 τις
542 2263 746 2321 ὓπερβολὴ
766 2264 993 2318 πνεύματος
1015 2272 1055 2304 et
1077 2278 1114 2316 q.
1137 2272 1169 2304 ἐ.
1190 2265 1258 2303 ubi
1279 2265 1427 2303 iterum
1451 2266 1591 2316 priore

153 2334 242 2372 loco
272 2335 399 2373 Bekk.
430 2333 578 2386 γίνεται
615 2335 837 2386 posteriore
876 2333 1070 2387 γίγνεται,
1112 2332 1220 2383 quod
1259 2333 1332 2371 vix
1366 2333 1587 2372 tolerabile.
1645 2330 1647 2333 ’

152 2400 306 2440 Eadem
324 2402 357 2451 I,
382 2406 432 2440 10
453 2402 495 2440 in
517 2401 587 2440 fin.
617 2397 811 2447 πολλάκις
839 2398 884 2439 δὲ
910 2403 1032 2440 τοῦτο
1061 2398 1129 2446 καὶ
1160 2397 1204 2437 ἐν
1230 2402 1317 2444 τοΐς
1344 2395 1422 2445 ἔξω
1450 2396 1589 2447 τόποις
1628 2403 1634 2414 “

116 2460 120 2461 ⁷
153 2466 251 2507 ἰδεῖν
280 2467 472 2521 γίγνεται,
502 2469 572 2507 ubi
594 2469 721 2506 Bekk.
751 2466 848 2506 ἰδεῖν
877 2465 1085 2520 γινόμενον
1105 2464 1234 2516 ἔστιν,
1265 2466 1447 2517 quamvis
1474 2473 1588 2506 ante-

152 2537 315 2575 cesse1it
343 2532 445 2581 ὥστε
473 2535 681 2589 γίγνεσθαι
712 2531 874 2585 ἀτμίδα.
913 2536 963 2574 Α.
988 2536 1020 2584 Ι,
1046 2537 1117 2573 14:
1147 2530 1308 2579 πλωτὸς
1337 2529 1444 2580 ἅπας
1475 2529 1585 2573 ὃτό-

153 2616 230 2648 πος
255 2599 503 2656 γιγνόμενος,
551 2604 620 2642 ubi
649 2602 773 2642 Bekk.
813 2598 1035 2653 γενόμενος.
1107 2602 1250 2653 Neque
1286 2602 1404 2653 plura
1442 2601 1585 2640 desunt

155 2672 348 2722 exempla.
415 2672 543 2723 Magis
572 2672 646 2710 sibi
675 2675 828 2709 constat
856 2669 1009 2708 Camot.
1040 2669 1219 2720 quamvis
1246 2668 1303 2707 ibi
1333 2682 1489 2721 quoque
1515 2683 1582 2707 re-

153 2738 334 2788 periatur
359 2737 579 2791 γίγνεσθαι,
607 2753 648 2777 v.
684 2752 717 2776 c.
755 2743 800 2775 ut
828 2749 909 2774 uno
938 2736 1205 2788 defungamur
1239 2737 1425 2788 exemplo
1461 2737 1503 2785 Ι,
1533 2740 1580 2775 8:

156 2798 211 2850 ὡς
236 2801 283 2843 οὗ
313 2802 367 2844 δι’
393 2802 531 2859 ἑτέραν
558 2802 647 2845 τινὰ
673 2803 804 2844 αἰτίαν
830 2802 1062 2857 γιγνομένου
1091 2801 1229 2856 (habet
1241 2798 1489 2886 ζιγνόμενον)
1507 2804 1581 2841 τοῦ

1171 2863 1220 2898 21
