1820 3158
115 338 329 409 ss-p.366,a.
351 362 513 397 nokk-
553 362 713 402 LIB-II.
734 361 973 402 CAan,
1019 357 1390 404 —p‚349,D.Cas.—
1441 351 1533 396 113

96 477 321 533 φερομένης
350 475 579 518 ἀπωθεῖται
608 472 730 516 πάλιν
761 473 817 521 εἷς
844 471 920 526 τὴν
948 475 1045 526 γῆν,
1075 469 1122 512 τό
1148 486 1191 525 γε
1220 471 1402 527 πεφυκὸς
1431 469 1535 513 ἀπο-

94 551 204 587 πνεῖν
242 544 322 586 ἀπὸ
361 547 436 598 τῆς
471 546 555 599 γῆς.
633 547 698 583 11.
737 541 803 583 Αῗ
820 557 864 582 τε
891 543 1022 596 χῶραι
1052 536 1144 581 ὅσαι
1172 538 1359 595 σομφοὺς
1386 538 1522 593 ἔχουσι
1539 544 1588 579 11

95 611 194 661 τοὺς
222 611 333 654 κάτω
361 610 537 662 τόπους,
577 609 682 652 πολὺ
713 607 924 663 δεχόμεναι
961 610 1118 660 πνεῦμα
1152 607 1326 648 σείονται
1362 609 1534 660 μᾶλλον.

97 681 162 722 καὶ
205 679 324 733 ἔαρος
362 679 407 721 δὲ
449 679 514 720 καὶ
551 675 794 731 μετοπώρου
821 674 1001 730 μάλιστα
1030 676 1097 716 καὶ
1126 674 1168 715 έν
1198 673 1442 731 ἓπομβρίαις
1469 675 1537 716 καὶ

97 746 269 801 αὐχμοῖς
305 748 481 802 γίνονται
520 744 588 787 διὰ
625 744 702 799 τὴν
737 743 866 798 αὐτὴν
907 744 1063 784 αἰτίαν·
1110 741 1152 783 αἲ
1177 740 1254 798 γὰρ
1285 735 1387 797 ὧραι
1419 733 1537 783 αὗται

97 814 528 868 πνευματωὸέσταται·
591 819 658 855 12.
694 811 754 854 Τὸ
784 810 861 867 γὰρ
889 810 1018 866 θέρος
1047 810 1112 851 καὶ
1142 807 1164 852 ὃ
1192 808 1344 863 χειμὼν
1373 809 1445 859 ἀεί,
1478 807 1594 852 τὸ12

96 883 172 936 μὲν
203 881 271 923 διὰ
300 881 372 923 τὸν
398 876 543 937 πάγον,
572 880 620 922 τὸ
641 880 686 922 δὲ
711 879 779 922 διὰ
808 881 884 934 τὴν
913 876 1036 921 ἇλέαν
1064 884 1175 919 ποιεΐ
1196 876 1271 931 τὴν
1300 877 1536 931 ἀκινησίαν·

95 949 144 992 τὸ
172 950 247 1004 μὲν
274 948 351 1004 γὰρ
382 948 483 1005 ἄγαν
510 947 693 1005 ψυχρόν,
733 948 780 990 τὸ
811 946 852 989 ‹5’
877 945 979 1002 ι’ίγαν
1008 944 1132 1001 ξηρόν
1162 945 1284 986 ἔστιν.
1346 951 1414 986 13.
1444 945 1529 986 Καὶ
1546 950 1594 986 13

98 1018 141 1058 ἓν
177 1017 253 1070 μὲν
293 1022 379 1065 τοῖς
419 1017 590 1070 αὐχμοῖς
626 1014 919 1069 πνευματώδης
957 1011 978 1055 ὃ
1009 1012 1115 1069 ἀήρ·
1161 1015 1285 1054 τοῦτο
1319 1011 1398 1067 γὰρ
1438 1011 1539 1054 αὐτό

99 1085 207 1126 ἔστιν
237 1081 258 1126 ὃ
290 1083 470 1138 αὐχμός,
514 1083 613 1126 ὅταν
642 1083 789 1124 πλείων
818 1079 844 1136 ἦ
873 1081 1153 1134 ἀναθυμίασις
1181 1077 1205 1134 ἦ
1240 1079 1344 1137 ξηρὰ
1382 1079 1540 1134 γίνηται

98 1157 174 1207 τῆς
200 1150 336 1209 ὑγρᾶς.
407 1155 473 1193 14.
498 1150 567 1192 Ἐν
586 1151 631 1192 δὲ
659 1156 750 1199 ταῖς
777 1147 1072 1206 ὕπερομβριάις
1099 1149 1223 1191 πλείω
1244 1165 1296 1194 ,τε
1324 1153 1435 1189 ποιεῖ’
1457 1147 1595 1202 τὴν14

99 1220 214 1270 ἐντὸς
241 1220 540 1272 ἀναθυμίασιν,
579 1218 644 1259 καὶ
674 1221 733 1274 τῷ
763 1215 1179 1271 ἒναπολαμβάνεσθαι
1208 1217 1251 1258 ἓν
1281 1215 1542 1271 στενωτέροις

97 1287 239 1337 τόποις
265 1288 330 1329 καὶ
359 1283 655 1338 ἀποβιάζεσθαι
688 1287 745 1335 εἷς
771 1285 928 1327 ἐλάττω
956 1283 1085 1327 ’τόπον
1115 1284 1191 1340 τὴν
1219 1284 1412 1340 τοιαύτην
1437 1284 1541 1328 ἀπό-

98 1371 248 1411 κρισιν,
289 1352 583 1410 πληρουμένων
608 1357 691 1395 τῶν
720 1357 881 1396 κοιλιῶν
909 1352 1082 1406 ὕδατος,
1114 1351 1214 1395 ὅταν
1240 1351 1412 1408 ἄρξηται
1440 1370 1542 1410 κρα-

96 1429 178 1466 τεῖν
207 1422 274 1464 διὰ
302 1421 349 1464 τὸ
379 1420 482 1463 πολὺ
512 1423 569 1470 εἰς
597 1420 732 1476 ὀλίγον
761 1425 989 1476 πιληθῆναι
1020 1419 1171 1472 τόπον,
1222 1422 1399 1477 ῗσχυρῶς
1443 1426 1546 1464 κινεῖ

99 1489 201 1547 ῥέων
224 1488 245 1532 ὃ
268 1489 415 1543 ἄνεμος
435 1490 502 1531 καὶ
521 1490 801 1546 προσπίπτων.
863 1494 927 1530 15.
956 1490 1038 1531 Aa*
1059 1488 1138 1545 γὰρ
1167 1495 1272 1531 νοεῖν
1302 1487 1365 1531 ὅτι
1396 1486 1532 1544 ὥσπὲρ
1547 1493 1597 1529 15

100 1559 142 1600 ἓν
171 1562 229 1615 τῷ
259 1556 417 1612 σώματι
443 1554 559 1611 ἡμῶν
590 1557 657 1599 καὶ
692 1555 858 1614 τρόμων
896 1557 962 1598 καὶ
992 1560 1190 1613 σφυγμῶν
1220 1554 1350 1599 αἶ’τιόν
1380 1556 1489 1598 ἔστιν
1513 1554 1541 1611 ἦ

99 1629 175 1667 τοῢ
210 1624 893 1678 πνεύματοςέναπολαμβανομένη
935 1623 1128 1676 δύναμις,
1178 1622 1289 1665 οὕτω
1324 1624 1390 1666 καὶ
1421 1623 1463 1665 ἓν
1491 1628 1543 1680 τῇ

104 1774 283 1812 magnam
306 1762 391 1799 vim
409 1761 554 1810 factus,
583 1762 625 1799 in
645 1767 795 1799 terram
815 1774 955 1799 rursus
981 1761 1204 1812 repellitur.
1269 1765 1334 1800 11.
1367 1761 1480 1812 Quin
1503 1768 1544 1800 et

104 1830 302 1880 regiones,
333 1842 432 1880 quae
456 1829 543 1866 loca
569 1829 699 1867 infera
726 1829 891 1880 fungosa
924 1828 1092 1874 habent,
1123 1828 1192 1867 ubi
1225 1829 1397 1867 multum
1426 1829 1546 1881 spiri-

104 1903 167 1934 tus
194 1896 400 1947 excipiunt
427 1896 549 1947 magis
579 1897 874 1935 concutiuntur.
931 1897 1042 1935 Vere
1059 1901 1192 1934 autem
1215 1897 1390 1935 maxime
1412 1902 1453 1935 et
1472 1910 1546 1935 au-

104 1970 245 2002 tumno
266 1977 310 2002 ac
333 1963 406 2001 sub
434 1963 584 2002 imbres
612 1970 652 2002 et
677 1970 807 2003 aestus
838 1964 1006 2003 eandem
1037 1971 1210 2016 propter
1240 1977 1397 2003 causam
1426 1963 1542 2002 fiunt.

38 2030 48 2037 “
104 2032 213 2069 Haec
240 2031 347 2070 enim
375 2038 558 2083 tempora
583 2030 742 2070 flatibus
762 2046 861 2083 prae
881 2033 1047 2071 caeteris
1070 2032 1283 2070 abundant.
1346 2036 1410 2071 12.
1441 2032 1548 2070 Nam

104 2105 227 2137 aestas
255 2104 294 2137 et
324 2097 451 2137 hiems
479 2100 582 2138 a'eris
612 2100 941 2150 tranquillitatem
967 2100 1139 2139 faciunt:
1177 2099 1276 2138 haec
1301 2099 1465 2152 quidem
1494 2098 1546 2137 ob

105 2166 213 2216 gelu,
240 2166 308 2204 illa
325 2173 492 2218 propter
511 2174 663 2205 aestum
675 2196 686 2213 ‚
717 2168 869 2220 quippe
886 2182 978 2207 cum
1000 2167 1128 2206 hiems
1149 2167 1369 2206 admodum
1388 2166 1546 2217 frigida,

106 2237 230 2269 aestas
249 2233 464 2272 admodum
485 2235 584 2272 sicca
605 2249 690 2273 esse
710 2237 821 2275 solet.
884 2240 948 2276 13.
986 2237 1124 2287 Atque
1143 2235 1188 2274 in
1207 2235 1381 2274 aestibus
1401 2237 1471 2272 a‘e'r
1489 2239 1548 2271 est

106 2297 308 2336 flatuosus.
365 2300 572 2351 Siquidem
601 2301 667 2340 hic
694 2303 781 2341 fere
810 2310 963 2350 aestus,
993 2316 1084 2341 cum
1114 2303 1216 2342 sicca
1247 2292 1447 2341 exhasan'o
1475 2314 1546 2339 co-

109 2365 262 2416 piosior
290 2372 368 2414 est,
408 2380 525 2418 quam
557 2367 734 2408 humida.
813 2371 881 2409 14.
918 2372 1016 2409 Post
1046 2370 1198 2409 imbres
1234 2375 1391 2418 autem,
1436 2368 1545 2419 quod

109 2432 310 2472 exhalatio
340 2433 446 2472 intra
473 2441 624 2473 terram
645 2437 846 2488 eopiosior
866 2438 958 2487 fiat,
990 2437 1180 2490 quodque
1202 2431 1348 2476 terrae*
1364 2436 1548 2475 cavitati—

108 2500 182 2538 bus
200 2514 299 2552 aqua
315 2501 480 2553 repletis
499 2504 543 2542 in
562 2503 660 2541 locis
677 2505 971 2556 angustioribus
990 2506 1073 2543 eius
1097 2504 1208 2543 modi
1228 2503 1400 2543 secretio
1418 2503 1548 2542 inter-

43 2575 48 2585 '
108 2568 301 2619 cipiatur,
339 2569 461 2621 vique
493 2569 537 2607 in
564 2570 761 2608 minorem
794 2573 929 2611 locum
959 2572 1239 2623 compellatur.
1308 2561 1411 2611 Cum
1440 2571 1548 2610 enim

111 2635 298 2674 evincere
333 2637 534 2688 coeperit,
575 2637 668 2688 quia
699 2638 809 2688 quod
846 2640 1020 2678 multum
1053 2645 1112 2677 est
1139 2639 1184 2677 in
1209 2652 1383 2690 parvum
1415 2638 1548 2677 locum

109 2703 405 2754 comprimatur,
425 2710 569 2742 ventus
591 2703 720 2744 fluens
739 2711 858 2756 atque
876 2706 1087 2746 incurrens
1106 2707 1285 2758 graviter
1303 2712 1548 2745 commovet.

114 2773 175 2808 15.
203 2770 514 2823 Intelligendum
544 2773 651 2811 enim
681 2779 758 2822 est,
787 2773 847 2811 uti
871 2774 914 2812 in
934 2781 1073 2813 nostro
1102 2787 1276 2827 corpore
1304 2774 1367 2814 vis
1382 2774 1548 2826 spiritus

111 2836 322 2890 intercepti
348 2845 387 2876 et
413 2845 637 2878 tremorum
669 2847 709 2878 et
737 2842 927 2893 pulsuum
960 2855 1075 2880 causa
1106 2848 1188 2892 est,
1227 2843 1283 2881 ita
1312 2847 1353 2879 et
1375 2841 1419 2880 in
1438 2846 1549 2880 terra

1099 2913 1124 2950 8
