1820 3158
260 335 286 376 8
367 335 752 383 —p.339,b.Bekk.-
834 335 981 376 LIB.1.
1010 338 1123 376 CAP.
1140 339 1213 377 111.
1275 336 1639 381 -p.326‚H.cas.—

259 451 337 490 τῶν
364 445 621 500 μαθημάτων
646 444 812 492 ἱκανῶς,
841 441 938 491 ἴσως
965 442 1014 484 ἂν
1042 444 1264 486 ἐπαύσαντο
1293 444 1443 499 ταύτης
1469 450 1541 500 τῆς
1569 462 1659 486 παι-

262 516 372 567 δικῆς
399 514 540 566 δόξης·
597 510 684 550 λίαν
722 507 798 563 γὰρ
833 505 984 551 ἁπλοῦν
1007 509 1053 551 τὸ
1083 511 1251 564 νομίζειν
1277 510 1423 566 μικρὸν
1438 517 1522 560 τοῖς
1547 511 1661 565 μεγέ-

262 583 378 621 θεσιν
405 576 503 621 εἶναι
529 579 609 617 τῶν
637 573 865 629 φερομένων
893 573 1081 627 ἕκαστον,
1132 576 1192 618 ὅτι
1224 578 1404 631 φαίνεται
1438 571 1662 633 θεωροῦσιν

211 643 234 678 6
262 643 357 699 ἡμῖν
384 645 568 686 ἐντεῦθεν
604 639 745 688 οὕτως.
813 642 856 682 6.
895 640 1064 697 Εἶρηται
1098 642 1172 695 μὲν
1201 638 1271 684 οὖν
1307 645 1372 685 καὶ
1400 643 1594 699 πρότερον
1622 644 1664 685 ἐν

263 716 348 759 τοῖς
381 710 469 764 περὶ
497 706 568 749 τὸν
599 705 682 747 ἄνω
719 703 844 748 τόπον
882 706 1116 762 θεωρήμασι
1127 740 1139 759 ‚
1193 709 1364 764 λέγωμεν
1402 711 1446 751 δὲ
1484 709 1554 752 τὸν
1592 710 1666 751 αὖ-

263 775 335 817 τὸν
363 774 481 829 λόγον
519 773 584 815 καὶ
622 775 715 813 νῦν·
775 771 810 813 εἲ
836 771 911 828 γὰρ
939 772 992 815 τά
1020 790 1061 815 τε
1090 774 1341 828 διαστήματα
1367 775 1498 831 πλήρη
1528 773 1666 830 πυρός,

263 842 328 882 καὶ
355 839 407 882 τὰ
437 839 607 894 σώματα
634 837 868 893 συνέστηκεν
897 839 941 881 ἐκ
970 839 1119 896 πυρός,
1163 840 1285 892 πάλαι
1323 844 1499 897 φροῦδον
1536 841 1585 883 ἂν
1618 837 1668 896 ἦν

211 906 236 940 7
266 906 431 948 ἕκαστον
463 909 544 947 τῶν
581 902 714 946 ἄλλων
751 907 967 959 στοιχείων.
1031 913 1071 948 7.
1101 905 1223 948 Ἀλλὰ
1249 907 1332 962 μὴν
1360 907 1451 949 οὐδ’
1485 907 1601 963 ἀέρος
1626 923 1668 963 γε

261 988 391 1025 μονου
419 971 574 1027 πλήρη·
611 970 715 1012 πολὺ
741 971 820 1027 γὰρ
848 971 898 1014 ἂν
920 970 1165 1029 ὑπερβάλλω
1193 973 1268 1028 τὴν
1298 973 1465 1028 ἲσότητα
1491 977 1562 1027 τῆς
1587 990 1670 1015 κοι-

263 1041 336 1091 νῆς
371 1038 583 1093 ἀναλογίας
616 1035 721 1092 πρὸς
752 1037 805 1080 τὰ
833 1038 1024 1094 σύστοιχα
1055 1038 1245 1093 σώματα,
1287 1039 1360 1082 κᾶν
1389 1042 1424 1081 εἲ
1451 1039 1522 1081 δύο
1560 1055 1703 1095 otu-3-

260 1105 379 1157 χείων
413 1103 569 1160 πλήρης
605 1100 625 1144 ὃ
654 1102 802 1157 μεταξὺ
839 1108 911 1161 γῆς
936 1106 1002 1148 καὶ
1031 1104 1203 1161 οὐρανοῦ
1230 1105 1357 1155 τόπος
1384 1106 1512 1147 ἐστίν·
1554 1097 1694 1147 οὐδέν’

264 1168 339 1226 γὰρ
370 1167 425 1219 ὡς
447 1171 566 1212 εἷπεΐν
594 1167 739 1225 μόριον
760 1167 782 1213 ὅ
803 1176 876 1227 τῆς
900 1176 974 1227 γῆς
1000 1171 1107 1216 ἔστὶν
1133 1172 1272 1228 ὄγκος,
1300 1172 1342 1214 ἓν
1362 1167 1394 1229 ᾧ
1418 1171 1671 1224 συνείληπται

265 1239 345 1278 πᾶν
373 1235 440 1279 καὶ
463 1235 510 1278 τὸ
539 1239 612 1278 τοῦ
643 1235 792 1286 ὕδατος
826 1242 1011 1294 πλῆθος,
1057 1238 1161 1294 πρὸς
1186 1239 1232 1281 τὸ
1263 1239 1441 1295 περιέχον
1475 1237 1668 1293 μέγεθος·

265 1299 420 1358 ὁρῶμεν
447 1302 492 1345 δ’
519 1301 591 1344 οὒκ
617 1302 661 1345 ἒν
694 1303 877 1362 τοσούτῳ
915 1305 1075 1360 μεγέθει
1111 1306 1316 1361 γινομένην
1359 1304 1434 1360 τὴν
1467 1303 1669 1360 ὑπεροχὴν

262 1372 344 1410 τῶν
390 1367 542 1425 ὄγκων,
599 1367 700 1413 ὅταν
740 1370 782 1421 ἒξ
819 1371 936 1427 ἀέρος
973 1370 1085 1425 ὕδωρ
1134 1372 1291 1427 γένηται
1332 1372 1608 1427 ὃιακριθέντος
1642 1371 1668 1424 ἢ

264 1438 344 1489 πῦρ
371 1434 413 1485 ἒξ
443 1434 579 1492 ἀέρος·
628 1434 776 1492 ἀνάγκη
812 1437 856 1479 δὲ
882 1437 953 1480 τὸν
985 1436 1108 1480 αὐτὸν
1135 1437 1235 1491 ἔχειν
1262 1437 1402 1493 λόγον,
1442 1435 1489 1479 ὃν
1512 1437 1589 1490 ἔχει
1620 1436 1668 1478 τὸ

265 1502 425 1543 τοσονὸὶ
453 1502 519 1543 καὶ
545 1502 690 1558 μικρὸν
722 1501 835 1559 ὕδωρ
865 1502 968 1560 πρὸς
991 1503 1063 1547 τὸν
1092 1504 1135 1553 ἐξ
1163 1502 1290 1546 αὐτοῦ
1318 1503 1524 1559 γινόμενον
1557 1503 1668 1558 ἀέρα,

262 1635 456 1687 repletum
477 1643 649 1685 censent,
681 1638 844 1675 fortasse
862 1636 1077 1674 abiicerent
1104 1637 1204 1675 hanc
1223 1636 1413 1687 puerilem
1433 1635 1672 1687 opinionem,

264 1701 550 1740 consideraturi
570 1717 627 1744 ea,
651 1715 752 1752 quae
770 1703 848 1740 iam
870 1715 972 1740 nunc
989 1701 1261 1741 mathematica
1276 1703 1430 1740 ratione
1451 1701 1541 1740 satis
1558 1702 1675 1739 lucu-

265 1766 391 1804 lenter
412 1767 674 1805 ‹lemonstrari
692 1774 871 1818 possunt.
926 1769 1056 1806 Nimis
1083 1770 1189 1807 enim
1213 1769 1426 1807 absurdum
1456 1774 1514 1805 est
1531 1773 1673 1818 putare

265 1832 403 1881 exigua
431 1839 584 1871 tantum
612 1833 881 1883 magnitudine
907 1835 1203 1887 unumquodvis
1234 1835 1554 1873 circumlatorum
1581 1846 1671 1871 cor-

265 1911 408 1948 porum
425 1898 596 1949 gaudere
617 1898 781 1949 idcirco,
809 1900 900 1951 quia
918 1901 1031 1939 nobis
1050 1902 1142 1940 hinc
1161 1914 1206 1939 ea
1224 1900 1465 1939 intuentibus
1488 1900 1578 1938 talia
1597 1912 1671 1949 ap-

264 1970 436 2015 pareant.
520 1968 558 2003 6.
609 1966 655 2003 In
687 1965 962 2015 theorematis,
995 1981 1096 2018 quae
1128 1967 1178 2005 ad
1205 1980 1391 2018 superum
1418 1965 1548 2003 locum
1579 1978 1671 2015 spe-

264 2035 382 2078 ctant,
395 2043 441 2069 ea
460 2029 511 2068 de
528 2044 574 2069 re
593 2031 671 2069 iam
693 2031 959 2081 disseruimus,
986 2039 1210 2084 repetamus
1229 2046 1328 2072 vero
1348 2033 1424 2070 hoc
1444 2033 1560 2070 etiam
1578 2032 1668 2069 loco

264 2095 428 2134 eandem
448 2099 839 2147 argumentationem.
890 2099 1045 2148 Quodsi
1064 2099 1170 2138 enim
1187 2099 1396 2138 intervalla
1412 2098 1502 2148 igne
1518 2097 1672 2148 repleta

265 2168 391 2200 essent
422 2168 462 2199 et
487 2176 657 2214 corpora
684 2177 739 2203 ex
763 2165 855 2216 igne
883 2169 1126 2214 constarent,
1165 2165 1317 2204 dudum
1344 2165 1533 2203 abolitum
1565 2164 1672 2202 foret

263 2228 431 2278 quodvis
446 2229 554 2269 aliud
575 2231 830 2271 elementum.
876 2234 915 2271 7.
946 2231 1002 2271 At
1023 2244 1151 2283 neque
1168 2231 1272 2270 ae'ris
1291 2233 1412 2270 solius
1433 2232 1549 2282 plena
1569 2234 1670 2268 sunt.

262 2294 435 2333 Multum
456 2297 562 2333 enim
581 2297 793 2336 excederet
814 2297 1033 2335 communis
1052 2297 1217 2337 rationis
1238 2298 1289 2336 ad
1308 2297 1462 2349 reliqua
1478 2298 1672 2335 elementa

261 2361 586 2410 aequabilitatem,
614 2362 648 2402 si
667 2364 734 2401 vel
756 2363 910 2408 duobus
934 2364 1138 2402 elementis
1161 2371 1311 2404 terram
1336 2365 1442 2402 inter
1461 2369 1501 2400 et
1519 2363 1671 2400 caelum

259 2426 366 2463 locus
387 2433 489 2465 esset
506 2430 680 2479 repletus
692 2445 703 2478 3
731 2443 823 2469 nam
839 2429 1001 2469 minima
1023 2430 1207 2480 quidem,
1234 2438 1280 2469 ut
1303 2431 1357 2468 ita
1377 2429 1526 2475 dicam,
1552 2427 1669 2478 parti-

260 2491 346 2529 cula
379 2505 467 2530 cum
497 2494 651 2546 reliquo
678 2495 829 2534 mundo
859 2503 1083 2547 comparata
1110 2503 1240 2535 terrae
1266 2503 1325 2534 est
1354 2494 1498 2542 moles,
1527 2495 1569 2532 in
1593 2504 1670 2544 qua

259 2564 389 2594 tamen
407 2558 533 2595 omnis
552 2560 670 2599 etiam
687 2574 810 2612 aquae
828 2563 1020 2614 quantitas
1039 2562 1364 2614 deprehenditur.
1393 2561 1450 2598 At
1466 2572 1668 2597 excessum

261 2622 375 2660 molis
401 2635 645 2674 nequaquam
671 2630 777 2664 tanta
805 2629 1075 2679 magnitudine
1101 2629 1189 2666 fieri
1209 2628 1409 2674 videmus,
1437 2625 1593 2675 quando
1616 2637 1668 2662 ex

260 2700 357 2740 aqua
371 2701 446 2739 per
460 2689 719 2729 secretionem
736 2693 807 2730 ae'r
827 2695 884 2740 fit,
908 2708 1024 2744 quam
1043 2695 1074 2732 si
1090 2708 1141 2731 ex
1154 2696 1246 2732 n'ere
1257 2692 1381 2742 ignis:
1400 2704 1556 2729 necesse
1567 2703 1668 2730 vero
1689 2703 1693 2707 ·

261 2759 339 2802 est,
363 2752 500 2792 eadem
520 2755 674 2794 ratione
693 2758 743 2795 sit
763 2757 859 2796 haec
879 2760 1029 2798 tantilla
1053 2770 1150 2810 aqua
1170 2757 1221 2796 ad
1241 2757 1375 2796 aerem
1397 2770 1448 2795 ex
1465 2756 1550 2808 ipsa
1570 2770 1667 2808 pro-
