1774 3198
274 339 369 381 470
486 344 931 386 COMMENTARIUS
961 344 1021 381 IN
1050 322 1451 383 METEOROLoG.

385 460 451 495 25.
501 453 598 505 ἔχειν
633 468 684 492 sc.
713 451 808 498 τοὺς
832 449 1049 503 ποταμοΰς.
1080 474 1134 480 —-
1181 450 1228 492 τό
1259 467 1334 505 pro
1362 455 1419 508 τῷ
1448 454 1500 511 Ν.
1527 476 1581 483 -
1623 455 1678 500 εἷς

276 534 350 572 pro
381 518 443 560 ἐπ’
487 523 538 559 Η.
569 521 622 558 Ν.
651 543 699 548 -
749 520 829 558 τῶν
860 514 1020 558 ὑδάτων
1058 532 1132 571 pro
1161 520 1240 558 τῶν
1268 521 1459 570 ποταμῶν
1487 523 1534 559 F.
1566 521 1676 560 Cam.

274 602 335 639 γρ.
367 588 452 626 Cas.

384 656 451 691 26.
482 649 566 690 οὔτι
586 649 825 703 τηλικαύτας
853 653 904 690 Η.
924 652 976 690 Ν.
998 651 1046 689 Α.
1063 650 1105 689 Ρ.
1124 651 1231 690 Cam.
1255 653 1292 689 S.
1315 657 1354 689 et
1372 665 1434 702 pr.
1457 664 1560 690 man.
1578 653 1624 690 F.

386 722 453 757 27.
492 716 620 764 κείνας
651 719 872 770 recepimus
898 731 950 755 ex
975 716 1062 755 cod.
1083 719 1131 756 E.
1162 731 1236 769 pro
1256 718 1415 768 vulgato
1442 714 1609 766 ἐκείνας,
1637 724 1683 756 ut

276 798 394 836 supra
416 786 449 834 I,
471 786 534 834 11,
560 789 580 822 1
611 787 743 824 κεῖθεν
765 798 838 836 pro
861 782 1026 823 ἐκεῖθεν.
1044 805 1099 813 -
1128 778 1224 822 εἶναι
1245 782 1412 834 νομίζειν
1432 783 1592 822 inverso
1615 797 1684 822 or-

277 851 369 889 dine
387 852 438 889 H.
463 851 515 889 N.
535 873 587 881 --
627 853 856 890 Verborum
875 849 1080 900 συμβαίνει
1103 846 1146 887 δὲ
1163 851 1282 888 τοῦτο
1314 875 1451 887 .....
1484 863 1607 900 usque
1628 848 1684 886 ad

267 916 402 965 finem
423 920 578 966 capitis
597 918 706 956 nulla
724 917 923 969 reperitur
941 916 1190 967 paraphrasis
1209 917 1250 953 in
1272 916 1444 954 editione
1466 917 1685 954 Alexan-

278 984 360 1021 dri
387 984 533 1022 Aldina
555 997 684 1034 neque
710 985 835 1022 ullum
860 988 1024 1033 apparet
1046 983 1207 1020 lacunae
1227 982 1392 1032 signum.
1422 982 1621 1031 πολλαχοῖ
1634 981 1683 1019 Ε.

277 1049 456 1099 πολλαχῆ
479 1051 528 1086 A.
551 1071 599 1077 —-
648 1050 844 1100 Exempla
866 1049 1083 1087 fluviorum
1103 1047 1294 1086 Arcadiae
1314 1063 1335 1087 a
1353 1055 1460 1087 terra
1478 1049 1686 1098 absorpto-

276 1128 368 1152 rum
389 1121 427 1152 et
445 1114 586 1152 deinde
603 1115 863 1163 redditorum,
890 1115 1052 1164 praebet
1070 1115 1346 1152 Pausanias
1369 1115 1483 1163 VIII,
1498 1118 1537 1163 7,
1557 1118 1592 1152 1.
1617 1117 1685 1153 20.

279 1184 344 1228 22,
369 1185 405 1218 3.
429 1185 494 1229 23,
511 1184 548 1218 2.
573 1180 636 1228 54,
650 1185 686 1218 2.
717 1181 801 1224 Cfr.
823 1180 937 1217 etiam
957 1178 1156 1217 Problem.
1173 1181 1338 1227 XXVI,
1360 1183 1425 1219 61.
1456 1180 1687 1218 strabon.

277 1247 393 1287 VIII.
418 1249 549 1296 p.596
565 1248 613 1284 A.
671 1245 884 1284 Diodor.
908 1245 1060 1282 Sicul.
1089 1245 1187 1290 XV,
1211 1245 1261 1283 49
1293 1252 1331 1283 et
1351 1259 1448 1295 quae
1469 1246 1688 1296 composuit

279 1312 479 1361 diligentia
511 1313 536 1349 S
548 1324 672 1361 pren
684 1324 706 1361 g
718 1311 812 1348 elii
829 1312 1028 1361 Beitriige
1048 1323 1122 1347 zur
1137 1310 1278 1348 Geselz.
1295 1310 1367 1347 der
1386 1312 1574 1348 Mediein
1598 1311 1629 1358 Ι,
1650 1315 1686 1348 2.

277 1391 318 1428 p.
340 1381 404 1413 22.
461 1377 571 1414 Inter
601 1376 696 1413 alios
725 1376 870 1413 fluvios
897 1375 974 1413 huc
1002 1376 1203 1426 pertinent
1230 1376 1508 1421 Erasinus,
1537 1376 1587 1414 de
1608 1389 1686 1427 quo

279 1442 510 1480 conferendi
528 1442 737 1480 Herodo
749 1448 830 1479 tus
848 1442 922 1487 VI,
933 1444 1006 1480 76.
1039 1441 1076 1479 O
1088 1441 1186 1480 vid.
1207 1443 1379 1479 Metam.
1397 1443 1498 1489 XV,
1512 1446 1590 1480 276
1604 1456 1687 1494 sqq.

280 1509 474 1546 Seneca
505 1510 670 1559 Quaest.
699 1517 783 1544 nat.
812 1507 894 1553 ΙΙΙ,
924 1510 999 1556 263
1046 1506 1306 1555 Pheneus,
1344 1507 1393 1545 de
1423 1521 1500 1557 quo
1525 1515 1690 1558 egerunt

280 1576 434 1613 Isaac.
475 1574 695 1613 Vossius
731 1574 781 1610 ad
818 1574 1006 1611 catull.
1044 1586 1084 1624 p.
1114 1573 1205 1612 294.
1247 1573 1603 1622 VVyttenbach
1639 1574 1690 1612 ad

278 1640 533 1680 Plutarch.
563 1639 611 1676 de
633 1637 678 1677 S.
699 1639 754 1677 N.
779 1640 830 1682 V.
863 1653 902 1690 p.
924 1640 988 1686 65,
1009 1640 1085 1677 alii.
1144 1639 1272 1677 Etiam
1297 1638 1338 1676 in
1356 1639 1439 1677 aliis
1460 1640 1578 1677 terris
1608 1640 1690 1678 eius

278 1705 388 1743 modi
416 1703 591 1756 ποταμοὶ
619 1700 924 1755 καταπινόμενοι
952 1705 1123 1756 reperiri
1143 1705 1395 1752 dicebantur,
1421 1719 1499 1756 quo
1519 1706 1692 1757 pertinet

279 1770 486 1822 Alpheu
499 1786 537 1818 s,
566 1771 715 1810 fluvius
738 1771 885 1817 Elidis,
917 1785 1033 1822 quem
1057 1772 1100 1808 in
1121 1771 1274 1808 Siciliae
1294 1771 1404 1808 fonte
1424 1771 1619 1809 Arethusa
1641 1771 1691 1810 ad

277 1845 408 1876 terrae
427 1838 675 1888 superficiem
696 1838 828 1875 redire
848 1837 1043 1875 volebant.
1077 1834 1160 1874 Cfr.
1182 1837 1352 1886 interpp.
1373 1837 1422 1874 ad
1446 1838 1579 1887 Virg.
1600 1839 1689 1875 ΕΟΖ.

278 1904 334 1946 X,
356 1903 393 1940 4.
417 1905 449 1941 Β
465 1903 710 1940 eckmann
737 1903 787 1939 ad
815 1900 1095 1939 Aristotel.
1128 1901 1176 1938 de
1195 1901 1338 1939 mirab.
1361 1903 1532 1939 ausc-ult.
1553 1916 1585 1939 c.
1600 1906 1690 1940 186.

280 1967 400 2005 Plura
433 1969 615 2017 exempla
652 1968 853 2017 coniungit
892 1967 1079 2004 Strabo
1110 1967 1177 2003 VI.
1209 1980 1247 2016 p.
1269 1967 1347 2004 422
1369 1969 1401 2002 A
1421 1981 1478 2018 sq.
1518 1969 1589 2006 cfr.
1611 1969 1688 2006 IX.

278 2046 304 2083 p
342 2036 420 2072 625
443 2033 488 2071 A.
522 2034 600 2072 XI.
624 2037 757 2084 p.788
771 2035 818 2070 A.
858 2032 983 2070 Plin.
1015 2034 1129 2069 Hist.
1154 2039 1244 2069 nat.
1265 2033 1326 2080 11,
1349 2035 1426 2070 106
1458 2039 1497 2071 et
1516 2034 1689 2083 omnino,

279 2111 378 2149 quae
407 2099 598 2150 congessit
613 2099 773 2149 insignis
795 2098 992 2148 diligentia
1022 2100 1051 2135 B
1063 2112 1084 2135 e
1096 2111 1117 2135 c
1127 2099 1156 2135 k
1169 2112 1205 2134 m
1218 2111 1239 2135 a
1249 2111 1275 2135 n
1286 2099 1335 2135 ni
1364 2099 1414 2136 ad
1441 2096 1520 2136 An
1530 2101 1568 2137 ti
1580 2113 1602 2150 g
1614 2114 1637 2137 o
1648 2114 1689 2138 n.

280 2165 474 2215 Caryst.
503 2179 541 2215 p
564 2169 642 2203 201
666 2178 747 2216 sqq.
776 2187 826 2193 —-—
859 2161 919 2203 ὅτι
950 2161 990 2202 δ’
1014 2162 1088 2201 εἰσὶ
1117 2162 1198 2202 καὶ
1226 2158 1408 2203 τοιαῦται
1427 2165 1559 2204 voluit
1583 2166 1634 2204 G.

389 2235 455 2269 28.
495 2227 560 2268 διὰ
589 2231 735 2269 omittit
763 2229 1052 2268 Schneider
1080 2219 1221 2281 Eclog.
1240 2231 1357 2281 phys.
1386 2203 1465 2280 X‘I,
1483 2235 1519 2271 9.
1542 2245 1579 2282 p.
1599 2235 1689 2270 181.

280 2316 333 2326 ·-
364 2295 507 2335 κοίλων
535 2310 611 2347 pro
632 2297 789 2335 κοιλιῶν
815 2297 859 2334 F.
881 2298 932 2334 H.
963 2317 1017 2324 —
1044 2291 1261 2334 θάλασσαν
1281 2298 1326 2334 F.
1360 2321 1408 2325 —
1453 2291 1588 2343 αὗτοΐς
1616 2310 1691 2348 pro

283 2358 401 2401 αὐτοί
425 2363 472 2400 F.
493 2364 543 2400 H.
566 2363 619 2401 N.
759 2357 766 2364 ’

387 2432 454 2467 29.
483 2425 637 2480 φανερά
659 2429 847 2466 omittunt
869 2430 915 2466 A.
937 2429 974 2465 S.
1003 2428 1114 2466 uncis
1136 2428 1381 2466 incluserunt
1401 2430 1446 2467 P.
1475 2429 1561 2466 Cas.
1608 2425 1692 2464 Sed

280 2501 340 2531 est
371 2494 446 2531 sub
478 2495 707 2532 Caucasum
733 2502 950 2545 stagnum,
981 2494 1093 2544 quod
1119 2502 1267 2531 vocant
1296 2494 1357 2532 ibi
1382 2507 1493 2531 mare
1513 2496 1602 2543 Bag.
1634 2514 1689 2522 —-

280 2559 437 2598 πολλῶν
464 2561 663 2609 ποταμῶν
684 2561 844 2598 inverso
864 2560 1003 2597 ordine
1026 2560 1078 2598 H.
1105 2580 1158 2587 —-
1187 2556 1452 2608 εἷσβαλόντων
1480 2560 1530 2596 Η.
1553 2559 1603 2596 N.
1632 2580 1688 2587 —-—-

279 2625 343 2660 Ex
361 2624 467 2663 hisce
485 2626 737 2675 consequitur
755 2623 877 2663 Aris
889 2632 936 2663 to
948 2620 1100 2663 telem
1112 2654 1122 2673 ,
1152 2639 1288 2664 veram
1315 2625 1429 2662 maris
1450 2624 1578 2674 Caspii
1602 2625 1689 2662 for-

280 2701 384 2726 mam
404 2692 575 2739 novisse,
603 2698 776 2745 secutum
801 2705 844 2728 ea
860 2691 901 2728 in
920 2705 965 2729 re
988 2692 1124 2729 Hero
1138 2691 1160 2728 d
1174 2698 1309 2728 otum
1339 2690 1378 2736 1,
1398 2693 1490 2728 203.
1548 2691 1689 2728 Poste-

281 2766 394 2791 rores
418 2755 583 2800 deinde,
613 2763 770 2806 praeter
800 2757 1087 2794 Diodorum
1116 2757 1284 2801 XVIII,
1309 2758 1330 2792 5
1362 2754 1548 2806 Caspium
1574 2770 1682 2794 mare
