1820 3158
345 353 406 395 96
461 359 851 402 —v-362‚a·Bekk·—
913 360 1291 401 L13.11.CAP.v.
1348 361 1716 405 —p.345‚G.Cas.—

341 469 621 525 ξηραινομένης
649 465 724 507 υπό
753 482 794 506 τε
822 470 893 519 τῆς
920 468 1063 515 οικείας
1090 467 1343 521 θερμότητος
1373 471 1435 510 καὶ
1463 469 1539 512 υπὸ
1567 475 1640 525 τῆς
1667 476 1738 513 τοῦ

340 535 453 590 ἦλίου
482 532 565 575 οἷον
593 532 795 586 τύφεσθαι
831 534 896 573 καὶ
933 537 1188 586 θυμιᾶσθαι,
1231 538 1304 588 τῆς
1335 535 1378 575 δὲ
1408 535 1550 584 νυκτὸς
1577 541 1739 593 λωφῶσι

342 602 407 643 διὰ
434 600 479 642 τὸ
510 599 558 640 τὰ
588 598 791 653 πεπηγότα
819 598 1016 652 τηκόμενα
1052 599 1252 641 παύεσθαι
1294 602 1360 641 διὰ
1395 601 1467 654 τὴν
1504 602 1741 682 ψυχρότητα

339 672 418 710 τῶν
436 669 599 707 νυκτῶν.
629 668 825 716 θυμιᾶται
847 664 888 705 ὃ
913 664 1001 706 ου’τε
1030 665 1075 706 τὸ
1106 666 1278 721 πεπηγὸς
1306 666 1394 708 οὔτε
1423 667 1468 708 τὸ
1499 668 1665 721 μηδὲν
1652 669 1740 721 ε’χον

337 732 496 787 ξηρόν,
509 730 597 773 ἀλλ’
622 730 718 772 ὅταν
747 729 830 803 ἔχῃ
843 730 888 772 τὸ
920 731 1039 785 ξηρὸν
1067 730 1287 787 υγρότητα,
1324 737 1443 774 τοῦτο
1473 734 1740 816 θερμαινόμε-

335 816 404 841 νον
420 801 630 851 θυμιᾶται.
688 803 726 838 7.
752 785 964 852 Ἀποροῦσι
990 797 1036 838 δέ
1059 814 1161 846 τινες
1193 798 1267 843 διὰ
1286 800 1327 840 τί
1349 799 1487 854 βορέαι
1511 801 1585 853 μὲν
1613 802 1741 854 γίνον-

335 882 401 907 ται
429 870 622 917 συνεχεῖς,
658 862 727 911 οὓς
756 867 951 915 καλοῦμεν
970 864 1140 917 ἐτησίας,
1168 865 1278 918 μετὰ
1289 865 1361 913 τὰς
1383 866 1548 921 θερινὰς
1575 865 1740 922 τροπάς,

337 932 457 974 νότοι.
475 931 515 972 δ’
544 929 671 978 οὕτως
700 929 745 971 οὗ
773 931 945 983 γίνονται
975 930 1075 982 μετὰ
1103 931 1176 980 τὰς
1196 923 1443 987 χειμερινάς.
1494 931 1569 984 ἔχει
1599 932 1639 973 δ’
1668 931 1740 973 οὔκ

340 997 511 1052 ἀλόγως·
544 998 717 1050 γίνονται
745 997 819 1049 μὲν
845 996 920 1051 γὰρ
950 997 987 1038 οἳ
1015 997 1250 1050 καλούμενοι
1279 998 1503 1040 λευκόνοτοι
1531 999 1604 1051 τὴν
1632 998 1739 1039 ἀντι-

337 1064 515 1117 κειμένην
543 1062 672 1118 ὥραν,
721 1062 793 1115 οὐχ
823 1062 951 1111 οὕτως
980 1064 1023 1104 δὲ
1051 1066 1223 1118 γίνονται
1253 1072 1442 1117 συνεχεῖς,
1470 1064 1553 1106 Γδιὸ
1586 1063 1741 1105 λανθά-

336 1146 470 1179 νοντες
505 1133 686 1170 ποιοῦσιν
724 1129 927 1182 ἐπιζητεῖν.
1015 1136 1054 1170 8.
1101 1131 1247 1172 Αἴτιον
1278 1130 1319 1171 δ’
1355 1126 1416 1172 ὅτι
1446 1130 1466 1172 ὃ
1495 1131 1569 1184 μὲν
1596 1130 1741 1185 βορέας

337 1197 414 1239 ἀπὸ
447 1200 505 1253 τῷ
538 1193 615 1237 ὕπὸ
654 1195 727 1248 τὴν
763 1194 909 1250 α’ρκτον
937 1202 1028 1236 πνεῖ
1050 1195 1206 1248 τόπων,
1248 1196 1292 1236 οι
1313 1197 1474 1252 πληρεις
1500 1196 1649 1244 ὓδατος
1676 1196 1742 1236 καὶ

331 1262 466 1317 χιόνος
502 1264 575 1304 εἶσὶ
612 1265 784 1315 πολλης,
832 1279 887 1303 ων
899 1262 1144 1341 τηκομένων
1171 1259 1247 1302 υπὸ
1277 1266 1348 1303 τοῦ
1379 1260 1492 1342 ἠξιου
1528 1262 1630 1315 μετὰ
1668 1261 1741 1307 τὰς

335 1329 501 1386 θερινὰς
527 1329 679 1383 τροπὰς
702 1331 855 1381 μᾶλλον
880 1325 904 1380 ἢ
926 1323 989 1367 ἐπ’
1017 1327 1154 1376 αὐταῖς
1175 1329 1357 1369 πνέουσιν
1377 1328 1414 1369 οἱ
1436 1329 1608 1382 ἒτησιαι·
1635 1325 1739 1367 οὕτω

334 1396 409 1451 γὰρ
446 1397 511 1437 καὶ
538 1394 588 1436 τὰ
617 1396 730 1448 πνίγη
759 1396 924 1448 γίνεται,
965 1393 1038 1446 οὐχ
1066 1393 1163 1435 ὅταν
1197 1393 1371 1447 μάλιστα
1407 1393 1601 1449 πλησιάζῃ
1640 1391 1740 1447 πρὸς

336 1460 504 1516 ἄρκτον,
545 1460 636 1501 ἄλλ’
670 1459 768 1501 ὅταν
798 1461 940 1502 πλείων
967 1461 1041 1513 μὲν
1070 1455 1094 1515 ᾗ
1120 1459 1267 1514 χρόνος
1295 1462 1571 1514 θερμαίνοντι,
1611 1459 1665 1500 ἔτι
1695 1457 1734 1498 δ’

335 1527 458 1583 ἐγγύς.
517 1534 554 1568 9.
585 1524 757 1579 Ὁμοίως
789 1527 832 1567 δὲ
861 1528 926 1568 καὶ
954 1526 1054 1579 μετὰ
1082 1526 1155 1574 τὰς
1177 1526 1401 1582 χειμερινὰς
1425 1526 1577 1582 τροπὰς
1598 1525 1738 1567 πνέου-

335 1666 540 1700 concretae
559 1662 850 1711 colliquescant,
873 1674 916 1699 ac
935 1667 1042 1698 terra
1062 1666 1146 1699 tum
1165 1673 1235 1698 suo
1256 1666 1341 1698 tum
1362 1660 1453 1698 solis
1468 1661 1595 1698 calore
1614 1660 1740 1698 exsic-

333 1734 417 1766 cata
438 1728 562 1765 veluti
582 1728 624 1765 in
642 1729 795 1766 fumum
814 1727 1057 1778 halitumque
1087 1728 1212 1765 abeat.
1270 1727 1402 1764 Noctu
1422 1733 1553 1764 autem
1577 1732 1736 1767 cessant,

333 1795 518 1844 quoniam
550 1807 648 1844 quae
673 1795 909 1844 conglaciata
937 1800 1052 1841 sunt,
1082 1807 1177 1844 prae
1196 1793 1368 1831 noctium
1392 1793 1542 1843 frigore
1562 1792 1740 1830 desinant

332 1860 487 1910 liquari-
545 1859 656 1897 Nihil
686 1874 806 1907 vern,
836 1873 964 1909 neque
982 1859 1086 1910 quod
1115 1860 1205 1909 gelu
1234 1859 1487 1897 constrictum
1513 1859 1586 1903 sit,
1613 1871 1738 1908 neque

333 1925 439 1975 quod
452 1926 662 1963 siccitatem
681 1926 800 1963 ullam
821 1939 902 1963 non
920 1925 1069 1973 habeat,
1086 1925 1252 1963 halitum
1270 1925 1423 1962 reddit:
1454 1924 1522 1961 sed
1539 1923 1644 1974 quod
1662 1923 1738 1964 hu·-

333 2005 484 2029 morem
519 2004 606 2028 cum
634 1992 801 2028 siccitate
823 1991 1074 2044 coniunctum
1094 1991 1288 2038 continet3
1320 1989 1425 2039 quod
1446 1989 1511 2026 ubi
1529 1990 1737 2037 incalescit,

333 2057 621 2095 exhalationem
648 2057 775 2094 mittit.
834 2061 869 2094 7.
901 2057 980 2094 Sed
1008 2057 1187 2094 dubitant
1215 2057 1396 2106 quidam,
1435 2069 1505 2093 cur
1538 2055 1737 2105 aquilones

332 2137 429 2174 quos
447 2124 596 2161 Etesias
623 2124 889 2171 nominamus,
918 2129 1009 2174 post
1032 2123 1239 2160 solstitium
1267 2123 1460 2160 aestivum
1491 2121 1738 2174 continenter

330 2191 502 2241 spirant,
534 2191 656 2228 austri
674 2204 771 2228 vero
793 2196 882 2240 post
902 2190 1100 2227 brumales
1124 2202 1204 2226 non
1222 2188 1418 2226 oriuntur,
1471 2187 1518 2226 Id
1539 2200 1637 2225 vero
1656 2200 1737 2225 non

329 2257 474 2307 absque
493 2257 644 2294 ratione
666 2258 809 2294 evenit.
866 2258 1068 2307 Tempore
1094 2256 1198 2293 enim
1227 2254 1425 2292 contrario
1452 2252 1513 2291 his
1535 2253 1602 2304 qui
1628 2254 1738 2291 Leu-

330 2323 463 2360 conoti
483 2324 743 2373 appellantur,
771 2323 953 2361 oriuntur
971 2322 1142 2372 quidem,
1174 2334 1252 2359 non
1270 2321 1325 2358 ita
1342 2327 1474 2358 tamen
1493 2319 1737 2357 continenter

329 2389 511 2439 perflant.
573 2392 609 2426 8.
642 2390 766 2427 Causa
784 2395 914 2427 autem
945 2395 1024 2436 est,
1062 2388 1168 2443 quod
1196 2388 1325 2438 aquilo
1355 2401 1378 2424 a
1395 2386 1509 2433 locis,
1539 2398 1636 2435 quae
1665 2384 1735 2422 sub

331 2455 609 2504 septentrione
628 2461 730 2502 sunt,
759 2456 903 2506 spirat:
936 2468 1032 2506 quae
1052 2456 1138 2492 loca
1159 2467 1280 2504 aquae
1299 2467 1343 2492 ac
1364 2454 1466 2491 nivis
1487 2452 1630 2489 multae
1646 2456 1736 2487 sunt

328 2521 464 2571 plena,
501 2522 641 2570 quibus
662 2535 683 2558 a
703 2522 785 2559 sole
811 2522 965 2573 liquatis
996 2527 1086 2572 post
1110 2521 1387 2559 conversiones
1412 2517 1576 2555 aestivas
1602 2516 1734 2565 magis,

330 2599 444 2636 quam
467 2586 510 2623 in
528 2588 586 2634 iis,
610 2588 762 2625 Etesiae
782 2588 940 2637 spirant.
996 2589 1056 2626 Ita
1073 2588 1176 2625 enim
1205 2593 1243 2624 et
1259 2591 1383 2623 aestus
1403 2583 1515 2630 fiunt,
1544 2594 1624 2618 non
1645 2594 1734 2618 cum

327 2652 500 2690 maxime
535 2653 585 2689 ad
611 2653 898 2703 septentriones
926 2654 1106 2700 accessit,
1147 2652 1215 2690 sed
1245 2663 1334 2689 cum
1355 2648 1532 2703 longiore
1554 2653 1734 2697 tempore

329 2717 523 2765 calefecit,
570 2731 618 2768 pr
621 2719 893 2769 opinquusque
935 2719 1051 2756 etiam
1099 2719 1186 2756 fuit.
1263 2719 1300 2753 9.
1349 2713 1501 2752 Eodem
1537 2712 1668 2753 modo*
1695 2719 1735 2750 et

327 2789 414 2835 post
439 2783 714 2822 conversiones
745 2783 940 2822 brumales
961 2783 1170 2822 Ornithiae
1196 2779 1378 2831 perflant.
1437 2780 1537 2816 Sunt
1564 2779 1667 2816 enim
1695 2784 1734 2815 et
