1774 3198
0 2340 19 2446 *affl-wsr‘
4 2319 9 2332 Α
1 2300 3 2302 ’

432 351 655 393 LIBRUM
683 347 925 390 PRIMUM.
985 341 1108 386 CAP.
1131 344 1249 385 xm.
1469 331 1564 377 457

246 472 311 508 16.
343 469 409 507 De
427 470 571 507 Bactro
600 472 640 505 et
658 464 851 516 Choaspe,
883 461 993 501 cuius
1008 473 1150 514 aquam
1166 457 1286 497 unice
1302 455 1443 495 bibere
1464 455 1571 494 sole-

80 555 84 561 *
130 538 199 575 bat
219 550 295 575 rex
314 537 541 586 Persarum,
571 533 703 573 omnia
721 538 837 571 nota:
866 530 939 569 sub
961 528 1102 568 Araxis
1123 533 1256 566 autem
1282 523 1447 564 nomine
1470 536 1572 576 pro-

135 606 200 644 cul
225 605 347 662 dubio
366 603 568 643 intellexit
587 604 787 642 Iaxartem
799 627 812 649 ,
842 612 961 652 quem
982 598 1101 637 etiam
1124 597 1261 635 Hero
1273 593 1423 633 dotus
1440 594 1472 640 Ι,
1490 595 1573 631 202

134 680 175 711 et
208 674 280 722 IV,
311 672 364 711 40
401 672 478 710 isto
513 670 675 710 nomine
706 669 980 722 appellaverat
1013 672 1054 705 et
1089 670 1181 718 post
1220 660 1575 702 Aristotelem

137 739 495 781 Callisthenes
524 739 632 792 apud
663 737 968 777 Strabonem
996 735 1076 774 XI.
1107 747 1147 786 p.
1166 735 1247 772 803
1270 732 1316 769 C.
1361 729 1574 780 Dionys.

139 807 305 861 Perieg.
333 812 414 848 739
426 835 438 857 ‚
470 808 539 847 ubi
573 808 646 847 cfr.
676 820 776 859 quae
805 804 961 843 monuit
986 805 1020 842 B
1033 801 1160 841 ernh
1171 814 1225 839 ar
1236 800 1303 851 dy
1330 812 1373 850 p.
1397 800 1494 838 728.
1520 817 1577 824 —

134 877 295 916 Deinde
317 889 532 928 perperam
555 878 757 927 corrigere
774 873 907 913 voluit
924 868 1027 924 ῥέων
1042 867 1116 922 μέν
1135 883 1213 922 pro
1232 864 1357 921 μέρος
1377 861 1433 906 ὤν
1449 867 1579 905 Koe-

135 958 165 984 n
176 945 225 997 ig
237 958 383 983 mann
414 945 566 996 Geogr.
594 942 812 983 Aristotel.
851 955 893 994 p.
928 939 1022 979 144.
1063 944 1147 977 not.
1175 936 1270 976 349.
1327 935 1442 974 Nihil
1471 934 1580 973 enim

137 1013 244 1051 inter
261 1019 476 1064 utramque
495 1012 663 1050 interest
682 1011 976 1050 lectionem.—
989 1005 1220 1046 Secundum
1237 1004 1447 1055 vulgarem
1470 1016 1581 1041 eam-

139 1095 217 1132 que
234 1081 379 1120 iustam
398 1081 628 1132 opinionem
639 1108 651 1126 ,
681 1092 800 1131 quam
819 1077 1001 1128 sequitur
1021 1075 1128 1114 inter
1145 1073 1243 1112 alios
1266 1073 1298 1110 P
1310 1085 1334 1109 o
1346 1085 1387 1109 m
1397 1071 1582 1123 ponius

139 1150 288 1198 Mela,
322 1149 467 1188 Tanais
489 1147 749 1186 deficiebatur
768 1159 790 1183 a
809 1143 1000 1195 Rhipaeis
1032 1141 1232 1180 montibus
1250 1137 1470 1191 Asiamque
1498 1138 1580 1176 dis-

140 1217 294 1268 pescuit
308 1216 357 1254 ab
379 1217 554 1267 Europa.
585 1215 658 1253 cfr.
688 1214 877 1252 Lucan.
908 1213 979 1259 I[[‚
1008 1213 1090 1250 273
1113 1222 1172 1262 sq.
1232 1209 1367 1260 Atque
1386 1208 1443 1247 ita
1462 1207 1582 1246 etiam

137 1283 334 1323 iudicavit
354 1284 491 1322 Hero
504 1282 529 1320 d
542 1296 565 1320 o
578 1288 609 1322 t.
630 1282 704 1327 IV,
726 1281 795 1320 45.
853 1276 978 1318 Adde
997 1279 1024 1317 S
1035 1284 1082 1316 tr
1093 1277 1185 1316 abo
1196 1290 1236 1315 n.
1258 1276 1339 1316 XI.
1358 1289 1399 1328 p.
1425 1278 1505 1315 553
1527 1275 1582 1314 A.

140 1352 245 1392 XII.·
264 1365 307 1403 p.
332 1353 409 1390 831
436 1352 484 1389 Β.
512 1371 567 1379 -—
599 1347 665 1389 καὶ
690 1345 818 1395 Ἰνδός
845 1348 991 1386 omisso
1020 1346 1190 1385 articulo
1219 1346 1267 1384 E.

258 1456 325 1492 17.
355 1453 527 1494 Inverso
548 1452 691 1490 ordine
715 1446 875 1505 ῥέουσιν
906 1445 1023 1488 ἄλλοι
1050 1462 1094 1487 τε
1125 1445 1273 1487 πολλοί
1299 1448 1348 1486 Ε.
1368 1442 1425 1484 A.
1446 1447 1519 1485 Er.
1541 1446 1586 1484 Ρ.

144 1521 256 1560 Cam.
279 1520 434 1560 S..Cas.
461 1521 820 1572 Koenigmann
853 1518 1001 1567 Geogr.
1019 1516 1201 1555 Aristot.
1222 1529 1261 1567 p.
1284 1515 1380 1554 144.
1405 1520 1490 1553 not.
1506 1513 1587 1553 348

146 1602 219 1627 cur
238 1588 522 1639 corrigendum
543 1603 626 1626 esse
650 1586 850 1626 censuerit
868 1582 1016 1623 πολλοί
1027 1585 1072 1622 in
1086 1581 1278 1634 ποταμοί,
1297 1583 1482 1636 equidem
1505 1596 1589 1621 non

146 1656 340 1707 intelligo.
361 1677 416 1684 —-
450 1651 582 1702 Φάσις
605 1656 657 1694 A.
678 1655 724 1693 Ρ.
750 1655 859 1694 Cam.
881 1651 922 1692 S.
946 1653 1034 1691 Cas.
1068 1651 1370 1691 Alexander
1390 1652 1538 1701 fol.88,
1553 1665 1589 1690 a.

148 1729 189 1762 et
212 1723 354 1762 eodem
373 1723 495 1762 modo
516 1724 700 1762 nonnulli
718 1722 834 1762 codd.
855 1721 961 1773 apud
981 1721 1197 1772 Dionys·
1219 1720 1369 1759 Perie
1381 1734 1417 1772 g.
1437 1734 1480 1759 v.
1495 1720 1590 1768 691,

148 1791 382 1844 editumque
415 1797 476 1830 est
503 1791 611 1843 apud
642 1791 882 1830 strabon.
911 1791 1034 1841 11.,p.
1058 1789 1150 1839 147,
1170 1787 1219 1827 C.
1277 1790 1342 1828 De
1369 1788 1487 1827 Phasi
1512 1787 1593 1828 flu·-

150 1859 260 1897 miue
279 1860 353 1898 cfr.
374 1859 538 1898 omnino
564 1859 733 1911 Coray
753 1859 805 1897 ad
823 1859 1124 1910 Hippocrat.
1147 1856 1196 1895 de
1213 1856 1320 1907 ae're,
1342 1870 1414 1909 aq.
1429 1864 1469 1894 et
1488 1856 1593 1895 locis

150 1928 272 1975 Tom.
291 1929 345 1967 Π.
374 1940 403 1979 p
435 1929 531 1966 230.
555 1931 652 1968 232.

265 2031 330 2068 18.
365 2025 439 2080 μέν
475 2029 665 2068 omittunt
692 2025 748 2068 A.
784 2028 897 2068 Cam.
926 2030 996 2068 Er.
1053 2027 1323 2067 Altitudinem
1343 2027 1508 2067 Caucasi
1530 2027 1594 2066 ni-

151 2097 273 2136 miam
301 2111 407 2147 esse,
443 2110 562 2148 quam
592 2099 804 2149 proposuit
843 2094 1201 2145 Aristoteles,
1229 2095 1344 2134 facile
1360 2101 1493 2147 potest
1521 2094 1595 2133 de-

155 2165 382 2201 monstrari.
439 2165 551 2203 Dicit
578 2165 684 2203 enim
714 2166 763 2203 ab
790 2165 961 2204 introitu
987 2164 1108 2202 Ponti
1144 2164 1228 2201 eius
1262 2176 1448 2201 cacumen
1485 2162 1598 2200 cerni

155 2243 292 2281 posse,
320 2230 450 2281 idque!
459 2231 656 2270 illustrari
676 2233 837 2270 tertiam
857 2231 987 2269 noctis
1014 2231 1063 2268 ab
1085 2231 1294 2269 exoriente
1316 2231 1400 2269 sole
1425 2236 1597 2282 partem,

154 2298 395 2348 tertiamque
419 2298 467 2335 ab
489 2299 708 2345 occidente,
737 2299 845 2336 unde
865 2298 1132 2349 consequitur,
1161 2299 1322 2336 tertiam
1341 2304 1496 2336 tantum
1516 2312 1598 2336 non

157 2365 297 2415 attingi
326 2364 450 2404 radiis
479 2365 688 2404 solaribus.
749 2366 905 2417 Quodsi
929 2372 1062 2404 tamen
1089 2366 1229 2417 aliquis
1247 2366 1350 2404 velit
1372 2366 1498 2404 verba
1524 2367 1600 2404 ista

157 2431 211 2470 ita
231 2433 512 2483 interpretari,
542 2439 587 2471 ut
612 2428 659 2471 τὸ
677 2431 814 2486 τρίτον
834 2430 959 2487 μέρος
988 2434 1039 2471 sit
1056 2433 1125 2471 illa
1143 2434 1271 2471 noctis
1291 2447 1404 2485 pars,
1436 2447 1513 2485 qua
1531 2447 1599 2472 ra-

161 2500 236 2538 diis
264 2500 512 2549 illustretur,
554 2501 666 2538 cuius
697 2500 862 2538 dimidia
906 2501 1171 2552 computanda
1199 2501 1250 2540 sit
1271 2516 1292 2540 a
1313 2502 1407 2540 solis
1438 2508 1599 2547 exortu.

161 2566 326 2605 dimidia
345 2567 394 2605 ab
415 2581 555 2606 occasu
586 2567 651 2618 (id
671 2569 779 2620 quod
797 2569 1053 2619 grammatica
1070 2569 1293 2608 verborum
1313 2570 1428 2618 ratio,
1450 2570 1483 2607 si
1504 2568 1602 2620 quid
1646 2584 1648 2586 ’

163 2635 315 2683 sentio,
344 2648 426 2674 non
456 2635 676 2688 permittit)
707 2635 785 2674 hoc
813 2649 972 2688 quoque
995 2637 1178 2689 ineptum
1201 2651 1285 2676 esse
1317 2636 1602 2676 mathematicis

164 2703 405 2753 argumentis
437 2703 680 2743 evincamus.
741 2705 803 2742 Sit
831 2704 937 2742 enim
