1774 3198
412 373 634 437 iJIBRUM
667 371 846 412 SECUN
858 372 933 410 DU
945 374 997 410 Μ.
1056 372 1170 411 ΟΑΡ.
1191 374 1264 412 IV.
1457 364 1552 407 549
1568 379 1577 393 ·

117 511 172 519 -—
201 484 417 538 κεχ-ιχηὲνος
442 498 519 536 pro
539 485 762 537 composito
782 483 827 522 F.
849 504 905 512 --
935 480 1043 523 οὕτω
1063 497 1140 535 pro
1163 475 1282 531 οὗτος
1300 485 1345 524 F.
1362 485 1417 525 H.
1437 485 1548 525 Cam.

118 557 206 595 Cas.
220 557 286 607 qui
306 561 439 592 tamen
454 554 496 592 in
512 553 690 605 margine
706 542 910 606 γρωῖτος.
929 573 986 581 -
1014 550 1160 604 γίνεται
1182 558 1275 604 post
1292 543 1412 601 οὗτος
1430 553 1551 593 omit-

208 725 392 755 exaratum
425 721 526 755 illum
552 720 796 756 Florentinum
818 719 979 764 codicem
1013 720 1147 754 factum
1169 725 1234 754 est.
1283 721 1355 756 Sed
1383 722 1552 764 nondum,

209 778 332 812 eiectis
366 777 471 812 etiam
501 779 571 813 illis
603 778 723 813 verbis
750 789 826 811 rem
850 775 1078 814 absolvimus.
1123 776 1199 811 Aut
1225 775 1320 812 enim
1348 778 1384 812 in
1408 781 1552 823 stropha

209 840 312 870 vacat
335 836 489 879 syllaba,
516 841 576 869 aut
598 835 636 869 in
659 835 876 879 antistropha
900 835 1021 879 deest,
1056 837 1154 880 quod
1178 836 1353 879 posterius
1376 846 1449 870 non
1473 846 1551 870 esse

207 891 441 936 conspicuum
465 891 550 925 mihi
576 891 738 934 videtur3
779 892 863 936 quid
887 891 982 926 enim
1010 892 1055 926 sit
1085 893 1308 936 addendum,
1342 903 1422 926 cum
1444 893 1550 936 plane

205 949 343 995 integra
370 948 414 982 sit
437 948 611 982 sententia
633 960 751 993 neque
775 959 843 995 ego
858 948 966 984 video
982 961 1098 994 neque
1122 949 1181 983 alii
1199 951 1351 984 fortasse
1366 949 1552 992 videbunt,

206 1007 302 1039 unde
338 1006 380 1038 ad
407 1007 584 1049 stropham
625 1006 846 1039 redeundum
880 1011 945 1040 est.
995 1006 1071 1040 Etsi
1102 1006 1152 1039 ibi
1185 1017 1327 1050 quoque
1363 1005 1454 1039 nihil
1485 1012 1551 1050 est,

207 1063 303 1107 quod
327 1062 408 1096 eiici
427 1063 559 1105 possit,
584 1064 722 1106 praeter
741 1062 908 1097 voculam
934 1058 999 1106 δή,
1032 1062 1280 1106 explicabilem
1304 1074 1410 1105 sane,
1433 1068 1553 1096 tamen

204 1132 251 1153 ne
276 1130 320 1153 eo
339 1120 481 1163 quidem
500 1119 731 1162 adiuvamur,
758 1119 854 1152 unde
878 1119 922 1152 ad
945 1120 1059 1152 solum
1084 1118 1171 1152 illud
1196 1120 1444 1154 vehementius
1468 1131 1553 1154 sane

206 1176 401 1210 remedium
439 1175 686 1221 confugiamus
717 1185 865 1208 necesse
895 1179 949 1208 est
989 1174 1060 1219 (de
1084 1185 1155 1220 quo
1180 1181 1298 1209 tamen
1320 1175 1428 1220 vide,
1463 1187 1555 1220 quae

207 1233 329 1268 dicunt
351 1233 548 1266 Hermen
561 1243 638 1265 nus
662 1231 705 1264 ad
730 1230 970 1276 Aristoph.
994 1233 1086 1265 Nub.
1110 1234 1212 1267 1309.
1244 1234 1404 1275 Opuscul.
1427 1234 1511 1268 Vol.
1525 1234 1555 1268 Ι.

208 1302 244 1335 p.
267 1290 347 1324 252.
382 1289 634 1323 Schaefer
660 1289 704 1322 ad
730 1289 881 1323 Porson.
913 1289 1014 1324 Eur.
1048 1292 1136 1322 Hec.
1164 1301 1199 1332 p.
1225 1291 1304 1324 1⁸29.
1331 1288 1415 1332 130)
1441 1291 1555 1325 verba

198 1345 458 1390 »transponendi
483 1351 518 1379 et
540 1351 807 1389 transponamus
832 1356 875 1379 ea
897 1346 967 1379 hoc
984 1343 1126 1389 quidem
1143 1347 1271 1379 modo:
1300 1343 1382 1380 κατ’
1398 1343 1554 1389 ἄμπυκα

208 1394 252 1446 δὴ
272 1397 424 1449 ὃρομοίδ’
443 1398 489 1437 οἷς
511 1400 604 1446 λάβε
622 1398 779 1444 δέσμιον.
825 1403 963 1436 Deesse
985 1412 1093 1445 posse
1117 1408 1344 1449 augmentum
1368 1404 1461 1447 apud
1485 1409 1557 1438 tra-

207 1460 318 1507 gicos,
342 1458 548 1503 praesertim
564 1458 601 1491 in
617 1457 745 1491 talibus
764 1458 901 1502 formis,
927 1470 1017 1503 quae
1037 1458 1155 1492 addito
1174 1460 1348 1504 syllabico
1366 1466 1556 1506 augmento

208 1530 228 1551 a
252 1515 361 1550 nimio
384 1515 550 1550 brevium
574 1515 790 1559 syllabarum
814 1525 963 1549 numero
988 1514 1178 1559 incipiant,
1205 1522 1264 1549 aut
1290 1521 1387 1551 totae
1411 1528 1459 1551 ex
1486 1517 1556 1551 illis

210 1578 397 1612 constent,
430 1572 553 1616 quales
585 1576 667 1604 sunt
697 1569 837 1613 ἔκανες,
876 1569 1017 1616 ἐγένετο
1044 1571 1181 1617 aliaque
1212 1572 1372 1608 eiusdem
1403 1574 1558 1622 generis,

209 1640 316 1665 nemo
338 1628 523 1663 infitiatum
545 1627 621 1661 ibit.
670 1628 804 1660 Totum
826 1627 934 1675 igitur
955 1629 1076 1662 locum
1100 1629 1149 1663 ita
1171 1629 1346 1676 legimus:

440 1693 508 1730 τὸν
533 1692 702 1728 madum
724 1692 883 1739 λέκτρων
904 1691 1037 1737 Ἰξιόνα

440 1748 520 1787 κατ’
543 1749 697 1794 ἄμπυκα
722 1748 767 1794 δὴ
793 1748 951 1794 δρομᾶδ’
976 1751 1024 1787 uis
1046 1752 1137 1798 λάβε
1162 1752 1307 1797 ὃὲομιον

533 1805 554 1841 ὅ
568 1806 780 1852 παγκρατὴς
795 1804 941 1854 Κρόνου
964 1811 1066 1845 παῖς·

213 1869 308 1901 uude
332 1866 435 1900 metri
458 1866 528 1899 tale
551 1864 673 1899 existit
695 1865 839 1899 schema

315 1939 326 1956 l
471 1937 482 1953 Ι
606 1936 615 1953 t
662 1927 757 1964 υυΙ

303 1979 349 1985 -
370 1972 393 1988 υ
408 1970 432 1988 υ
457 1975 502 1982 --
527 1973 568 1981 —-
593 1975 638 1981 —-
653 1979 708 1984 .--
731 1971 777 1978 --
801 1971 824 1988 υ
842 1969 867 1990 υ
889 1961 1025 1991 tetram.
1051 1959 1215 2004 dactylic.

613 2021 624 2042 Ι
749 2026 760 2044 Ι
931 2024 942 2044 Ι

305 2027 581 2086 „Luna—'uu
598 2060 840 2082 -υυ-υυ
858 2052 1083 2081 ,kL--v—-a
1099 2055 1354 2083 ——telrarm
1368 2049 1564 2096 dactylicus

489 2105 767 2148 hypercatalect.
793 2115 873 2138 cum
898 2105 1079 2148 anacrusi,
1106 2105 1224 2139 addito
1247 2105 1494 2150 ithyphallico.

219 2177 292 2208 lam
316 2174 360 2207 de
392 2171 630 2206 Herodoti
663 2173 760 2214 loco,
795 2182 899 2215 quem
923 2182 1029 2216 supra
1052 2172 1425 2217 commemoravimus,
1452 2175 1563 2209 verba

220 2229 392 2263 faciamus
416 2229 496 2271 (ΙΙΙ,
520 2227 605 2270 48),
632 2227 692 2271 qui
717 2228 965 2261 Plutarcho
989 2230 1031 2262 «le
1051 2231 1255 2271 malignitate
1273 2232 1438 2263 Herodoti
1485 2235 1563 2273 .22,

224 2296 378 2331 quocum
404 2285 490 2318 facit
525 2285 683 2317 Panof
691 2284 749 2317 ka
779 2285 850 2317 Res
879 2285 1065 2318 Samiorum
1094 2285 1273 2328 (Berolin.
1298 2284 1408 2329 1822)
1441 2299 1478 2331 p.
1504 2290 1562 2331 38,

222 2341 384 2389 gravium
416 2338 700 2374 criminationum
734 2350 853 2372 ansam
884 2340 992 2376 dedit.
1037 2341 1079 2373 In
1101 2346 1179 2374 toto
1203 2341 1317 2385 capite
1339 2336 1441 2386 plura
1464 2344 1565 2377 nobis

222 2398 311 2434 vitia
333 2399 445 2431 latere
467 2397 646 2432 videntur.
694 2395 848 2430 Primum
872 2406 937 2439 pro
961 2393 1143 2441 πρότερον
1164 2404 1251 2442 puto
1272 2399 1462 2445 legendum
1488 2411 1566 2434 esse

223 2456 395 2499 προτέρᾳ,
418 2453 852 2498 quamquamPlutarchus
876 2452 923 2486 ait
946 2448 1169 2497 ὑβρίσματος
1191 2451 1240 2489 εἷς
1262 2450 1388 2488 αὐτοὺς
1401 2452 1472 2489 aad
1487 2456 1565 2489 Σα-

227 2512 323 2555 μίων
354 2506 536 2556 πρότερον
568 2501 812 2554 ιῖπάρξαντος.
859 2508 949 2544 Cum
973 2508 1068 2543 enim
1093 2516 1186 2545 amet
1209 2511 1360 2546 verbum
1389 2508 1569 2555 ιῖποῖρχειν

228 2570 312 2602 loco
338 2566 475 2612 vulgati
507 2565 698 2609 γίγνεσθαι
735 2564 829 2608 (cfr.
860 2564 1059 2599 Fischer
1096 2567 1139 2599 ad
1170 2569 1286 2603 Plat.
1318 2569 1486 2603 Phaedon.
1514 2569 1572 2604 29.

229 2635 284 2659 nr,
310 2626 378 2666 23)
411 2622 517 2657 etiam
540 2623 578 2658 h.
597 2623 623 2655 l.
649 2618 842 2666 γενόμενον
876 2622 1028 2657 mutavit
1058 2622 1098 2656 in
1125 2619 1378 2666 ὖπάρξαντοςε
1411 2624 1575 2659 brevitati

232 2687 349 2715 autem
372 2680 549 2714 studiosus
572 2680 655 2713 loco
680 2678 907 2713 accuratioris
930 2679 1035 2725 γενέῃ
1051 2679 1212 2724 προτέρᾳ
1229 2679 1370 2725 scripsit
1386 2677 1575 2726 πρότερον,

233 2738 328 2781 quod
353 2738 396 2772 ab
421 2737 562 2780 aliquo,
587 2735 649 2780 qui
667 2740 856 2778 utrumque
877 2735 971 2769 inter
994 2745 1033 2768 se
1055 2735 1171 2769 locum
1196 2736 1412 2780 composuit,
1440 2738 1477 2771 in
1500 2739 1575 2771 He-

236 2793 355 2827 rodoti
379 2799 584 2828 contextum
607 2792 741 2826 illatum
759 2798 825 2827 est.
867 2791 1009 2826 Deinde
1034 2801 1098 2835 pro
1120 2790 1181 2825 ἵνα
1205 2788 1425 2836 οἷρπάζοντες
1448 2791 1484 2828 οἱ
1505 2793 1577 2827 τῶν

237 2851 469 2895 Κερκιραίων
493 2845 621 2883 παῖδες
644 2846 759 2892 ἔχοιεν
782 2844 940 2893 τροφήν,
963 2848 1189 2883 scribendum
1213 2849 1385 2885 arbitror:
1420 2850 1484 2885 ἵνα
1507 2847 1576 2893 εἱρ-
