1820 3158
380 369 468 413 124
513 380 911 421 —11-369‚a·13e1‹k·-—
954 384 1050 422 Lm.
1062 384 1113 422 11.
1144 385 1341 426 οΑΡ.1Χ.
1388 389 1552 431 —p·351‚
1562 389 1602 422 G.
1615 388 1737 423 cas.-

342 478 344 481 '
373 484 454 527 ἄνω
483 488 743 540 διασπείρεται
769 486 904 529 τόπον.
954 488 1027 542 ὅση
1058 488 1099 530 δ’
1124 490 1501 546 ἓμπεριλαμβάνεται
1537 501 1608 550 τῆς
1641 499 1763 578 ξηρᾶς

371 550 677 604 ἀναθυμιάσεως
714 553 755 594 ἐν
791 557 842 608 τῇ
878 559 1082 610 μεταβολῇ
1117 557 1346 610 ψυχομένου
1384 563 1454 600 τοῦ
1484 560 1618 616 ἀέρος,
1661 580 1759 616 αυτη

372 617 585 658 συνιόντων
613 621 693 658 τῶν
720 623 849 674 νεφῶν
879 621 1111 676 ἐκκρίνεται,
1150 624 1221 680 βία
1250 624 1294 665 δὲ
1322 625 1517 680 φερομένη
1545 629 1609 668 καὶ
1637 644 1762 682 προσ-

370 684 568 723 πίπτουσα
595 690 680 732 τοῖς
706 686 995 741 περιεχομένοις
1022 687 1155 743 νέφεσι
1184 696 1290 731 ποιεῖ
1312 690 1476 745 πληγήν,
1509 709 1558 745 ης
1586 691 1607 734 ὃ
1624 693 1762 748 ψόφος

315 749 339 788 6
367 751 540 788 καλεῖται
567 749 734 804 βροντή.
813 758 849 792 6.
886 754 1041 794 Γίνεται
1070 753 1110 794 (5³
1143 752 1167 808 ἦ
1195 755 1322 810 πληγὴ
1355 756 1423 798 τὸν
1451 757 1572 800 αὐτὸν
1599 760 1760 814 τρόπον,

368 811 498 870 ὥσπερ
525 814 676 856 εικάσαι
703 818 848 869 μείζονι
869 836 1013 901 μικρον
1029 820 1184 872 πάθος,
1211 825 1269 863 τῶ
1293 822 1333 863 ἐν
1351 827 1400 878 τῇ
1429 825 1544 879 φλογὶ
1571 826 1761 881 γινομένῳ

366 878 514 936 ψόφῳ,
554 880 600 922 ὃν
629 885 814 926 καλοῦσιν
843 901 879 926 οι
906 903 980 938 μεν
1007 886 1077 929 τὸν
1104 886 1335 943 ‘'Hcpaaovov
1373 892 1508 943 γελᾶν,
1554 891 1591 931 οἱ
1620 891 1663 931 δε
1691 888 1761 943 τὴν

359 944 530 999 Εστίαν,
563 964 599 989 οι
629 948 671 989 ‹5'
696 948 856 1004 ἀπειλην
883 951 1048 995 τούτων.
1077 955 1221 1008 γίνεται
1248 953 1289 994 δ’
1313 952 1410 995 ὅταν
1436 952 1461 1008 ἦ
1493 955 1762 1009 αναθυμίασις

363 1013 419 1059 εις
444 1012 514 1065 τὴν
543 1013 674 1068 φλόγα
702 1019 1022 1073 συνεστραμμένη
1052 1020 1239 1075 φέρηται,
1272 1018 1522 1102 ῥηγνυμένων
1542 1023 1604 1062 καὶ
1624 1024 1759 1075 ξηραι-

309 1083 335 1118 7
364 1078 539 1130 νομένων
566 1083 646 1120 τῶν
676 1080 815 1129 ξύλων.
889 1090 927 1125 7.
971 1083 1090 1127 Ου’τω
1120 1085 1194 1140 γάρ
1223 1087 1288 1127 καὶ
1316 1087 1357 1127 ἐν
1384 1093 1468 1135 τοῖς
1495 1087 1627 1142 νέφεσι
1655 1103 1760 1141 γινο-

360 1144 457 1197 μένη
476 1142 501 1197 ἦ
521 1149 592 1186 τοῦ
611 1136 834 1199 πνεύματος
861 1148 1029 1205 ἔκκρισις
1055 1149 1154 1206 πρὸς
1180 1169 1251 1205 την
1278 1150 1504 1205 πυκνότητα
1531 1155 1610 1194 τῶν
1628 1155 1758 1207 νεφῶν

361 1210 619 1252 εἷσπιπτουσα
657 1219 764 1254 ποιεῖ
784 1230 855 1267 την
881 1217 1069 1270 βροντήν.
1113 1219 1361 1259 παντοδαποὶ
1398 1217 1438 1258 δ’
1471 1218 1509 1259 οἱ
1534 1217 1665 1273 ψόφοι
1694 1217 1760 1258 διὰ

359 1275 430 1329 τὴν
459 1276 689 1329 ἀνωμαλίαν
717 1295 759 1320 τε
799 1282 970 1334 γίνονται
1011 1286 1091 1324 τῶν
1126 1287 1255 1339 νεφῶν
1293 1285 1358 1325 καὶ
1399 1284 1464 1324 διὰ
1501 1282 1573 1331 τὰς
1608 1282 1756 1335 μεταξὺ

358 1343 531 1393 κοιλίας,
572 1337 598 1398 ᾗ
628 1342 673 1386 τὸ
701 1346 858 1398 συνεχὲς
893 1348 1055 1389 ἐκλείπει
1092 1353 1162 1401 τῆς
1201 1349 1458 1429 πυκνότητος.
1509 1367 1533 1403 η
1572 1367 1646 1402 μεν
1686 1366 1756 1391 ουν

305 1414 330 1449 8
357 1405 507 1462 βροντη
534 1409 647 1450 τοῦτ’
680 1411 762 1452 ἐστι
795 1429 859 1452 και
889 1414 1032 1467 γίνεται
1063 1412 1129 1455 διὰ
1154 1431 1302 1469 ταυτην
1329 1432 1400 1469 την
1428 1416 1569 1456 αἰτίαν.
1622 1422 1660 1457 8.
1695 1415 1753 1456 Τὸ

359 1475 403 1514 δὲ
424 1479 577 1528 πνεῦμα
596 1475 641 1517 τὸ
661 1477 945 1530 ἔκθλιβόμενον
971 1478 1022 1520 τοὶ
1041 1480 1170 1521 πολλὰ
1193 1482 1266 1533 μὲν
1285 1482 1521 1536 ἐκπυροῦται
1541 1485 1662 1536 λεπτῇ
1689 1482 1755 1522 καὶ

357 1539 525 1582 ἀσθενεῖ
547 1541 739 1596 πυρώσει,
770 1546 835 1585 καὶ
863 1544 974 1586 τοῦτ’
998 1545 1103 1587 ἔστιν
1129 1545 1177 1599 ἢν
1206 1550 1398 1600 καλοῦμεν
1416 1547 1631 1601 ἀστραπήν,
1662 1541 1753 1601 ᾗᾶν

304 1612 327 1647 9
359 1605 492 1661 ὥσπερ
522 1607 707 1651 ἐκπῖπτον
730 1608 775 1651 τὸ
796 1615 949 1663 πνεῦμα
973 1613 1257 1667 χρωματισθὲν
1284 1613 1413 1668 ὀφθῇ.
1472 1620 1510 1655 9.
1535 1615 1689 1654 Γίνεται
1710 1613 1753 1653 δὲ

355 1740 445 1778 dem
459 1770 469 1790 ,
515 1742 581 1792 qui
617 1744 835 1781 secernitur
871 1746 997 1793 calor,
1041 1746 1084 1782 in
1113 1759 1297 1797 superum
1335 1748 1462 1784 locum
1498 1746 1750 1796 dispergitur:

354 1813 538 1857 quantum
559 1822 656 1846 vero
676 1809 798 1846 siccae
817 1810 1072 1848 exhalationis
1095 1812 1135 1849 in
1153 1813 1253 1850 ae‘ris
1273 1813 1514 1862 frigescentis
1539 1812 1751 1850 mutatione

353 1874 621 1924 intercipitur,
652 1875 693 1911 id
720 1875 951 1913 coeuntibus
980 1877 1148 1914 nubibus
1179 1878 1426 1923 excernitur,
1465 1892 1562 1928 quae
1588 1891 1677 1916 cum
1706 1879 1749 1916 vi

351 1939 502 1977 feratur
530 1945 569 1976 et
594 1940 635 1976 in
661 1940 806 1986 nubes,
837 1954 935 1991 quae
953 1943 1150 1991 ambiunt,
1178 1942 1341 1989 incidat,
1368 1943 1489 1980 ictum
1509 1943 1611 1990 facit,
1638 1943 1748 1980 cuius

352 2005 499 2042 sonitus
519 2005 668 2043 tonitru
689 2013 947 2056 nuncupatur.
1007 2008 1044 2045 6.
1071 2009 1138 2046 Fit
1162 2005 1291 2045 autem
1310 2008 1409 2045 ictus
1436 2021 1479 2045 ea
1503 2008 1672 2055 ratione,
1700 2007 1748 2059 (si

350 2084 474 2121 parva
491 2071 583 2109 licet
600 2081 837 2122 componere
855 2072 1017 2123 magnis)
1046 2087 1121 2123 qua
1142 2087 1272 2119 sonus,
1302 2074 1367 2124 qui
1395 2074 1437 2111 in
1456 2073 1614 2111 flamma
1640 2074 1748 2111 exci-

352 2142 470 2186 tatur,
501 2150 618 2188 quem
636 2138 702 2175 alii
720 2139 907 2186 Vulcani,
935 2139 1002 2175 alii
1019 2140 1161 2177 Vestae
1180 2140 1303 2177 risum
1323 2146 1486 2188 vocant,
1513 2139 1577 2176 alii
1600 2138 1744 2176 horum

350 2202 486 2240 minas.
542 2203 608 2241 Fit
627 2217 725 2242 vero
751 2217 840 2241 cum
862 2203 1057 2242 exhalatio
1078 2206 1119 2242 in
1137 2205 1333 2243 flammam
1351 2218 1540 2242 conversa
1560 2204 1745 2255 disruptis

350 2269 624 2319 exsiccatisque
650 2270 762 2320 lignis
789 2271 928 2309 fertur.
986 2273 1020 2308 7.
1051 2272 1114 2308 Sic
1135 2272 1237 2309 enim
1258 2277 1296 2308 et
1317 2284 1415 2321 quae
1439 2271 1482 2308 in
1505 2270 1671 2308 nubibus
1699 2270 1744 2307 fit

349 2335 508 2386 spiritus
537 2337 724 2383 secretio,
767 2337 809 2374 in
833 2336 995 2374 nubium
1024 2337 1198 2374 incidens
1229 2337 1480 2385 densitatem,
1524 2336 1742 2373 tonitruum

347 2401 451 2439 facit.
510 2402 621 2439 Varii
643 2409 773 2441 autem
794 2403 878 2440 soni
898 2402 1018 2451 fiunt,
1051 2409 1134 2440 tum
1161 2403 1211 2440 ob
1229 2403 1390 2440 nubium
1419 2401 1740 2450 inaequalitatem,

346 2473 431 2504 tum
452 2466 501 2504 ob
519 2469 778 2521 poncavitates
799 2468 1071 2515 intermedias,
1103 2482 1177 2518 qua
1208 2468 1392 2506 videlicet
1421 2466 1619 2503 densitatis
1646 2478 1741 2503 con-

345 2533 507 2571 tinuatio
527 2533 666 2586 deficit,
721 2534 853 2584 Atque
871 2534 947 2572 hoc
966 2535 1124 2585 quidem
1144 2534 1292 2571 tonitru
1311 2539 1380 2580 est,
1406 2539 1444 2569 et
1462 2531 1511 2567 ob
1530 2530 1629 2568 ha‘nc
1647 2544 1739 2568 cau-

345 2612 426 2636 sam
448 2599 629 2637 efficitur.
686 2603 724 2638 8.
761 2601 930 2650 Spiritus
947 2606 1075 2637 autem
1095 2600 1341 2644 extenditur,
1371 2596 1476 2634 tenui
1497 2602 1535 2633 et
1553 2596 1738 2634 imbecilli

344 2665 486 2702 ardore
515 2666 741 2715 frequenter
768 2666 1004 2711 accenditur,
1035 2666 1152 2716 idque
1169 2671 1237 2711 est,
1267 2662 1372 2713 quod
1390 2661 1521 2711 fulgur
1540 2675 1735 2707 vocamus,

344 2743 419 2780 qua
438 2736 550 2780 parte
580 2731 763 2768 excidens
782 2732 941 2781 spiritus
959 2731 1079 2768 variis
1099 2729 1294 2766 coloribus
1315 2728 1455 2764 tinctus
1476 2728 1583 2764 visus
1606 2728 1734 2765 suerit.

346 2802 381 2834 9.
411 2796 476 2833 Fit
502 2808 599 2833 vero
626 2803 715 2846 post
733 2798 862 2843 ictum,
896 2797 1164 2846 posteriusque
1183 2800 1238 2830 est
1257 2793 1429 2830 tonitruo
1450 2792 1517 2829 sed
1537 2793 1645 2843 prius
1663 2806 1732 2843 ap-

695 2886 705 2903 Ὀ
