1774 3198
435 294 660 406 ἕξΒΒυΜ
686 359 926 403 PmMUM.
983 359 1105 401 cAP.
1123 360 1245 400 xw.
1469 328 1583 405 49}

128 481 177 520 P.
190 481 231 519 S.
246 477 337 519 Cas.
359 500 414 508 —
434 476 684 532 ἐξηραίνεται
702 489 766 528 pr.
785 475 833 517 E.
861 469 1075 527 ἐξηραι’νετ’
1095 469 1146 512 ἄν
1163 486 1268 512 corr.
1282 473 1333 512 Ε.
1357 467 1564 524 ἐξηράνθη

132 546 182 588 ἄν
200 551 254 588 F.
266 550 321 588 H.
343 548 398 587 N.
423 548 533 587 Cam.
575 541 802 598 ἐξηραίνετο
822 542 870 582 Α.
896 543 967 581 Er.
995 565 1052 572 -
1089 537 1184 580 ἀλλ’
1207 537 1233 593 ἢ
1263 541 1316 579 N.
1355 536 1456 592 ἄλλη
1477 534 1502 592 ἦ
1520 541 1568 579 F.

132 618 188 656 H.
209 618 320 657 Cam.
341 638 397 647 —-
425 612 505 654 ἀπὸ
523 610 677 666 ταί-της
703 615 751 652 F.
767 613 820 651 H.
841 611 894 650 N.
925 631 976 637 --
1005 605 1159 663 χρόνου
1180 606 1395 664 προϊόντος
1421 609 1567 648 omisso

132 686 205 724 τοῦ
228 686 273 723 F.
297 686 352 724 H.
372 682 427 723 N.
457 683 532 722 τοῦ
555 678 709 735 χρόνου
738 676 953 734 προϊόντος
985 679 1032 718 Ρ.
1061 679 1102 717 S.
1128 678 1216 717 Cas.
1246 698 1297 706 —
1357 679 1568 718 Caeterum

132 767 224 791 cum
243 758 328 791 toto
353 752 395 792 h.
415 751 440 790 1.
461 749 728 802 comparanda
754 755 848 801 stant
873 746 1087 798 Polybii
1117 746 1244 786 verba
1271 747 1345 794 IV,
1368 749 1419 786 39
1434 745 1579 785 —41.’

132 835 173 872 p.
194 824 276 859 307
295 821 327 860 C
344 841 400 850 ——
428 833 469 872 p.
489 822 567 859 311
589 819 649 866 Α,
677 828 799 870 quem
828 814 1146 855 Aristotelis
1173 808 1301 854 verba
1319 821 1412 853 ante
1434 816 1570 854 oculos

131 888 334 938 habuisse,
365 888 501 927 nullus
525 899 596 939 ego
626 886 780 924 dubito.
836 884 957 924 Adde
986 883 1294 922 Strabonem
1324 884 1357 922 Ι.
1386 898 1422 936 p.
1443 886 1494 923 85
1519 882 1569 922 C:

132 954 199 995 καὶ
227 951 468 1010 βραχύτατα
498 953 681 1009 (minime
699 950 917 1006 profunda)
944 949 1020 1004 μὲν
1038 947 1137 991 εἶναι
1158 947 1211 990 τά
1238 950 1327 1004 περὶ
1356 949 1428 991 τὸν
1455 947 1571 991 Πόν-
1603 991 1605 993 ,

131 1039 204 1064 τον
235 1023 455 1076 (excerpsit
474 1037 534 1074 ea,
567 1037 668 1075 quae
684 1022 944 1060 adscribimus
966 1034 1018 1059 ex
1047 1020 1316 1059 Stratonis
1345 1018 1571 1073 operibus).

131 1089 178 1132 τὸ
211 1089 255 1131 δὲ
284 1088 491 1144 Κρητικὸν
531 1090 596 1130 καὶ
631 1086 838 1130 Σικελικὸν
874 1087 940 1129 καὶ
971 1088 1168 1143 Σαρδῷον
1196 1086 1368 1141 πέλαγος
1407 1084 1571 1141 σφόδρα

131 1157 284 1211 βαθέα.
311 1161 393 1200 τῶν
419 1156 509 1213 γάρ
525 1159 722 1209 ποταμῶν
750 1156 948 1197 πλείστων
975 1155 1042 1196 καὶ
1059 1155 1259 1209 μεγίστων
1288 1152 1463 1209 ῥεόντων
1493 1153 1572 1195 ἀπὸ

132 1230 206 1281 τῆς
235 1224 388 1281 ἄρκτου
417 1226 483 1267 καὶ
511 1228 584 1279 τῆς
612 1224 838 1277 ἀνατολῆς,
880 1223 1004 1265 ἐκεῖνο
1033 1222 1109 1277 μὲν
1138 1220 1250 1271 ἰλύος
1293 1225 1571 1278 πληροῦσθαι,

132 1293 183 1335 τὰ
214 1292 318 1334 ἄλλα
348 1292 394 1334 δὲ
421 1292 552 1346 με’νειν
579 1292 739 1346 βαθέα·
785 1291 846 1333 διὸ
876 1292 921 1333 δὲ
949 1290 1202 1347 γλυκυτάτην
1231 1288 1330 1332 εἶναι
1358 1289 1432 1344 τὴν
1459 1292 1573 1332 Πον-

131 1360 245 1415 τικὴν
267 1358 498 1414 θάλατταν,
530 1360 604 1410 τάς
622 1360 653 1402 τ’
675 1360 854 1417 ἐκρύσεις
870 1362 1066 1416 γίνεσθαι,
1099 1361 1156 1408 εἷς
1185 1357 1256 1407 οὓς
1283 1356 1436 1407 τόπους
1465 1357 1573 1413 ἐγκέ-

131 1423 262 1471 κλιται
288 1428 340 1471 τὰ
360 1428 506 1485 ἐδάφη.
543 1429 675 1471 Λοκεῖ
699 1429 743 1470 δὲ
770 1427 845 1470 κᾶν
869 1432 1086 1482 χωσθῆναι
1118 1427 1190 1470 τὸν
1208 1424 1373 1469 Πόντον
1402 1425 1498 1468 ὅλον
1519 1427 1575 1475 εἲς

130 1495 313 1553 ὕστερον,
346 1495 395 1539 ἂν
417 1497 593 1550 μένωσιν
624 1496 666 1538 αἱ
696 1496 920 1552 ἐηιρρύσεις
946 1500 1146 1538 τοιαῦται.
1190 1496 1256 1537 καὶ
1283 1494 1360 1550 γὰρ
1392 1499 1463 1536 νῦν
1492 1493 1573 1549 ἤδη

131 1566 342 1620 τεναγίζειν
379 1564 433 1607 τὰ
467 1565 513 1627 ἐν
550 1565 743 1624 ἀριστερᾷ
782 1569 854 1607 τοῦ
883 1563 1051 1606 Πόντου
1088 1562 1160 1606 τόν
1200 1580 1242 1605 τε
1273 1562 1575 1617 Σαλμυδησσὸν

132 1634 199 1673 καὶ
228 1632 281 1674 τὰ
311 1633 541 1686 καλούμενα
580 1631 727 1687 Στήθη
766 1630 845 1674 ὕπὸ
874 1637 956 1674 τῶν
984 1636 1183 1674 ναυτικῶν
1211 1631 1265 1673 τὰ
1292 1632 1382 1687 περὶ
1420 1630 1492 1673 τὸν
1515 1630 1576 1672 ''I-

134 1714 258 1756 στρον
299 1702 366 1742 καὶ
404 1704 486 1743 τῶν
528 1702 707 1743 Σκυθῶν
753 1701 938 1757 ἐρημίαν.
1007 1703 1247 1755 Comparari
1286 1703 1407 1741 etiam
1443 1688 1579 1754 potest*

135 1769 382 1809 Choiseul
394 1794 416 1800 -
431 1772 678 1811 Gouffier
697 1772 957 1811 Reeherclzes
975 1786 1047 1811 sur
1065 1772 1098 1810 l’
1110 1773 1274 1824 origine
1293 1770 1575 1821 daBosplzore

134 1838 183 1875 de
200 1837 363 1876 Thrace
381 1839 423 1877 in
441 1841 556 1878 Hist.
577 1847 617 1877 et
635 1842 863 1879 Me'moires
885 1840 934 1878 de
953 1840 1164 1878 l'Institut
1182 1840 1320 1891 Royal
1332 1840 1382 1878 de
1392 1840 1574 1878 France.

135 1903 268 1944 Class-
289 1906 435 1946 histor.
467 1909 585 1946 Tom.
606 1908 658 1947 II.
693 1905 842 1962 (1815)
871 1922 912 1960 p.
932 1908 1014 1947 484
1031 1922 1113 1961 sqq.

246 1976 313 2013 31.
342 1972 425 2014 ἐπεὶ
455 1970 522 2015 ὅτε
552 1970 573 2015 ὃ
599 1971 751 2030 χρόνος
778 1977 831 2015 Η.
852 1975 907 2014 N.
931 1978 969 2015 S.
988 1965 1286 2030 {t—Qsscas201'5n
1301 1973 1453 2028 χρόνος
1472 1970 1575 2014 ὓπο-

132 2039 253 2081 λείπει
281 2044 352 2082 Er.
377 2044 511 2082 nescio
531 2058 582 2084 an
598 2044 715 2083 bene.
737 2067 791 2076 -—
818 2039 1029 2096 ὓπολείψει
1050 2047 1099 2085 F.
1120 2046 1174 2084 H.
1198 2044 1251 2084 N.
1268 2033 1347 2098 Τρ-
1389 2045 1478 2084 Cas.
1518 2066 1574 2072 —-

133 2111 346 2149 Caeterum
362 2111 526 2151 videtur
547 2112 728 2152 alludere
748 2112 800 2151 ad
818 2113 923 2152 illud
951 2114 1216 2164 Anaxagorae
1247 2113 1399 2152 dictum
1410 2141 1422 2160 ,
1455 2125 1575 2163 quem

135 2173 237 2230 πρὸς
257 2174 327 2217 τὸν
345 2174 522 2227 εἰπόντα,
547 2179 582 2218 εἷ
601 2176 654 2219 τὰ
672 2178 714 2219 ἐν
732 2176 967 2235 Λαμψάκῳ
990 2177 1065 2233 ὅρη
1099 2178 1211 2219 ἔσται
1240 2178 1339 2220 ποτὲ
1369 2175 1573 2229 θάλαττα,

135 2243 261 2298 φασὶν
290 2243 422 2293 εἷπεΐν,
456 2243 526 2285 ἐάν
543 2260 584 2298 γε
605 2241 792 2300 ὃχρόνος
821 2245 878 2299 μὴ
909 2246 1092 2301 ἐπιλίπῃ,
1122 2254 1314 2287 narrante
1341 2247 1575 2299 Diogene

134 2314 353 2351 Laertio
376 2315 509 2363 11,10.
527 2318 635 2366 p.86
658 2315 720 2353 ed.
738 2316 973 2355 Meibom.
1004 2329 1084 2367 quo
1104 2330 1188 2355 non
1206 2330 1322 2354 usum
1343 2329 1428 2354 esse
1446 2315 1575 2355 miror

137 2378 542 2420 Schaubachium
571 2395 614 2434 p.
639 2385 720 2422 177
746 2384 790 2422 in
809 2383 991 2422 doctrina
1020 2385 1104 2423 eius
1128 2384 1179 2423 de
1200 2385 1300 2423 mari
1313 2377 1574 2435 exponenda.

135 2447 256 2486 Adde
284 2448 563 2500 Polybium
600 2451 674 2490 IV.
711 2465 751 2502 p.
777 2454 858 2490 308
876 2453 939 2491 D:
982 2449 1126 2504 Φαμὲν
1156 2449 1206 2503 δὴ
1230 2447 1470 2503 χιόννυσθαι
1497 2448 1575 2502 μὲν

135 2513 202 2554 καὶ
232 2513 358 2554 πάλαι
387 2515 453 2555 καὶ
483 2518 555 2556 νῦν
583 2514 655 2557 τὸν
682 2514 832 2558 τόπον·
866 2516 1004 2575 χρόνῳ
1033 2533 1074 2573 γε
1102 2516 1184 2571 μὴν
1215 2515 1417 2574 ὄλοχερῶς
1448 2517 1573 2572 ἐγχω-

133 2579 358 2635 θήσεσθαι,
388 2579 463 2636 τήν
490 2599 533 2624 τε
552 2585 745 2625 Μαιῶτιν
773 2585 840 2626 καὶ
867 2589 1015 2627 τοῦτον
1042 2584 1244 2640 μενούσης
1270 2602 1312 2640 γε
1335 2585 1386 2640 δὴ
1406 2589 1478 2640 τῆς
1498 2584 1574 2627 αὗ-

134 2652 209 2702 τῆς
244 2647 396 2707 τάξεως
435 2651 525 2706 περὶ
564 2650 661 2700 τοὺς
698 2649 850 2701 τόπους
887 2654 953 2694 καὶ
984 2657 1066 2696 τῶν
1095 2654 1234 2696 αῗτίων
1262 2658 1338 2708 τῆς
1354 2653 1574 2709 -ἐγχώσεως

135 2715 404 2772 ἐνεργούντων
432 2718 536 2761 κατὰ
562 2718 609 2761 τὸ
641 2719 814 2773 συνεχές.
857 2719 957 2763 ὅταν
985 2721 1062 2777 γὰρ
1092 2719 1209 2775 ὃμὲν
1235 2720 1386 2778 χρόνος
1409 2720 1573 2777 ἄπειρος

135 2777 184 2839 ᾖ,
218 2783 271 2826 τὰ
299 2785 345 2827 δὲ
373 2786 610 2841 κοιλώματα
639 2786 745 2830 πάνυ
775 2783 803 2845 ᾗ
832 2787 996 2838 πάντως
1022 2787 1239 2846 ὡρισμένα,
1271 2791 1396 2844 δῆλον
1425 2786 1480 2839 ὥς
1497 2787 1571 2831 κᾶν

136 2850 183 2891 τὸ
213 2851 336 2904 τυχὸν
366 2855 599 2911 εἷσφέρηται
628 2856 978 2912 πληρωθήσονται
1006 2861 1065 2915 τῷ
1090 2856 1239 2916 χρόνῳ.
1279 2883 1332 2891 --
1386 2854 1572 2911 ποταμός

1681 1696 1697 1713 Q
