1774 3198
233 363 328 405 500
451 366 897 408 COMMENTARIUS
926 366 986 404 IN
1009 366 1416 405 METEOROLOG.

233 482 406 519 καλεῖται
435 475 644 523 θάλαττα,
677 473 713 514 οἳ
742 472 784 513 δ’
813 470 1033 528 ’Υρκανίαν
1061 471 1436 528 προσαγορεύουσιν.
1495 478 1571 517 ΧΙ.
1599 491 1638 528 p.

233 550 312 585 773
328 544 390 583 A:
418 565 472 575 —
491 540 681 587 Κασπίας
707 539 918 592 θαλάττης
945 563 1000 570 —
1027 563 1082 570 —
1110 542 1286 580 καλεῖται
1316 539 1361 579 δὲ
1380 538 1481 593 αὕτη
1509 538 1534 593 ἥ
1558 540 1640 581 θά-

234 613 358 649 λαττα
385 609 450 648 καὶ
475 604 673 661 ιῩρκανιά
701 614 742 646 et
763 608 847 646 aliis
874 608 989 656 locis,
1021 621 1136 658 quam
1162 608 1356 659 pluribus.
1386 629 1440 636 —
1478 608 1519 645 Si
1546 621 1642 646 vera

234 683 333 714 esset
351 676 468 714 lectio
494 675 535 713 in
555 675 638 712 sola
654 680 791 713 vetere
809 675 930 713 latina
950 666 1279 725 interpretatione
1301 673 1419 712 obvia
1448 671 1512 724 (in
1530 675 1642 712 nullo

233 743 337 779 enim
357 741 505 790 codice,
534 741 577 779 in
598 741 706 779 nulla
725 739 898 778 editione
916 738 1150 792 reperitur),
1180 753 1261 778 non
1282 740 1357 777 nisi
1375 740 1425 777 de
1443 752 1525 777 uno
1545 740 1643 778 mari

233 807 623 858 essetcogitandum,
650 820 740 845 cum
763 804 832 844 καί
846 807 950 845 inter
975 813 1190 856 utrumque
1215 819 1381 854 nomen,
1411 812 1505 844 tunc
1534 820 1644 844 mere

233 879 332 911 esset
351 873 658 924 epexegeticum.
700 873 930 920 Caeterum,
962 878 1007 910 ut
1026 873 1190 923 quisque
1209 873 1339 924 primo
1361 872 1473 911 videt
1493 873 1643 920 obtutu,

232 946 369 978 exorta
389 945 448 977 est
464 939 533 976 illa
554 932 682 988 lectio,
703 951 793 976 cum
813 951 930 977 nemo
950 939 1080 987 sciret,
1109 952 1186 989 quo
1203 939 1372 977 alterum
1392 951 1500 976 mare
1515 939 1646 977 refer-

231 1011 305 1043 ret.
361 1005 682 1043 Aristoteles
707 1005 888 1055 regiones
912 1005 1015 1043 circa
1041 994 1227 1055 Caspium
1254 1018 1364 1043 mare
1390 1004 1491 1043 bene
1516 1005 1643 1051 novit,

231 1077 275 1108 ut
296 1071 386 1121 plus
406 1062 529 1109 semel
552 1071 789 1110 observandi
818 1071 931 1109 nobis
957 1071 1108 1110 occasio
1136 1070 1265 1109 oblata
1287 1077 1365 1109 est:
1392 1084 1482 1109 cum
1502 1071 1644 1110 deinde

230 1142 319 1187 post
343 1136 625 1175 Alexandri
647 1139 705 1175 M.
726 1136 1021 1187 expeditionem
1047 1137 1262 1175 earundem
1282 1137 1488 1188 regionum
1509 1137 1646 1188 cogni-

230 1203 287 1240 tio
306 1215 443 1240 manca
463 1201 600 1249 fieret,
615 1208 795 1253 'propter
817 1203 1075 1252 scriptorum,
1104 1203 1172 1253 qui
1195 1203 1500 1254 geographicum
1527 1217 1645 1255 argu-

231 1274 410 1306 mentum
435 1273 728 1314 tractaverunt,
756 1269 957 1318 ingentem
978 1267 1251 1316 ambitionem,
1282 1269 1533 1320 novandique
1559 1276 1644 1308 stu-

232 1334 361 1371 dium:
395 1333 526 1370 omnia
546 1334 622 1372 ista
647 1334 853 1372 obliterata
882 1338 973 1370 sunt
1005 1339 1045 1370 et
1071 1334 1216 1371 nostris
1254 1334 1414 1372 demum
1451 1337 1644 1386 tempori-

230 1400 311 1437 bus'
333 1413 384 1437 ex
418 1399 612 1448 tenebris,
652 1412 730 1450 quo
757 1397 910 1436 tamdiu
943 1398 1164 1447 latuerunt,
1198 1401 1344 1438 iterum
1379 1414 1575 1446 emersere
1591 1399 1642 1452 *).

276 1571 310 1613 *)
334 1571 481 1618 Egregia
497 1571 690 1604 humanitas
714 1582 754 1605 ac
770 1572 1017 1607 benevolentia
1039 1573 1294 1607 Alexandri
1318 1574 1368 1607 ab
1392 1575 1643 1617 Humbolffl,

320 1638 423 1671 quam
440 1636 692 1671 saepenumero
716 1634 882 1671 expertus
905 1628 1005 1665 iustis
1031 1639 1097 1675 ego
1121 1629 1282 1662 laudibus
1302 1631 1475 1664 extollere
1494 1640 1566 1664 non
1579 1641 1645 1665 va-

321 1685 399 1726 leo,
425 1693 564 1716 mecum
586 1682 754 1716 nonnulla
780 1683 1071 1727 communicavit,
1107 1696 1194 1728 quae
1219 1686 1263 1718 ad
1289 1684 1452 1749 Caspium
1475 1697 1570 1720 mare
1592 1687 1644 1720 la·

320 1749 490 1782 cumque,
514 1749 617 1782 quem
642 1737 834 1773 Aralsee
857 1750 1043 1782 vocamus,
1065 1739 1253 1784 pertinent.

366 1814 402 1859 1)
427 1815 603 1849 Oxianum
622 1816 735 1848 lacum
758 1817 774 1848 Ι
786 1817 844 1849 ul.
867 1818 897 1849 Κ
909 1818 921 1850 l
934 1828 954 1850 a
965 1829 987 1860 p
998 1828 1047 1851 ro
1060 1822 1073 1850 t
1084 1817 1108 1849 h
1132 1821 1252 1850 censet
1276 1827 1352 1850 esse
1373 1819 1486 1850 lacum
1511 1818 1540 1849 K
1550 1828 1569 1850 a
1579 1828 1644 1850 ra-

408 1872 460 1904 ko
469 1872 523 1912 ul,
546 1881 650 1913 quem
667 1871 789 1903 transit
803 1871 930 1906 fluvius
955 1872 978 1906 S
988 1883 1035 1905 er
1045 1872 1091 1905 af
1099 1882 1115 1904 s
1125 1872 1149 1903 h
1159 1882 1178 1904 a
1187 1883 1221 1912 n,
1246 1871 1305 1914 qui
1321 1877 1506 1915 postquam
1521 1873 1643 1906 urbem

383 1956 397 1973 4
407 1926 436 1958 B
449 1935 470 1958 o
481 1926 557 1958 och
567 1936 586 1957 a
595 1935 640 1958 ra
649 1936 684 1957 m
710 1926 963 1969 praeterfluxit,
985 1927 1108 1960 incidit
1130 1926 1168 1959 in
1188 1927 1305 1960 Oxum
1329 1927 1533 1970 (Djihoun).

363 1990 397 2033 2)
424 1989 497 2024 Iam
512 1991 540 2023 E
550 1991 572 2023 b
580 2001 603 2022 n
611 2009 629 2015 —
639 1990 675 2024 H
686 2002 705 2024 a
715 1992 771 2024 uk
782 1993 833 2034 al,
857 1992 917 2036 qui
930 1992 1021 2027 vixit
1039 1992 1075 2026 in
1088 1994 1157 2026 fine
1178 1992 1308 2026 saeculi
1327 1992 1464 2034 decimi,
1491 1993 1519 2025 E
1528 1993 1550 2025 d
1559 1992 1595 2025 ri
1605 1992 1642 2025 si

407 2051 443 2079 et
466 2044 501 2078 A
511 2046 533 2078 b
547 2046 623 2078 ulf
633 2056 653 2079 e
666 2047 688 2078 d
701 2057 720 2079 a
745 2048 859 2081 lacmn
883 2047 968 2081 Aral
993 2053 1244 2094 cognoverunt.
1291 2048 1356 2082 cfr.
1392 2048 1416 2082 S
1428 2052 1454 2085 t.
1489 2046 1516 2081 C
1528 2058 1547 2080 r
1559 2058 1581 2081 o
1592 2047 1604 2080 i
1615 2058 1641 2080 x

405 2103 551 2134 Examen
575 2103 709 2146 critique
740 2114 775 2146 p.
800 2103 879 2137 716.

364 2166 397 2210 3)
421 2167 682 2201 Herodotus
703 2169 729 2208 I,
744 2171 810 2202 202
837 2174 954 2212 aperte
978 2170 1073 2203 hunc
1096 2171 1209 2203 lacum
1232 2168 1373 2213 indicat,
1398 2181 1477 2203 cum
1494 2170 1641 2213 quadra-

406 2222 502 2268 ginta
528 2222 617 2256 ostia
640 2223 759 2256 tribuit
781 2223 917 2267 Araxi,
953 2235 1056 2268 quem
1081 2226 1254 2259 Iaxartem
1278 2236 1355 2259 esse
1378 2237 1482 2269 supra
1504 2225 1641 2262 monui-

405 2288 483 2311 mus
508 2279 552 2311 ad
575 2279 602 2320 I,
628 2280 691 2320 13,
717 2278 781 2321 16,
816 2290 964 2322 quorum
988 2292 1095 2314 unum
1116 2280 1162 2315 sit
1183 2281 1221 2314 in
1242 2281 1359 2315 littore
1381 2281 1487 2314 maris
1511 2279 1639 2324 Caspii,

406 2333 540 2377 reliqua
562 2333 599 2366 in
621 2333 803 2377 paludibus
827 2333 963 2378 (ἕλεσι),
1536 2343 1541 2346 '

361 2399 394 2440 4)
418 2400 457 2432 In
478 2411 603 2444 mappa
626 2401 859 2447 geographica
883 2401 1079 2444 Sanutii,
1105 2412 1197 2435 anno
1215 2403 1301 2440 1323
1316 2414 1350 2445 p.
1364 2402 1445 2437 Chr.
1466 2402 1638 2443 confecta,

403 2455 472 2487 duo
496 2455 605 2488 maria
630 2455 754 2499 Caspia
777 2456 1019 2500 reperiuntur,
1055 2467 1203 2500 quorum
1227 2459 1373 2492 alterum
1401 2447 1464 2491 ma
1477 2468 1496 2490 r
1507 2468 1527 2489 e
1555 2457 1584 2488 Y
1594 2467 1637 2489 r-

406 2521 425 2543 c
434 2521 452 2543 a
462 2520 484 2542 n
494 2522 561 2543 um
585 2511 662 2545 sive
687 2513 707 2544 d
718 2523 737 2545 e
761 2513 785 2546 S
797 2501 822 2544 a
827 2523 845 2544 r
856 2523 876 2545 a
901 2511 952 2555 (S
963 2523 982 2545 a
993 2511 1096 2556 ray)
1132 2518 1282 2546 vocatur
1304 2512 1433 2556 absque
1460 2511 1580 2545 insulis
1602 2517 1637 2545 et

405 2564 577 2599 orientem
601 2578 726 2601 versus
750 2578 828 2600 cum
852 2567 939 2600 mari
970 2568 1157 2602 tenebroso
1186 2567 1294 2602 Asiae
1328 2567 1505 2602 orientalis
1538 2577 1637 2600 com-

401 2620 593 2663 municans,
617 2623 763 2655 alterum
789 2633 909 2656 mare
933 2621 1142 2666 Caspium
1168 2624 1210 2657 ab
1235 2623 1330 2657 omni
1351 2629 1448 2666 parte
1470 2622 1636 2656 termina-

402 2681 486 2708 tum.
546 2666 701 2721 Quacum
733 2689 856 2722 mappa
891 2678 1065 2712 consentit
1103 2677 1130 2712 C
1140 2689 1184 2711 ar
1196 2677 1236 2710 di
1247 2689 1296 2711 na
1305 2677 1335 2711 li
1344 2689 1360 2711 s
1401 2676 1498 2711 Alli
1509 2689 1529 2711 a
1541 2689 1560 2711 c
1569 2691 1593 2711 u
1602 2691 1631 2713 s.

399 2731 505 2765 Anno
528 2732 616 2766 1558
640 2734 655 2765 I
666 2744 684 2766 e
695 2745 718 2766 n
727 2734 807 2766 kin
818 2745 834 2766 s
845 2743 866 2767 o
876 2745 899 2766 n
920 2734 971 2775 (v.
983 2735 1009 2766 P
1018 2745 1041 2766 u
1051 2744 1096 2766 rc
1106 2734 1130 2765 h
1140 2744 1158 2767 a
1170 2744 1186 2765 s
1205 2734 1267 2765 ΠΙ.
1291 2744 1325 2775 p.
1340 2731 1423 2775 236)
1451 2733 1634 2778 descripsit

403 2788 515 2819 lacum
552 2787 650 2821 Aral.
716 2790 840 2822 Utrum
879 2790 1011 2832 duplex
1041 2788 1127 2821 illud
1157 2787 1318 2831 Caspium
1348 2798 1444 2822 mare
1478 2800 1523 2823 ex
1546 2791 1583 2823 h.
1607 2791 1632 2823 1.
