1774 3184
317 307 407 350 178
463 314 759 354 EXCERPTA
782 313 863 350 EX
883 311 1178 350 COMMENT.
1206 311 1388 360 ALEX„
1414 312 1442 349 L
1460 313 1605 351 PHIL.

317 420 338 464 ὁ
368 426 447 464 τῶν
474 422 573 472 βίων
601 418 723 459 πάλαι
752 418 925 472 ἔμπορος
962 418 1027 458 καὶ
1061 417 1131 458 τὸν
1158 419 1456 471 παραλογισμὸν
1483 423 1556 460 τοῦ
1583 434 1719 472 τετρα-

314 491 515 542 γωνισμοῦ
551 488 622 526 τοῦ
654 482 800 525 κύκλου
836 481 1076 537 ἕξευρηκώς,
1135 482 1246 523 ἕκτον
1266 484 1306 536 *)
1347 483 1557 536 πλανήτων
1596 483 1721 539 ἔλεγεν

317 552 413 594 εἶναι
442 551 522 592 τὸν·
542 547 721 602 κομήτην
750 547 968 602 ῗσόδρομον
998 551 1055 603 τῷ
1083 551 1155 588 τοῦ
1176 545 1340 602 Ἕρμοῦζ
1371 548 1432 589 διὸ
1460 547 1590 603 ὥσπερ
1609 547 1630 600 ὁ
1651 553 1723 590 τοῦ

312 617 461 672 Ἑρμοῦ
490 615 667 662 σπανίως
693 615 898 669 φαίνεται,
937 612 1066 661 οὕτως
1091 614 1156 654 καὶ
1186 608 1317 663 οὗτος.
1357 613 1449 655 ἀλλ’
1483 612 1504 657 ὅ
1532 614 1606 667 μέν
1633 617 1724 656 Πυ-

317 681 500 737 θαγόρας
531 681 596 722 καὶ
624 679 694 723 τὸν
722 679 871 734 ἀστέρα
899 681 964 722 καὶ
994 679 1065 721 τὸν
1094 679 1270 734 κομήτην
1283 680 1342 734 **)
1373 681 1415 722 ἐκ
1442 685 1512 735 τῆς
1548 680 1727 734 πέμπτης

317 749 419 803 ἔλεγε
447 748 628 802 γίνεσθαι
658 746 808 795 οὐσίας.
848 745 936 788 ὁὸέ
951 763 991 801 γε
1014 744 1281 802 Ἱπποκράτης
1308 747 1378 789 τὸν
1405 747 1479 800 μὲν
1509 746 1657 803 ἀστέρα
1685 746 1728 787 ἐκ

317 819 388 868 τῆς
415 813 614 866 πέμπτης,
643 813 716 866 τὴν
735 814 780 854 δὲ
811 813 939 868 κόμην
967 813 1045 855 ἀπὸ
1075 817 1147 855 τοῦ
1175 811 1253 855 ὑπὸ
1273 813 1438 867 σελήνην
1458 812 1597 855 τόπου.
1630 813 1727 867 φησὶ

316 880 415 935 γάρ,
455 878 518 923 ὅτι
547 878 678 932 ἀτμοῦ
707 879 1009 935 ἀναφερομένου
1038 879 1117 922 ἀπὸ
1150 883 1223 921 τοῦ
1252 879 1429 934 κομήτου
1465 879 1528 920 ἐπὶ
1561 878 1612 920 τὰ
1647 877 1730 919 ἄνω

320 948 385 987 καὶ
425 945 706 999 ἀνακλωμένης
744 950 826 998 τῆς
855 946 989 999 ὄψεως
1028 944 1144 1000 ἡμῶν
1181 944 1282 1000 πρὸς
1312 945 1386 988 τὸν
1411 944 1537 998 ἥλιον,
1562 973 1726 985 ......

320 1010 682 1067 παραμυθούμεθα
709 1016 828 1054 τοῦτο
859 1013 902 1054 ἐκ
929 1016 1002 1054 τοῦ
1030 1011 1107 1068 πρὸ
1136 1015 1232 1064 μιᾶς
1260 1011 1369 1067 ὥρας
1404 1015 1476 1053 τοῦ
1514 1012 1729 1060 ἀνατεῖλαι,

318 1076 342 1131 ἢ
369 1077 470 1130 μετὰ
496 1078 594 1129 μίαν
623 1081 694 1119 τοῦ
723 1079 962 1129 καταδῦναι,
1009 1079 1254 1133 φωτίζεσθαι
1296 1078 1369 1132 τὴν
1407 1077 1499 1119 κατ’
1534 1078 1656 1131 έκεῖνο
1685 1074 1731 1117 τὸ

318 1148 441 1198 μέρος
467 1147 540 1196 τῆς
567 1144 801 1197 οἷκουμένης
826 1148 920 1198 γῆν·
963 1142 1029 1185 ὅτε
1059 1139 1130 1186 οὖν
1157 1144 1257 1200 τύχῃ
1294 1144 1395 1199 πρὸς
1427 1143 1599 1200 ἄρκτους
1626 1142 1681 1185 ὢν
1709 1140 1730 1183 ὃ

319 1208 431 1262 ἥλιος
458 1210 523 1250 καὶ
543 1206 565 1250 ὃ
584 1208 761 1263 κομήτης
787 1209 960 1252 δυνατόν
988 1211 1071 1251 ἐστι
1098 1210 1283 1263 γενέσθαι
1313 1210 1386 1264 τὴν
1414 1209 1604 1263 τοιαύτην
1634 1208 1731 1249 ἀνά-

320 1279 459 1316 κλασιν
487 1276 551 1317 καὶ
581 1276 798 1329 φαίνεσθαι
825 1273 1030 1330 κομήτην,
1060 1273 1154 1316 οὐδὲ
1181 1276 1256 1331 γὰρ
1282 1276 1460 1327 ἀλλαχοῦ
1487 1276 1731 1324 συνίσταται,

321 1342 355 1382 εἶ
381 1341 436 1394 μὴ
463 1339 565 1396 πρὸς
599 1344 656 1396 τῷ
692 1342 840 1397 βορείῳ
876 1341 987 1398 μέρει
1027 1346 1100 1395 τῆς
1135 1342 1235 1383 καθ’
1271 1339 1378 1395 ἡμᾶς
1406 1341 1651 1394 οἰκουμένης.
1691 1340 1733 1381 ἓν

318 1408 392 1459 μὲν
421 1406 496 1462 γὰρ
524 1409 582 1462 τῷ
609 1407 757 1458 μεταξὺ
786 1410 866 1449 τῶν
893 1412 1093 1464 τροπικῶν
1122 1407 1190 1449 διὰ
1215 1407 1261 1449 τὸ
1292 1405 1389 1449 εἶναι
1416 1406 1489 1460 τὴν
1524 1408 1733 1448 διακεκαυ-

318 1473 441 1525 μένην
480 1472 561 1513 ἐκεῖ
589 1471 716 1526 ζώνην
755 1474 802 1514 οὗ
841 1476 1074 1517 συνίσταται
1112 1473 1194 1516 διὰ,μ
1213 1473 1286 1527 τὴν
1321 1475 1363 1515 έν
1390 1477 1448 1529 τῷ
1479 1475 1596 1529 νοτίῳ
1623 1474 1733 1527 μέρει

320 1538 469 1580 ἔνδειαν
486 1542 557 1591 τῆς
577 1536 770 1591 ἀτμίδος,
795 1538 886 1592 ἤτοι
904 1544 977 1581 τοῦ
997 1538 1136 1593 ’ἧλικοῦ
1146 1541 1220 1593 *⁵‘*)
1251 1541 1395 1581 αἰτίου.
1425 1538 1528 1594 ἀλλὰ
1543 1539 1622 1592 μὴν
1641 1539 1735 1580 οὐδὲ

320 1605 362 1646 έν
389 1609 446 1662 τῷ
475 1605 594 1660 νοτίῳ
613 1604 730 1659 ,μέρει
761 1604 933 1647 δυνατόν
962 1606 1045 1648 ἔστι
1083 1605 1269 1661 γενέσθαι
1306 1605 1380 1659 τὴν
1411 1604 1598 1658 τοιαύτην
1636 1604 1735 1646 ἀνά-

321 1674 471 1720 κλασιν,
501 1669 715 1722 πλεονάζει,
745 1672 779 1712 εἷ
807 1671 940 1712 καὶτὰ
966 1670 1144 1724 μαλιστά
1175 1672 1280 1713 ἐστιν
1310 1670 1438 1725 ἀτμὸς
1465 1671 1547 1712 έκεῖ
1570 1670 1635 1712 διὰ
1663 1669 1735 1724 τήν

322 1736 443 1789 ψύξιν
457 1737 519 1791 †).
565 1736 669 1778 ἀλλὰ
697 1738 864 1791 ζητῆσαι
892 1737 1002 1787 ἄξιον
1029 1742 1113 1787 πῶς
1141 1738 1191 1779 τὰ
1219 1736 1333 1780 νότια
1361 1737 1501 1792 ψυχρὰ
1527 1736 1736 1793 εἴρήκαμεν

322 1801 431 1844 εἶναι.
475 1801 499 1856 ἢ
530 1802 664 1844 διττὸν
691 1803 737 1844 τὸ
769 1802 914 1845 νότιον.
965 1804 1011 1846 τὸ
1040 1805 1114 1856 μὲν
1143 1803 1244 1856 πρὸς
1282 1801 1409 1856 ἡμᾶς,
1451 1802 1547 1858 ὅπερ
1585 1803 1736 1844 ἐκεῖθέν

322 1869 405 1909 ἔστι
432 1872 506 1922 τῆς
535 1868 637 1909 καθ’
669 1867 778 1922 ἡμᾶς
805 1871 1060 1923 οἰκουμένης,
1102 1870 1148 1911 τὸ
1180 1869 1224 1910 δὲ
1251 1869 1352 1923 πρὸς
1378 1869 1424 1910 τὸ
1452 1872 1531 1910 πᾶν
1558 1872 1616 1924 τῷ
1636 1868 1737 1923 πρὸς

322 1938 379 1990 τῷ
413 1935 532 1990 νοτίῳ
561 1933 687 1991 πόλῳ.
717 1934 768 1976 τὰ
794 1935 870 1987 μὲν
901 1929 973 1977 οὗν
1001 1934 1103 1989 πρὸς
1129 1933 1237 1988 ἡμᾶς
1267 1935 1405 1990 θερμὰ
1431 1934 1551 1987 ὄντα,
1577 1932 1734 1989 χηρεύει

369 2099 406 2143 *)
439 2101 523 2134 Sole
552 2100 687 2134 scilicet
723 2106 756 2135 et
783 2102 866 2135 luna
897 2111 970 2134 non
999 2102 1261 2145 comprehensis
1294 2102 1330 2136 in
1359 2103 1574 2146 planetarum
1601 2101 1736 2144 ordine,

414 2155 464 2189 uti
486 2157 608 2190 solent.
637 2157 702 2190 cfr.
735 2162 868 2190 auctor.
895 2156 974 2190 libri
1000 2159 1041 2190 de
1057 2159 1173 2190 mundo
1199 2169 1230 2191 c.
1258 2161 1292 2191 2.
1316 2163 1352 2192 et
1373 2159 1472 2192 locos
1495 2168 1583 2202 quos
1611 2158 1737 2190 Bake

416 2211 612 2254 composuit
651 2213 694 2246 ad
730 2211 946 2257 Cleomed.
990 2215 1134 2247 Meteor.
1168 2214 1207 2256 1,
1230 2216 1266 2247 3.
1300 2226 1335 2258 p.
1360 2215 1449 2255 307,
1484 2213 1543 2246 ubi
1567 2213 1670 2247 etiam
1693 2213 1737 2246 de

415 2266 574 2301 dissensu
598 2267 806 2312 scriptorum
828 2267 865 2301 in
889 2267 1012 2302 ordine
1040 2270 1222 2303 statuendo
1246 2269 1371 2315 agitur.

371 2332 428 2376 **)
464 2335 560 2368 Fort.
593 2337 655 2370 καὶ
673 2332 742 2378 τὴν
761 2331 889 2378 κόμην.
937 2336 989 2368 lta
1014 2333 1174 2379 κομήτην
1198 2347 1260 2379 pro
1284 2335 1400 2380 κόμην
1433 2335 1589 2370 scribunt
1609 2334 1655 2368 A.
1678 2334 1736 2367 Er.

414 2388 452 2422 in
474 2392 649 2426 Meteoroz.
676 2391 705 2432 1,
731 2391 766 2433 6,
790 2391 823 2425 9.

372 2454 447 2496 ***)
473 2454 568 2488 Nihil
593 2456 736 2491 mutavi.
780 2457 940 2491 Fortasse
964 2463 1079 2491 tamen
1108 2454 1170 2491 τοῦ
1194 2454 1292 2500 ἡλίου
1316 2452 1441 2489 αἰτίου.

372 2519 413 2561 †)
451 2521 585 2564 Quibus
617 2523 754 2564 verbis,
788 2534 877 2567 quae
901 2529 1062 2566 corrupta
1094 2535 1171 2558 esse
1194 2533 1298 2558 nemo
1327 2532 1398 2554 non
1420 2520 1538 2562 videt,
1575 2519 1735 2563 equidem

417 2576 548 2610 mederi
571 2578 702 2611 nesoio.
748 2578 962 2612 Asteriscum
992 2579 1154 2623 apposuit
1177 2579 1297 2613 Aldus.
1341 2578 1428 2609 Puto
1451 2581 1566 2610 tamen
1589 2577 1735 2610 verbum

417 2628 601 2670 πλεονάζει
628 2644 675 2666 ex
698 2634 853 2679 margine
880 2634 1011 2668 codicis
1035 2635 1233 2675 cuiusdam,
1270 2631 1496 2674 cui-propter
1528 2633 1735 2665 vocabulum

420 2688 592 2728 quoddam
616 2688 799 2731 dupliciter
822 2695 880 2723 aut
901 2690 1018 2733 inepte
1041 2690 1206 2733 scriptum
1233 2687 1382 2720 additum
1406 2693 1497 2729 erat,
1539 2687 1576 2720 in
1602 2693 1734 2722 textum

418 2739 608 2783 irrepsisse.
655 2745 757 2776 Tunc
782 2744 895 2777 omnia
925 2756 1018 2778 sana.
1058 2782 1074 2797 0
