1774 3198
287 373 381 415 610
500 376 946 418 COMMENTARIUS
975 376 1037 415 IN
1064 377 1473 416 METEOROLOG.

283 487 493 542 μαιότερον
531 488 721 539 praebent
748 489 794 526 F.
825 487 878 525 H.
907 485 962 524 N.
993 486 1103 525 cam.
1121 474 1198 539 ’ᾖ
1230 487 1317 525 Cas.
1353 483 1614 538 ἢρεμέστερον
1642 487 1695 525 Α.

287 558 332 595 Ρ.
359 558 400 595 S.
429 555 516 594 cas.
1348 569 1352 571 >

395 623 462 659 37.
497 614 575 658 {md
602 620 675 671 γῆν
703 619 847 657 omisso
874 620 1042 658 articulo
1070 621 1116 657 F.
1152 619 1219 670 qui
1255 619 1373 670 paulo
1411 625 1502 670 post
1538 618 1699 656 exhibet

283 681 362 725 ὑπὸ
388 686 460 737 τῆς
487 686 560 738 γῆς
583 699 659 737 pro
678 680 756 724 ὑπὸ
777 686 861 737 γῆν,
887 686 957 724 ubi
986 681 1061 723 ὕπὸ
1080 681 1154 735 τὴν
1174 685 1245 735 γῆν
1274 685 1380 722 Cam.
1397 686 1443 722 P.
1468 685 1509 723 S.
1536 686 1621 723 cas.
1647 706 1696 713 --

285 753 393 790 Ante
424 747 684 805 ῥαπιζόμενος
709 751 862 789 addunt
890 749 959 790 καί
982 753 1030 790 F.
1053 751 1106 789 H.
1132 749 1186 788 N.
1209 750 1319 789 Cam.
1341 751 1388 788 P.
1412 748 1455 788 S.
1476 751 1562 789 Cas.
1594 771 1650 780 —-
1677 744 1699 787 ὃ

286 813 407 864 αὐτός
433 831 507 869 pro
536 813 656 862 αὐτός
683 819 730 855 F.
752 818 804 855 H.

397 886 463 922 38.
495 884 715 922 Articulum
737 889 827 920 ante
849 879 990 935 ψόφος
1012 882 1159 920 omittit
1177 883 1224 920 E.
1254 905 1304 911 —
1346 878 1702 934 λεπτομερέστερος

285 964 361 1002 pro
381 946 736 1001 λεπτομερέστερον
754 951 801 988 E.
833 946 1070 1000 λεπτομερές
1097 949 1214 987 Alex.
1235 948 1306 987 sol.
1331 950 1423 996 109,
1438 948 1484 986 b.
1535 950 1598 987 De
1626 947 1702 985 hoc

285 1018 374 1055 loco
400 1017 455 1054 ita
481 1016 837 1066 Koenigmann
868 1015 902 1056 J.
933 1014 960 1051 l.
1002 1028 1042 1065 p.
1076 1017 1143 1053 89.
1183 1021 1265 1052 not.
1297 1018 1401 1053 223:
1452 1010 1523 1052 τὸν
1559 1010 1701 1066 ψόφον

285 1080 618 1120 Aristoteles
656 1081 705 1119 de
732 1081 860 1119 anima
892 1083 954 1127 ΙΙ,
989 1083 1013 1118 8
1048 1082 1151 1118 extr.
1201 1080 1342 1132 definit
1381 1076 1499 1132 ἀέρος
1533 1078 1700 1130 κίνησιν.

289 1146 498 1197 Quomodo
520 1147 651 1196 igitur
678 1160 837 1184 sonus
864 1160 956 1184 oum
976 1160 1147 1196 corpore
1165 1147 1409 1195 comparari
1435 1154 1475 1183 et
1501 1159 1567 1183 να
1574 1158 1701 1194 pore

286 1213 450 1249 tenuior
469 1213 555 1250 diei
574 1212 732 1261 poenit,
762 1214 886 1262 quasi
907 1219 946 1247 et
969 1213 1056 1260 ipse
1081 1214 1138 1248 εἰι
1167 1225 1326 1261 corpo
1341 1225 1390 1247 re
1403 1225 1481 1256 ue,
1515 1210 1704 1262 equidem

286 1290 370 1314 non
390 1277 529 1326 capio.
584 1277 735 1326 Itaque
757 1290 845 1313 eum
865 1277 1066 1314 excidisse
1086 1277 1234 1326 aliqua
1258 1276 1507 1313 videantur:
1529 1290 1608 1325 pro
1631 1276 1702 1314 τοῦ

286 1338 511 1392 πνεύματος
540 1338 611 1379 τὸν
642 1337 781 1393 ψόφον
808 1341 1111 1379 rescribendum
1139 1349 1199 1378 est
1217 1339 1363 1402 forte:
1400 1343 1474 1379 τοῦ
1500 1343 1703 1386 κινοῦντος

286 1404 512 1458 πνεύματος
538 1402 585 1445 τὰ
614 1408 754 1445 ποιοῦν
783 1403 853 1446 τὸν
881 1404 1034 1460 ψόφον.
1107 1409 1222 1444 Nam
1259 1408 1330 1457 qui
1362 1409 1506 1444 varios
1539 1414 1702 1444 tantum

285 1486 405 1511 sono-⁹
428 1474 525 1512 edat
550 1486 704 1522 vapor,
731 1473 839 1510 hunc
865 1487 911 1511 eo
941 1475 1168 1511 tenuiorem
1194 1485 1279 1509 esse
1308 1472 1396 1509 vult
1416 1471 1700 1522 philosophus,

287 1539 360 1589 qui
380 1539 440 1576 ad
454 1547 612 1576 terram
632 1539 947 1576 concutiendam
967 1540 1164 1589 sufficiat,
1189 1545 1235 1575 ut
1253 1552 1302 1575 ex
1318 1539 1509 1587 proxime
1530 1551 1702 1588 sequen—

286 1602 393 1641 tibus
418 1605 684 1655 intelligitur.
697 1606 721 1625 “
761 1603 924 1655 Nugae:
954 1606 1119 1643 minime
1140 1605 1246 1642 enim
1264 1616 1407 1664 sepum
1426 1616 1517 1641 cum
1535 1616 1703 1654 corpore

285 1670 486 1720 componit
512 1669 838 1709 Aristoteles
847 1686 857 1720 ;
886 1672 957 1709 sed
977 1668 1043 1710 διὰ
1061 1667 1107 1709 τὸ
1128 1667 1485 1721 λεπτομερέστερον
1505 1663 1602 1706 εἶναι
1631 1682 1703 1706 ex-

285 1735 405 1785 plicat
424 1736 510 1773 sive
529 1737 691 1787 corrigit
713 1738 844 1788 potius
866 1751 939 1789 per
958 1738 1159 1788 sequentia
1182 1731 1248 1774 διὰ
1267 1732 1312 1773 τὺ
1331 1735 1487 1784 μᾶλλον
1513 1730 1581 1772 διὰ
1601 1748 1703 1773 παν-

284 1797 354 1845 τὸς
374 1798 483 1848 ἴέναι,
512 1815 587 1852 qua
607 1803 649 1840 in
668 1816 714 1840 re
736 1809 828 1854 apte
852 1817 969 1842 sonus
988 1817 1078 1842 cum
1096 1803 1193 1841 flatu
1212 1801 1434 1851 comparari
1451 1807 1594 1852 potest.
1622 1801 1702 1839 Sed

286 1865 387 1903 bene
415 1868 567 1904 monuit
604 1870 959 1919 Koenigmann
995 1882 1091 1906 mox
1131 1866 1322 1905 eiicienda
1360 1880 1443 1904 esse
1471 1867 1596 1904 verba
1636 1863 1702 1904 διὰ

286 1928 521 1982 λεπτότητα,
552 1934 699 1983 quippe
725 1948 823 1983 quae
843 1947 894 1970 ex
913 1935 1100 1984 margine,
1128 1934 1170 1971 in
1194 1946 1271 1983 quo
1291 1933 1564 1982 explicationis
1581 1933 1702 1981 gratia

285 1997 336 2034 ad
355 1998 477 2035 verba
492 2000 674 2048 proxima
696 1995 761 2036 διὰ
779 1997 853 2047 μὲν
872 1995 917 2036 τὸ
945 1995 1096 2050 ῥαδίως
1124 1997 1359 2049 διηθεῖσθαι
1387 1997 1585 2047 adscripta
1602 1998 1703 2035 fuis-

285 2069 384 2111 sent,
414 2064 674 2114 irrepsissent.
711 2060 859 2115 ἑτέροις
886 2078 961 2115 pro
992 2068 1165 2116 στερεοῖς
1193 2066 1243 2103 Ε.
1276 2086 1324 2092 -—
1357 2059 1489 2114 ὥσπερ
1508 2076 1583 2114 pro
1604 2058 1700 2114 ὅπερ

286 2129 401 2169 Alex.
429 2130 539 2168 cam.
570 2132 611 2169 S.
633 2129 724 2168 Cas.
782 2131 1018 2168 Tumultum
1047 2131 1303 2177 inferiorem,
1344 2129 1410 2182 qui
1438 2125 1701 2178 βούμυκοι

285 2195 577 2244 appellabatur,
616 2197 789 2246 explicat
818 2196 936 2233 etiam
968 2195 1167 2235 Problem.
1196 2197 1338 2241 XXV,
1358 2200 1397 2234 2.
1425 2209 1466 2245 p.
1491 2199 1570 2234 937
1588 2195 1612 2232 b
1630 2207 1700 2245 sq„

284 2260 350 2297 ubi
385 2261 459 2299 nit:
506 2258 744 2312 κλυζόμενον
770 2258 817 2300 τὸ
847 2257 959 2313 ὕδωρ
990 2259 1213 2301 ἀπωθεῖται
1242 2258 1312 2300 τὸν
1339 2258 1438 2313 ἀέρα
1468 2257 1534 2299 διὰ
1563 2262 1700 2299 στενοῦ

285 2324 340 2370 εἷς
368 2322 579 2379 εὐρυτέραν
608 2326 774 2366 κοιλίαν.
815 2321 901 2365 οἷον
930 2324 970 2365 εἶ’
991 2342 1052 2373 τις
1079 2327 1135 2374 εἰς
1163 2325 1351 2381 ἀμφορέα
1379 2324 1492 2365 κενὸν
1522 2323 1624 2365 κατὰ
1651 2323 1697 2364 τὸ

286 2387 450 2440 στόμιον
477 2396 584 2431 ποιεῖ’
605 2390 759 2445 ψόφον,
788 2388 994 2443 μυκήματι
1013 2390 1153 2444 ὅμοιον
1181 2394 1341 2446 γίνεται.
1380 2390 1532 2436 πολλὰς
1562 2389 1605 2430 δὲ
1632 2390 1698 2429 καὶ

283 2452 458 2502 ἀτόπους
486 2455 625 2509 φωνὰς
652 2461 809 2497 ποιοῦσι
837 2455 888 2497 τὰ
918 2456 1105 2510 σχήματα
1129 2462 1209 2500 τῶν
1238 2460 1396 2499 κοιλιῶν
1417 2456 1609 2508 ἀνώμαλα
1630 2453 1698 2495 ὄν-

280 2531 353 2558 τα·
381 2520 462 2561 {nez
491 2523 557 2561 καὶ
589 2522 804 2576 ἀμφορέως
830 2522 901 2563 τὸν
930 2522 1134 2575 πύνδακα,
1163 2523 1232 2565 ε’άν
1258 2540 1319 2571 τις
1342 2522 1504 2577 ἀφελὼν
1530 2519 1596 2561 διὰ
1623 2525 1696 2561 τοῦ

280 2584 487 2636 πυθμένος
513 2588 632 2642 τρίβῃ
660 2587 783 2629 ἑλκῶν
810 2587 888 2629 ἴσω
918 2590 983 2630 καὶ
1011 2589 1110 2638 ἔξω,
1149 2592 1183 2632 εἷ
1210 2591 1345 2645 τρίψει
1375 2587 1441 2628 διὰ
1469 2589 1541 2627 τοῦ
1571 2602 1696 2627 κατα-

281 2647 470 2701 ὃήμᾱΐος,
499 2651 639 2707 ψόφον
660 2660 780 2702 ποιεῖ’,
811 2653 912 2695 ὥστε
938 2654 1093 2710 φεύγειν
1123 2655 1173 2696 τὰ
1202 2658 1354 2710 θηρία,
1393 2651 1491 2694 ὅταν
1520 2651 1559 2692 οἱ
1587 2650 1695 2694 ὀπω-

281 2713 503 2767 ροφύλακες
529 2719 876 2760 κατασκευάσωσιν
905 2719 1018 2761 αὐτό.
1076 2726 1139 2762 De
1160 2724 1368 2775 postremis
1388 2720 1460 2758 cfr.
1487 2733 1586 2770 quae
1614 2720 1697 2758 dis-

279 2781 398 2818 seruit
426 2783 714 2824 Schneider
734 2788 879 2836 Eolog.
894 2788 1009 2837 phys.
1040 2790 1155 2827 Tom.
1177 2790 1226 2828 Π.
1260 2801 1301 2839 p.
1323 2789 1399 2824 182
1419 2799 1476 2834 sq.
1507 2787 1693 2825 Metro-
