1774 3198
287 336 380 381 496
502 345 946 385 COMMENTARIUS
972 345 1031 383 IN
1059 346 1460 385 METEOROLOG.

284 455 384 509 μέρη
415 457 485 506 τῆς
512 450 726 506 ὕγρύτητρς
755 455 825 504 τῆς
850 454 1038 505 γλυκείας.
1067 451 1250 504 ἀπομένει
1281 453 1337 503 δέ,
1368 451 1388 493 ὅ
1411 453 1514 493 ἐστιν
1539 454 1581 494 ἐκ
1610 457 1682 494 τοῦ

285 521 420 574 γένους
446 523 517 571 τῆς
544 522 626 572 γῆς.
686 521 809 562 Unde
833 527 960 571 patet,
989 534 1077 558 cum
1102 521 1306 558 fluminum
1336 522 1464 559 fontes
1494 523 1682 572 originem

286 589 451 626 debeant
477 601 597 638 aquae
627 587 839 638 vaporibus
869 588 910 624 in
927 601 1071 638 supero
1100 588 1187 624 loco
1222 588 1411 625 concretis
1437 586 1606 637 indeque
1635 588 1685 625 ad

285 661 431 692 terram
449 653 714 702 redeuntibus,
737 653 889 691 dulcem
908 640 1120 703 praebeant
1138 667 1275 704 aquam
1295 667 1451 691 necesse
1471 667 1564 691 esse.
1607 653 1687 691 Sed

286 721 334 757 dc
356 720 416 757 his
435 719 631 758 hactenus.

397 790 434 824 1.
465 783 520 824 ἔτι
551 784 594 823 δὲ
622 784 709 837 περὶ
738 787 808 836 τῆς
835 783 877 832 ἐξ
906 783 1030 838 ἀρχῆς
1054 780 1228 831 ἓνώσεως
1256 783 1428 837 λέγομεν.
1487 786 1684 836 Olymp.

282 855 350 892 fol.
373 857 439 901 28,
459 854 484 890 b
512 854 554 890 in
574 859 700 891 textu.

392 924 431 959 2.
477 922 583 958 Fons
614 919 761 957 Oceani
790 920 949 957 azictore
976 918 1203 956 Hesiodo
1234 918 1445 969 Theogon.
1475 920 1567 957 282.
1606 918 1685 966 78‚5

282 990 438 1035 -792,
468 1000 583 1038 quem
604 986 727 1023 secuti
746 991 836 1023 sunt
863 985 1115 1023 Pindarus
1131 984 1295 1039 fragm.
1325 985 1430 1036 apud
1450 985 1686 1023 Clement.

281 1053 621 1092 Alexandrin.
653 1054 841 1089 Stromat.
871 1053 922 1090 V.
951 1066 991 1103 p.
1012 1051 1108 1100 542,
1142 1051 1477 1090 Callimachus
1503 1051 1687 1087 Lavacr.

235 1106 249 1112 “
284 1117 449 1156 Pallad.
479 1132 516 1157 v.
538 1121 585 1167 5,
614 1119 756 1168 aliique
786 1119 827 1155 in
853 1119 1080 1156 occidentali
1106 1120 1293 1169 Europae
1325 1124 1434 1169 parte
1460 1117 1554 1154 situs
1583 1120 1686 1153 erat:

280 1185 579 1223 Herodotus
616 1198 756 1223 versus
783 1185 976 1222 orientem
1007 1199 1073 1222 eos
1109 1185 1260 1235 quaerit
1294 1185 1366 1229 IV,
1394 1187 1430 1221 8.
1489 1180 1687 1220 Rectede

280 1253 390 1290 fonte
408 1253 529 1289 locuti
549 1258 638 1288 sunt
657 1237 813 1289 veteives
836 1250 978 1301 po'e'tae
988 1279 999 1297 ,
1030 1251 1098 1301 qui
1119 1250 1287 1288 fluvium
1309 1236 1400 1286 euni
1421 1263 1503 1286 esse
1520 1249 1689 1286 arbitra-

280 1319 434 1366 bantur,
462 1331 671 1368 perperam
692 1317 950 1366 posteriores,
980 1317 1118 1368 quibus
1137 1317 1215 1356 iam
1237 1329 1344 1354 mare
1365 1321 1448 1353 erat
1463 1321 1686 1359 externum,

281 1385 407 1422 veluti
438 1382 723 1433 Aeschylus
753 1384 890 1420 Prom.
920 1382 1011 1429 431,
1052 1383 1377 1433 Pherecydes
1414 1380 1519 1432 apud
1549 1379 1686 1418 Schol.

217 1442 221 1445 ,
281 1451 521 1500 Apollon.
551 1449 711 1486 Rhod.
742 1451 812 1497 IV,
843 1451 946 1487 1396
976 1454 1014 1485 et
1039 1447 1353 1486 Athenaeum
1379 1449 1528 1496 Deipn.
1545 1447 1628 1494 XI,
1650 1449 1687 1494 6,

281 1515 536 1555 Pindarus
565 1516 687 1565 Pyeh.
715 1516 786 1562 IV,
815 1514 909 1563 4473
954 1514 1234 1566 Sophocles
1268 1513 1466 1552 Trachin.
1489 1515 1554 1562 58,
1583 1513 1687 1550 Lu-

282 1583 455 1620 cianus
491 1585 670 1633 Tragop.
702 1585 748 1620 91
771 1609 782 1629 ‚
841 1582 1068 1631 Quintus
1097 1581 1262 1620 calab.
1296 1581 1359 1628 X,
1398 1582 1489 1626 197,
1531 1578 1688 1616 vale-

280 1649 390 1686 rius
428 1649 642 1686 Flaccus
677 1650 748 1695 IV,
779 1652 844 1696 90,
891 1649 1092 1686 Statius
1126 1647 1252 1685 Theb.
1281 1647 1366 1693 III,
1389 1645 1483 1693 409,
1530 1643 1688 1690 Silius

280 1715 395 1753 Ital.
421 1715 533 1763 XIII,
552 1714 645 1763 554,
675 1715 917 1765 antiquiores
938 1714 1010 1752 hac
1030 1715 1072 1752 in
1091 1728 1136 1752 re
1155 1714 1289 1760 secu-ti.
1322 1714 1404 1750 Cfr.
1424 1712 1585 1749 omnino
1608 1711 1689 1767 dis-

282 1780 532 1819 sertationem
563 1782 744 1820 Vossii
774 1781 824 1819 de
854 1776 1014 1819 Oce-ane
1051 1787 1233 1819 veterum
1269 1780 1310 1817 in
1340 1780 1443 1817 libro
1475 1778 1689 1816 vernacule

281 1849 524 1898 conscripto:
554 1848 736 1898 Gb'tting.
756 1849 978 1897 Magazin.
1008 1847 1154 1897 Jahrg.
1180 1845 1213 1883 I.
1242 1847 1357 1900 Part.
1379 1846 1434 1884 ΙΙ.
1463 1858 1503 1895 p.
1517 1848 1596 1883 297
1608 1857 1688 1895 sqq.

232 1938 235 1944 ι
279 1937 335 1944 —-
363 1913 442 1952 Pro
472 1910 609 1958 αὐτοῖς
635 1914 687 1951 Ν.
729 1909 873 1951 αὐτῶν.
903 1915 948 1950 F.
973 1913 1028 1950 H.
1054 1915 1136 1950 Bas.
1164 1914 1204 1950 S.
1236 1909 1371 1961 αὐτῆς.
1409 1911 1573 1960 Olymp.
1596 1909 1688 1947 Aldi

279 1982 351 2020 sol.
368 1980 470 2029 28‚b
492 1980 533 2017 in
555 1979 669 2017 textu
690 1969 818 2016 αὗται.
842 2007 847 2012 ,
867 1974 1005 2030 ῥίζαι
1033 1980 1103 2030 γῆς
1132 1976 1196 2015 καὶ
1224 1974 1433 2026 θαλάττης
1461 1972 1609 2026 spectat
1636 1975 1687 2012 ad

279 2046 663 2098 Xenophanem.
691 2045 762 2083 cfr.
791 2045 839 2081 de
859 2046 972 2082 caelo
996 2047 1055 2093 II,
1084 2048 1157 2082 13:
1192 2041 1230 2083 οἳ
1256 2041 1329 2094 μὲν
1359 2039 1434 2094 γὰρ
1467 2037 1532 2079 ὃιᾶ
1559 2043 1687 2079 ταῦτα

281 2111 441 2166 ἄπειρον
469 2109 515 2151 τὸ
543 2107 651 2157 κάτω
678 2112 749 2162 τῆς
775 2112 846 2162 γῆς
874 2106 973 2149 εἷναί
998 2124 1119 2163 φασιν
1144 2106 1199 2148 ἐπ’
1221 2106 1382 2160 ἄπειρον
1404 2104 1528 2158 αὐτὴν
1558 2104 1689 2160 ἐρρι-

282 2181 482 2229 ζῶσθαι
513 2176 709 2230 λέγοντες,
756 2173 886 2228 ὥσπερ
916 2173 1153 2229 Ξενοφάνης
1183 2171 1202 2214 ὃ
1225 2171 1508 2227 Κολοφώνιος,
1536 2172 1604 2212 ἵνα
1630 2172 1685 2224 μὴ

281 2242 476 2300 πράγματ’
500 2242 616 2301 ἔχωσι
639 2245 842 2296 ζητοῦντες
862 2242 935 2295 τὴν
957 2242 1098 2282 αἰτίαν.
1126 2242 1244 2282 Adde
1262 2243 1352 2279 Plu
1363 2248 1391 2279 t.
1412 2241 1524 2279 Plac.
1534 2239 1687 2289 philos.

279 2305 360 2363 Hs,
388 2318 424 2353 9.
461 2327 498 2364 p.
527 2314 603 2358 85,
642 2312 708 2349 ubi
735 2312 821 2350 fere
848 2311 983 2348 eadem
1012 2300 1207 2360 leguntur.
1241 2329 1293 2336 ——
1354 2301 1602 2359 τραγικός
1647 2310 1689 2354 Ι(ἑΙῑ

283 2395 307 2420 σ
318 2395 335 2419 ε
346 2396 376 2431 μ
387 2395 408 2418 ν
420 2377 439 2417 ό
453 2393 486 2425 ςΔ
501 2379 550 2416 de
570 2378 682 2428 gravi
698 2391 744 2417 re
763 2378 810 2416 ab
827 2378 913 2428 ipso
938 2377 973 2414 A
986 2377 1058 2415 ris
1070 2382 1086 2413 t
1097 2380 1119 2417 'o
1132 2375 1204 2413 tel
1217 2389 1238 2412 e
1265 2379 1504 2424 usurpantur
1521 2372 1689 2410 Rhetor-

280 2447 354 2495 111,
376 2449 421 2484 3:
453 2443 526 2484 εἶσὶ
553 2441 626 2497 γὰρ
655 2442 719 2482 καὶ
748 2442 974 2497 μεταφοραὶ
998 2440 1193 2495 ἀπρεπεῖς,
1223 2438 1263 2479 αἶ
1280 2438 1353 2491 μὲν
1375 2435 1441 2477 διὰ
1461 2435 1506 2476 τὸ
1536 2437 1687 2488 γελοῖον

369 2567 461 2599 unde
481 2566 725 2608 sylvestre
749 2565 800 2598 de
819 2565 935 2608 Sacy
958 2562 1126 2607 (Re'laiion
1148 2544 1306 2604 d'I'E'gypie
1330 2560 1470 2592 traduite
1492 2557 1533 2590 de
1551 2554 1687 2588 Z'Arabe

367 2635 400 2666 p.
414 2624 474 2663 77)
497 2631 571 2665 non
594 2620 767 2654 immerito
787 2619 929 2654 coniicit
942 2619 1097 2652 Arabem
1117 2618 1215 2652 illum
1237 2613 1480 2652 Aristotelicos
1504 2613 1547 2645 de
1562 2611 1687 2655 plantis

367 2678 477 2711 libros
503 2678 616 2710 adhuc
640 2682 719 2710 ante
753 2678 876 2709 oculos
907 2675 1080 2708 habuisse.
1106 2674 1110 2677 ⁴
1139 2674 1234 2707 Idem
1268 2671 1327 2704 ille
1355 2673 1473 2703 monet
1507 2667 1687 2701 Nicolai

368 2733 604 2773 (Damasceni
626 2730 794 2774 fortasse)
829 2730 1116 2764 commentarium
1145 2728 1183 2761 in
1205 2727 1291 2760 istos
1312 2725 1420 2759 libros
1444 2723 1619 2757 exstitisse
1644 2723 1686 2756 ab

371 2789 404 2820 II
416 2790 551 2822 onai'n
582 2789 618 2822 in
642 2787 826 2821 Arabicam
847 2786 999 2831 linguam
1021 2793 1241 2819 conversum.
