1760 3138
278 1032 802 1091 COMMENTARIUS
830 1033 906 1088 IN
932 1025 1644 1087 METEOROLOGICORUM

690 1164 927 1198 LIBRUM
972 1162 1226 1197 PRIMUM.
1289 1213 1291 1215 ι

877 1418 982 1458 Catu
1008 1417 1041 1455 Ι.

353 1537 390 1572 1.
432 1518 590 1574 Nullus
612 1537 775 1583 praeter
804 1530 912 1569 hunc
941 1535 1070 1569 exstat
1093 1529 1200 1567 liber
1225 1523 1474 1575 Aristotelis,
1505 1526 1548 1564 in
1570 1526 1682 1566 cuius

237 1601 506 1653 praefatione,
535 1609 795 1651 quaecunque
815 1599 866 1637 de
884 1598 1006 1637 rebus
1026 1596 1286 1643 naturalibus,
1315 1600 1385 1633 aut
1402 1596 1481 1633 iam
1502 1594 1685 1647 scripsis-

239 1675 320 1717 set,
351 1675 420 1707 aut
446 1668 623 1706 scribere
649 1667 839 1719 deinceps
860 1665 1119 1714 instituisset,
1148 1677 1194 1702 ea
1214 1663 1348 1702 omnia
1365 1662 1530 1712 ordine,
1546 1653 1683 1715 'quem

237 1751 304 1777 res
337 1742 527 1775 tractatae
556 1741 597 1774 et
625 1735 719 1774 libri
750 1735 802 1774 de
825 1734 880 1772 eis
900 1733 1138 1785 conscripti,
1166 1737 1235 1770 aut
1251 1730 1497 1770 inscribendi
1513 1730 1620 1771 inter
1639 1744 1684 1770 se

238 1805 410 1854 habent,
440 1803 707 1852 recensuerit,
737 1803 1040 1854 generatimque
1060 1800 1219 1850 omnia,
1249 1813 1350 1851 quae
1368 1805 1540 1839 tractare
1566 1799 1685 1838 insti-

238 1874 339 1923 tuit,
369 1872 726 1918 commemoravit,
757 1877 797 1909 et
817 1871 944 1910 veluti
969 1871 1012 1908 in
1030 1870 1173 1908 tabella
1200 1874 1293 1907 ante
1321 1867 1460 1906 oculos
1485 1867 1682 1919 posuerit,

238 1948 285 1982 ut
304 1954 386 1980 non
403 1940 642 1979 inconcinne
672 1938 824 1977 dixerit
854 1939 1004 1991 Olym
1018 1936 1297 1990 piodorus,
1328 1935 1449 1974 huius
1468 1934 1563 1974 libri
1583 1948 1685 1987 pro-

239 2010 415 2050 oemium
435 2015 569 2048 vatem
583 2006 843 2047 Calchantem
864 2007 974 2060 apud
991 2008 1219 2046 Homerum
1238 2004 1388 2043 imitari
1416 2001 1486 2057 (ll.
1499 1998 1534 2042 α’
1553 1999 1627 2056 70)

367 2116 371 2121 1
412 2082 458 2135 ὅς
477 2084 509 2127 τ’
524 2081 603 2142 ᾔδη
626 2083 679 2128 τά
697 2084 728 2128 τ’
747 2084 866 2128 ἐόντα
886 2082 938 2126 τά
958 2082 989 2126 τ’
1009 2081 1210 2136 ἐσσόμενα
1230 2080 1310 2138 πρό
1333 2079 1364 2121 τ’
1381 2079 1514 2131 ἐόντα,

238 2170 389 2222 quippe
414 2167 523 2220 quod
545 2168 780 2220 praeteritas
807 2165 1063 2205 tractationes
1086 2165 1127 2204 in
1148 2164 1383 2202 memoriam
1400 2168 1589 2212 revocat,
1616 2164 1685 2203 fus

238 2243 422 2275 turarum
451 2235 703 2286 praeludium
732 2235 830 2274 facit
860 2233 1088 2286 quoddam,
1134 2239 1176 2270 et
1207 2237 1460 2284 praesentem
1499 2232 1684 2283 exponit.

241 2302 367 2354 Quod
396 2315 469 2341 cur
495 2302 645 2341 factum
674 2303 748 2350 sit,
781 2315 1021 2354 quamquam
1051 2301 1162 2338 nulla
1190 2299 1378 2338 videatur
1404 2297 1539 2336 afferri
1566 2310 1686 2351 posse

240 2369 461 2409 necessaria
497 2364 624 2418 ratio,
663 2368 741 2407 dici
768 2376 903 2408 tamen
936 2374 1071 2421 potest
1103 2367 1223 2416 haec,
1271 2367 1323 2404 de
1354 2366 1498 2418 quibus
1532 2365 1577 2405 i'n
1607 2366 1685 2407 hoc

241 2452 365 2491 opere
383 2437 534 2489 agitur,
563 2437 739 2489 primum
762 2437 896 2475 locum
924 2437 967 2476 in
994 2436 1056 2474 his
1083 2434 1254 2481 habere,
1284 2447 1384 2485 quae
1404 2446 1456 2472 ex
1476 2432 1687 2475 elementis

240 2507 443 2546 oriuntur.
500 2506 641 2556 Itaque
669 2517 800 2543 novae
821 2504 1024 2543 cuiusdam
1046 2502 1294 2541 tractationis
1309 2501 1469 2540 initium
1491 2515 1587 2553 esse,
1609 2516 1686 2542 nec

241 2575 326 2614 sine
352 2574 509 2614 ratione
535 2573 659 2611 totius
684 2572 929 2611 tractationis
956 2571 1007 2610 de
1028 2569 1240 2623 principiis
1262 2575 1303 2608 et
1323 2569 1531 2609 elementis
1555 2572 1687 2623 epiloa-

241 2655 335 2694 gum
351 2642 522 2690 factum3
553 2654 678 2692 eaque
700 2640 920 2692 proposita,
953 2652 1053 2691 quae
1074 2652 1126 2676 ex
1147 2638 1355 2690 principiis
1369 2637 1493 2677 ‘huius
1512 2639 1622 2678 modi
1644 2643 1686 2679 et

243 2700 452 2749 elementis
479 2714 761 2762 procreantur.
847 2710 933 2748 Aut
960 2706 1196 2755 dicendum,
1234 2703 1333 2744 haec
1360 2719 1461 2758 quae
1487 2707 1531 2746 in
1558 2719 1685 2760 opere

242 2783 482 2827 tractantur,
511 2778 554 2815 in
580 2791 624 2815 ea
647 2777 933 2828 disputatione,
973 2788 1074 2827 quae
1104 2774 1155 2812 de
1183 2774 1390 2812 elementis
1412 2778 1493 2824 est,
1523 2782 1685 2827 postre*

243 2858 348 2884 mam
368 2859 453 2885 esse
471 2851 628 2898 partem
661 2842 799 2896 [caque
823 2845 940 2884 unice
959 2852 1056 2883 vera
1082 2848 1141 2882 est
1164 2843 1267 2882 ratio
1297 2841 1348 2893 L]
1362 2871 1376 2890 ,
1404 2848 1451 2881 ut
1474 2843 1562 2895 ipse
1583 2842 1684 2883 Ari-
