1812 3158
481 390 700 434 LIBRUM
730 390 971 433 PRIMUM.
1038 388 1154 430 cAP.
1179 389 1251 431 m.
1491 377 1585 424 361

149 505 252 563 πρὸς
278 504 573 559 Ἐμπεδοκλέα,
604 505 778 547 δείκνυσι
800 501 922 545 πάλιν
951 500 1014 543 ὅτι
1045 500 1119 543 οὐκ
1147 501 1232 543 ἐστὶ
1261 503 1381 554 σῶμα
1409 499 1456 542 τὸ
1487 503 1588 556 φῶς.

147 576 184 617 εἰ
211 573 288 630 γὰρ
316 569 366 628 ἦν
387 577 520 628 σῶμα,
551 572 746 628 κινήσεως
764 570 876 629 αὐτῷ
895 570 993 621 ἔδει,
1020 570 1091 611 ‘iva
1119 568 1247 625 ἔλθῃ,
1277 566 1380 624 πρὸς
1393 565 1524 624 ἡμᾶς·
1553 568 1589 609 εἴ

149 643 195 685 ὁὲ
226 641 440 696 κινήσεως,
470 641 537 684 καὶ
564 639 731 697 χρόνον.
769 643 882 682 πᾶσα
908 637 987 695 γὰρ
1016 638 1171 693 κίνησις
1199 637 1242 679 ἓν
1259 635 1424 694 χρόνῳ·
1452 639 1526 679 νῦν
1542 634 1584 678 δ’

147 709 237 765 ἅμα
265 710 478 767 φωτίζεται
508 709 575 752 καὶ
591 708 645 751 τὰ
669 707 782 764 ἕγγυς
808 705 948 750 καὶτὰ
963 705 1107 764 πόρρω
1121 709 1197 748 τοῦ
1213 705 1460 762 φωτίζοντος
1476 702 1588 747 ὄντα.

88 783 90 785 ’
147 781 270 821 Adde
299 780 550 820 Themist.
579 779 632 818 ad
651 779 773 819 eund.
795 778 826 817 l.
853 778 926 817 fol.
947 781 1016 828 79,
1041 790 1076 828 a,
1109 790 1162 815 ex
1191 789 1273 829 quo
1306 789 1378 815 sua
1411 775 1590 815 hausisse

146 849 314 889 videtur
350 847 688 902 Philoponus.
763 846 846 886 Sed
876 846 983 885 male
1016 844 1145 898 apud,
1164 844 1415 884 Themist.
1454 843 1591 883 editur

147 913 377 969 παχύτητα.
408 938 461 944 --
519 918 624 957 Mox
654 912 724 955 διὰ
751 911 799 956 τὸ
828 911 1011 969 περιέχον
1041 914 1187 952 omisso
1215 914 1342 952 altero
1369 908 1417 952 τό
1448 911 1505 951 Η.
1535 911 1589 951 A.

148 986 218 1024 Er.
238 986 279 1024 S.
310 985 421 1037 quod
441 985 554 1025 uncis
575 985 827 1023 incluseer
853 984 902 1023 P.
931 983 1019 1023 Cas.
1053 980 1336 1036 διακρίνεσθαι
1363 994 1442 1034 pro
1473 979 1592 1034 διαρ-

148 1051 365 1105 ραίνεσθαι
401 1054 455 1093 Α.
485 1055 554 1093 Er.
594 1073 652 1081 —--
699 1050 774 1109 βίᾳ
801 1048 914 1091 κάτω
939 1051 1104 1090 inverso
1130 1050 1275 1089 ordine
1303 1051 1352 1089 F.
1378 1050 1431 1089 H.
1454 1049 1508 1088 N.
1534 1070 1593 1079 —

147 1119 437 1175 πεπυρωμένος
464 1134 541 1174 pro
572 1116 904 1173 ἔκπεπυρωμένος
934 1119 986 1158 A.
1010 1120 1082 1158 Er.
1149 1117 1230 1157 Pro
1257 1113 1439 1170 ἀστέρων
1467 1118 1514 1156 Ε.
1539 1117 1591 1156 Α.

146 1191 219 1229 Er.
242 1191 284 1229 S.
316 1186 490 1242 ἄστρων.
538 1189 660 1228 Male.
718 1187 926 1226 Differunt
963 1187 1070 1224 enim
1101 1181 1231 1239 ἀστήρ
1262 1191 1304 1224 et
1332 1180 1507 1238 ἄστρον,
1546 1190 1594 1223 ut

146 1258 216 1296 ille
243 1258 295 1295 sit
323 1257 504 1306 stella,
532 1255 611 1294 hoc
639 1254 796 1294 sidus.
826 1254 1148 1294 vid.Macrob.
1171 1255 1311 1293 Somn.
1333 1253 1445 1304 Scip.
1466 1254 1499 1303 1,
1523 1255 1592 1292 19.

148 1327 214 1364 De
242 1325 313 1363 illo
350 1324 606 1373 discrimine,
644 1322 754 1374 quod
790 1322 1036 1374 grammatici
1072 1322 1197 1374 magis
1235 1321 1452 1360 tuebantur
1493 1319 1592 1374 (cfr.

148 1392 487 1434 Friedemann
514 1392 568 1430 ad
596 1391 830 1430 strabon.
860 1392 950 1431 VH.
975 1404 1017 1442 p.
1036 1393 1132 1429 211.
1163 1389 1227 1429 ed.
1248 1389 1592 1443 Siebenkees),

149 1474 269 1512 quam
298 1461 516 1512 scriptores
537 1459 757 1498 observare
773 1458 968 1505 solebant,
997 1458 1095 1498 vide
1112 1458 1335 1498 Balfour
1363 1456 1415 1495 ad
1445 1458 1498 1497 Cl
1513 1471 1594 1496 eo-

148 1528 274 1566 med.
315 1541 354 1580 p.
387 1531 484 1567 300.
527 1527 591 1566 ed.
624 1541 721 1567 nov.
760 1533 802 1565 ct
836 1526 972 1566 Bake
1010 1526 1062 1565 ad
1098 1525 1341 1564 Posidon.
1382 1538 1422 1576 p.
1454 1524 1507 1563 64
1536 1538 1594 1578 sq.

149 1595 401 1634 Schaefer
429 1595 481 1633 ad
505 1593 775 1634 Plutarch.
807 1595 927 1633 Tom.
956 1595 1012 1634 V.
1045 1607 1087 1645 p.
1117 1596 1214 1632 112.
1245 1591 1298 1631 ad
1328 1591 1467 1631 Sclzol.
1488 1590 1592 1633 Par.

148 1664 397 1715 Apollon.
422 1650 582 1701 Rh'od.
613 1664 664 1710 Π,
684 1663 781 1701 517.
813 1662 929 1700 Tom.
950 1663 1000 1701 Π.
1029 1674 1069 1712 p.
1090 1663 1186 1700 172.
1214 1683 1273 1690 —-
1319 1661 1368 1699 In
1389 1660 1596 1713 seq‘uenti-

148 1730 225 1769 bus
244 1730 408 1781 insignis
430 1736 491 1768 est
515 1729 698 1769 lectionis
719 1730 912 1769 varietas:
951 1727 1084 1768 καίτοι
1113 1723 1166 1767 τὰ
1191 1728 1350 1779 μᾶλλον
1381 1726 1596 1782 κινούμενα

150 1796 218 1837 καὶ
239 1798 397 1849 μᾶλλον
425 1794 669 1851 ἐκπυροῦται
697 1798 742 1836 Ε.
769 1794 889 1849 quem
915 1803 1072 1836 secutus
1097 1802 1158 1835 est
1183 1796 1312 1836 Bekk.
1345 1798 1504 1849 μᾶλλον
1533 1813 1595 1838 κι-

149 1861 268 1916 νοὺμ.
296 1864 364 1905 καὶ
391 1866 550 1905 θᾶττον
577 1862 717 1919 ἔκπυρ.
753 1866 803 1904 F.
835 1866 890 1904 Η.
918 1865 971 1904 N.
1031 1862 1098 1904 καὶ
1136 1864 1296 1903 θᾶττον
1332 1864 1399 1904 καὶ
1435 1867 1594 1917 μᾶλλον

149 1931 395 1986 ἐκπυροῦται
430 1934 484 1972 Α.
516 1934 589 1972 Er.
636 1931 702 1972 καὶ
731 1932 889 1983 μᾶλλον
917 1929 1162 1986 ἐκπυροῦται
1197 1929 1265 1970 καὶ
1293 1932 1453 1973 θᾶττον
1482 1935 1594 1974 Cam.

149 1997 363 2052 κινούμενα
393 1999 459 2040 καὶ
488 2001 649 2040 θᾶττον
678 1997 922 2054 ἐκπυροῦται
951 2001 1124 2040 θᾶττον.
1155 2001 1196 2039 8.
1214 2006 1254 2038 et
1272 2000 1328 2039 ita
1350 2004 1442 2054 Bag.
1473 2011 1513 2040 et
1532 2005 1595 2042 ci-

149 2071 236 2107 tius
261 2070 488 2121 igniantur
511 2070 652 2107 citius.
700 2064 755 2108 τὰ
781 2068 941 2119 μᾶλλον
968 2064 1185 2120 κινούμενα
1213 2067 1281 2107 καὶ
1310 2070 1470 2110 θᾶττον
1501 2070 1595 2123 [καὶ

118 2159 123 2166 1
148 2137 320 2188 μᾶλλον]
352 2133 596 2190 ἐκπυροῦται
625 2134 719 2186 [καὶ]
750 2136 923 2176 θᾶττον.
965 2135 1011 2175 P.
1037 2138 1127 2177 Cas.
1186 2137 1273 2178 Vix
1298 2137 1462 2188 dubito,
1495 2140 1595 2191 quin

148 2217 280 2243 unum
305 2204 465 2243 θᾶττον
494 2203 543 2241 ab
571 2204 794 2244 Aristot.
824 2218 948 2244 manu
966 2206 1198 2257 profectum
1219 2204 1268 2243 fit
1295 2211 1336 2243 et
1356 2206 1498 2258 scripsi
1525 2206 1594 2245 id·-

153 2272 283 2310 circo:
313 2268 444 2309 καίτοι
469 2267 522 2308 τὰ
544 2271 703 2321 μᾶλλον
731 2269 948 2323 κινούμενα
980 2271 1048 2312 καὶ
1075 2269 1521 2325 θᾶττον’ἒκπυροῦται,
1548 2280 1595 2313 ut

151 2345 212 2377 est
231 2338 275 2376 in
294 2337 411 2375 codd.
424 2337 602 2376 Bekkeri
618 2344 781 2390 praeter
800 2341 1134 2380 Laurentianum.
1166 2337 1361 2379 Aldinam
1377 2341 1594 2382 lectionem

152 2404 437 2445 commendare
459 2404 624 2443 videtur
643 2407 680 2444 T
691 2405 720 2443 h
732 2419 787 2444 eo
799 2406 954 2458 phras
966 2414 983 2446 t
994 2422 1047 2446 ea
1064 2407 1257 2459 loquendi
1273 2408 1402 2447 ratio:
1432 2407 1499 2448 καὶ
1516 2424 1596 2450 πυ-

153 2471 307 2526 ρωθεὶς
336 2468 393 2510 ἔτι
421 2471 619 2522 μᾶλλον
648 2471 730 2511 καὶ
758 2474 968 2513 θᾶττον.
1000 2474 1162 2526 deigne
1180 2475 1449 2527 §.11.p.7o9.
1482 2472 1596 2518 ὄῖίν-

150 2540 265 2595 θραξ
281 2535 522 2594 φυσώμενος
541 2539 740 2590 μᾶλλον
769 2539 851 2579 καὶ
873 2542 1072 2582 θᾶττον
1092 2532 1289 2583 ἐκκάεται.
1308 2545 1418 2594 §.29.
1442 2558 1480 2597 p.
1497 2549 1594 2587 715.

152 2607 275 2649 Adde
303 2608 336 2659 §.
358 2611 423 2647 32.
452 2621 494 2659 p.
516 2610 612 2646 716.
655 2631 707 2637 —
767 2608 982 2648 Praeterea
1012 2608 1144 2650 καίτοι
1181 2612 1332 2651 omittit
1366 2613 1514 2652 Alex.
1554 2620 1597 2654 et

151 2677 307 2728 integra
327 2675 454 2716 verba
470 2673 600 2714 καίτοι
623 2701 728 2714 .....
750 2672 1008 2729 ἐκπυροῦται,
1029 2691 1131 2729 quae
1150 2680 1358 2731 praeteriit
1377 2681 1595 2734 Olymp„

155 2744 360 2784 damnavit
382 2745 431 2783 G.
449 2743 557 2794 quod
578 2757 672 2781 sane
692 2743 941 2784 facillimum.
999 2746 1083 2785 Pro
1106 2742 1232 2800 ὅσπερ
1251 2747 1295 2787 Ρ.
1316 2746 1439 2787 habet
1458 2745 1594 2803 ὥσπερ

155 2817 197 2850 et
220 2810 335 2852 δοκεῖ
358 2825 435 2851 om.
459 2825 520 2863 pr.
545 2824 649 2850 man.
669 2812 724 2851 N.
751 2834 809 2842 —
835 2808 982 2864 ἣλιος
1120 2813 1360 2869 φαίνεται
1388 2813 1593 2868 λευκός,

156 2874 266 2917 ἀλλ’
299 2875 355 2919 οὗ
384 2875 633 2933 πυρώδης
661 2875 738 2920 ὤν.
784 2881 916 2922 -Initio
936 2882 1062 2922 libelli
1091 2883 1140 2922 de
1159 2882 1367 2924 coloribus
1394 2898 1436 2937 p.
1459 2889 1554 2934 791,
1571 2899 1595 2924 a
