1774 3198
310 375 403 418 452
523 379 968 419 COMMENTARIUS
997 379 1057 418 IN
1083 379 1485 420 METEOROLOG.

311 490 398 532 τινὰ
426 491 506 530 τῶν
532 485 700 538 βιβλίων
730 485 858 533 οὕτως
881 485 971 538 ἔχει,
999 485 1114 540 ἕτερα
1142 485 1326 540 ἰδιώσης·
1356 486 1440 528 ἀλλ’
1460 487 1493 528 εἰ
1512 488 1584 540 μὲν
1605 488 1715 529 ἰδιώ-

311 571 384 608 σης
412 554 497 594 ἀντὶ
530 555 601 593 τοῦ
630 550 816 605 ἱδρώσης,
847 550 902 600 ὥς
918 566 1016 607 φησι
1046 552 1110 592 καὶ
1129 549 1332 606 (Όμηρος
1363 552 1464 594 ἴδιον
1486 549 1541 600 ὡς
1558 553 1714 606 ἐνόησα,

311 619 549 672 ὃεδάκρυντο
579 617 626 658 δέ
647 634 716 669 μοι
745 616 850 659 ὄσσε.
893 616 1046 673 τὨσπερ
1072 616 1148 672 γὰρ
1178 619 1240 658 ἐπὶ
1269 623 1341 660 τοῦ
1363 616 1557 673 ἡμετέρου
1582 618 1716 671 σώμα-

310 702 379 734 τος
408 683 558 732 διεξιών
587 681 608 724 ὃ
641 682 766 735 ἀτμὸς
795 682 918 738 ἱδρὼς
943 684 1112 738 γίνεται,
1143 682 1273 732 οὕτως
1301 684 1375 737 ἔχει
1404 684 1498 725 κάπὶ
1526 688 1598 737 τῆς
1625 687 1715 738 γῆς·

311 752 345 792 εἴ
361 751 405 791 δὲ
423 750 503 802 ἔχει.
519 749 730 803 πηδώσης,
761 749 848 791 ἀντὶ
876 754 949 791 τοῦ
977 749 1156 804 ὀργώσης
1182 752 1353 799 πίδακας
1371 749 1588 803 ἐκβάλλειν.
1618 751 1659 790 τί
1676 749 1721 790 δέ

312 818 393 858 ἔστι
422 818 614 869 πι’δακας;
643 818 706 857 καὶ
727 814 747 857 ὃ
769 815 937 870 ποιητής
964 816 1062 870 λέγει
1088 818 1371 865 πολυπίδακας.
1429 821 1542 869 Quae
1565 818 1719 869 egregie

312 891 497 936 corrupta
517 899 610 934 esse,
637 899 754 923 nemo
768 892 824 923 est
841 886 936 936 quin
957 885 1109 923 videat:
1138 892 1178 923 at
1196 887 1372 937 quamvis
1391 887 1433 923 in
1453 885 1606 923 medela
1624 898 1720 923 ver——

312 952 371 990 bis
389 950 602 989 adferenda
620 951 786 989 multum
810 952 1084 991 desudaverim
1098 982 1108 1002 ,
1138 952 1238 990 nihil
1258 966 1308 990 ex
1327 953 1373 990 iis
1394 951 1582 1001 effingere
1601 950 1720 996 valui,

313 1017 418 1069 quod
438 1031 518 1055 non
536 1018 583 1055 ab
609 1018 715 1055 omni
739 1018 1024 1057 verisimilitate
1050 1032 1211 1070 prorsus
1240 1018 1483 1056 abhorreret.
1539 1018 1639 1054 Puto
1658 1021 1719 1053 ta-

313 1098 404 1122 men
428 1083 523 1122 duas
543 1084 688 1134 Olym
702 1084 818 1134 piod
831 1086 905 1123 ori
934 1085 1293 1123 animadversiones
1320 1086 1361 1122 iu
1383 1097 1500 1121 unam
1522 1096 1604 1120 esse
1624 1095 1722 1119 con-

313 1150 443 1188 flatas:
473 1150 636 1187 alteram
658 1163 733 1200 pro
754 1147 945 1201 πηδώσης
975 1152 1015 1188 in
1037 1152 1121 1189 aliis
1140 1151 1251 1189 libris
1269 1157 1471 1202 repertum
1493 1162 1574 1186 esse
1595 1143 1719 1186 πιὸιῦ-

313 1227 408 1267 σης,
436 1216 600 1253 alteram
619 1222 699 1254 tam
718 1212 926 1266 ἶὸρούσης,
955 1229 1072 1267 quam
1095 1212 1274 1267 ι’ὄιούσης
1306 1218 1426 1254 fuisse
1446 1218 1604 1254 lectum.
1642 1213 1721 1251 Sed

313 1281 413 1320 nihil
431 1282 528 1319 certi
548 1295 592 1319 ea
611 1281 660 1318 de
678 1295 724 1319 re
743 1280 838 1319 mihi
856 1288 1016 1331 constat,
1037 1282 1112 1320 nisi
1134 1295 1256 1319 unum
1276 1282 1387 1329 illud,
1416 1283 1493 1319 iam
1517 1287 1603 1318 tum
1620 1286 1721 1317 tem-

315 1348 423 1398 poris
441 1347 616 1385 lectionis
635 1347 865 1385 varietatem
889 1348 1008 1386 fuisse
1034 1348 1267 1398 ambiguam.
1306 1346 1597 1386 Alexander
1624 1345 1721 1395 legit

316 1409 520 1465 ἶδρούσης,
551 1426 640 1451 cum
659 1413 761 1452 dicat
787 1414 857 1452 fol.
877 1415 1003 1462 87,b:
1034 1411 1246 1466 συνάγουσι
1268 1409 1314 1451 τὸ
1332 1411 1374 1452 ἐκ
1402 1408 1552 1454 ’τούτου4
1575 1410 1721 1449 διαλει-

314 1475 485 1528 βόμενον
502 1475 628 1531 ὕδωρ,
660 1474 791 1531 ὥσπερ
812 1475 963 1532 ἶδρῶτά
993 1493 1081 1518 τινα
1110 1481 1183 1530 τῆς
1210 1480 1281 1531 γῆς
1309 1475 1387 1517 ἀπὸ
1414 1479 1495 1518 τῶν
1519 1472 1720 1528 ὑψηλοτέ-

317 1559 398 1597 ρων
425 1541 632 1596 γενόμενον
661 1543 716 1589 εἷς
738 1541 790 1582 ἕν.

428 1615 488 1649 11.
516 1608 559 1649 δὲ
576 1617 664 1662 post
684 1609 804 1661 δηλοῖ
817 1610 1078 1650 omittendum
1097 1611 1248 1650 censuit
1276 1610 1621 1649 Schneiderus
1649 1609 1676 1647 l.
1691 1609 1718 1646 l.

319 1699 367 1705 —-
397 1677 464 1716 Ad
495 1674 729 1728 συνάγουσιν
758 1678 940 1728 suppleas
972 1674 1019 1716 τὸ
1047 1674 1181 1730 ὕδωρ,
1225 1676 1332 1728 quod
1358 1675 1643 1715 desumendum
1671 1687 1722 1713 ex

315 1744 508 1783 vocabulo
535 1739 798 1796 ὖδραγωγιάς.
830 1767 880 1772 -—
911 1745 990 1782 Pro
1013 1740 1192 1795 ἰδιούσης
1215 1742 1320 1794 quod
1339 1743 1482 1794 probat
1502 1742 1723 1780 Alexan-

317 1810 405 1848 der
433 1811 501 1848 fol.
521 1813 586 1858 88,
607 1823 640 1846 a.
671 1809 859 1847 exhibent
878 1807 1069 1862 ἱδρούσης
1086 1812 1130 1849 F.
1143 1811 1198 1851 Η.
1210 1808 1256 1847 A.
1274 1810 1380 1848 Cam.
1400 1811 1443 1847 P.
1462 1810 1502 1846 S.
1520 1809 1604 1847 Cas.
1624 1819 1722 1858 pro-

316 1876 432 1914 bante
460 1874 784 1913 Schneidero
812 1877 955 1926 Eclog.
975 1876 1094 1926 phys.
1128 1877 1213 1924 XI,
1244 1878 1281 1915 5.
1309 1888 1349 1925 p.
1381 1878 1472 1913 180.
1502 1895 1553 1900 —
1597 1869 1722 1925 ὀρέων

315 1955 390 1993 pro
410 1938 514 1993 ὀρῶν
527 1943 574 1979 F.
588 1941 639 1978 H.
652 1962 703 1969 —
721 1941 820 1978 Cum
842 1946 922 1978 tota
939 1941 960 1988 §
985 1942 1058 1979 cfr.
1076 1941 1124 1978 de
1138 1949 1251 1991 part.
1268 1941 1391 1978 anim.
1403 1942 1519 1987 IH,5.
1534 1941 1676 1990 f.668,
1687 1951 1722 1976 a.

372 2053 378 2059 .
426 2011 488 2045 12.
519 2002 661 2058 μικρός
685 2019 762 2057 pro
790 2003 939 2052 πυκνός
965 2006 1135 2045 exhibet·
1152 2007 1204 2045 N.
1234 2003 1382 2051 πυκνός
1402 2006 1548 2043 omittit
1569 2005 1618 2042 A.
1648 2016 1720 2040 ne·-

318 2088 393 2125 que
411 2074 533 2112 vertit
550 2075 640 2122 Bag.
668 2093 718 2098 ——
749 2070 1043 2126 ἒπικεκραμένοι
1072 2073 1215 2123 absque
1244 2086 1361 2110 sensu
1387 2073 1432 2110 E.
1452 2072 1504 2111 A.
1524 2071 1633 2109 Cam.
1661 2082 1721 2121 γρ.

317 2142 402 2179 Cas.
426 2162 474 2168 -—
509 2137 732 2190 διαπηὸὥσι
760 2140 812 2177 Ν.
837 2141 881 2176 A.
901 2140 1010 2177 Cam.
1029 2140 1074 2178 P.
1095 2141 1165 2178 Er.

429 2210 489 2244 13.
518 2201 594 2257 γάρ
616 2205 802 2243 omittunt
817 2206 867 2242 H.
886 2206 936 2243 N.
954 2227 1014 2235 -—-
1036 2202 1153 2257 πρινή
1175 2205 1227 2243 Ν.
1249 2226 1301 2233 -—
1336 2204 1389 2241 Ut
1406 2198 1541 2253 κοιλῆν
1562 2201 1721 2253 opposi—

315 2280 399 2312 tum
419 2278 476 2310 est
493 2272 685 2310 vocabulo
702 2268 863 2324 κυρτήν,
882 2272 935 2309 ita
950 2266 1093 2310 ὑπτίαν
1113 2271 1306 2311 vocabulo
1325 2270 1470 2322 πρηνῆ.
1497 2267 1720 2307 Posteriora

317 2339 508 2377 vocabula
530 2337 579 2375 de
599 2351 737 2375 manus
767 2344 933 2388 utraque
959 2338 1167 2389 superficie
1197 2337 1379 2388 usurpari
1406 2337 1543 2374 solent.
1598 2331 1719 2371 Paulo

318 2406 432 2443 aliter
451 2410 509 2441 est
525 2403 630 2454 apud
652 2403 1063 2454 Theophrastum
1096 2406 1204 2442 Hist.
1224 2404 1359 2453 plant.
1381 2404 1433 2450 11,
1455 2405 1494 2450 6,
1518 2404 1552 2437 1.
1583 2412 1622 2449 p.
1643 2399 1718 2435 56:

315 2467 388 2521 τὴν
412 2467 491 2522 γὰρ
521 2466 684 2522 ἔκφυσιν
712 2465 791 2508 οὔτ’
825 2468 867 2508 ἐκ
896 2471 975 2509 τῶν
1002 2466 1152 2509 ὑπτίων
1180 2468 1244 2508 καὶ
1270 2469 1414 2508 κοιλῶν
1436 2469 1614 2508 ποιεῖται,
1647 2476 1719 2500 κα-

315 2533 449 2588 θάπερ
478 2533 580 2581 τινές
607 2550 742 2589 φασιν,
773 2533 861 2574 ἀλλ’
883 2534 925 2575 ἐκ
947 2538 1026 2575 τῶν
1047 2533 1142 2575 ἄνω.
1173 2533 1471 2574 Alexander
1500 2531 1568 2568 fol.
1588 2532 1652 2574 88,
1674 2542 1717 2566 a:

315 2600 432 2642 οὐδὲν
459 2600 535 2655 γὰρ
566 2600 742 2654 διαφέρει
770 2599 795 2653 ἢ
824 2599 961 2653 κοιλὴν
989 2601 1054 2641 καὶ
1082 2597 1226 2640 ὑπτίαν
1253 2602 1376 2639 ποιεῖν
1398 2594 1469 2647 τὴν
1487 2597 1570 2646 γῆν,
1603 2594 1717 2644 ὁέχο-

313 2666 436 2719 μένην
462 2666 508 2708 τὸ
537 2666 696 2708 ἄνωθεν
723 2665 857 2708 κατιόν
884 2665 996 2722 ὕδωρ
1024 2666 1090 2707 καὶ
1115 2664 1415 2720 φυλάττουσαν,
1444 2658 1469 2713 ’ἢ
1495 2663 1624 2714 πρηνῆ
1653 2659 1718 2700 καὶ

314 2731 461 2786 κυρτὴν
489 2731 658 2784 ἔχουσαν
685 2733 757 2785 τὴν
785 2733 1056 2787 περιφερειάν,
1103 2729 1157 2779 ὡς
1189 2726 1376 2782 σπογγιὰν
1413 2726 1635 2779 δυναμένην
1663 2726 1719 2772 εἷς

315 2794 436 2848 αὑτὴν
464 2797 508 2838 τὸ
537 2797 648 2850 ὕδωρ
679 2799 878 2849 δέχεσθαι,
909 2795 963 2844 ὡς
988 2796 1044 2848 μὴ
1072 2801 1279 2849 περιρρεῖν.
1337 2797 1474 2844 Longe
1493 2795 1607 2833 aliam
1627 2807 1717 2832 sen-
