1774 3198
434 383 655 423 LIBRUM
684 380 925 422 PRIMUM.
981 380 1101 420 CAP.
1113 380 1232 421 XIV.
1472 369 1567 414 491

131 499 359 554 perfectum
375 498 580 550 abreptus.
638 496 726 537 Cfr.
753 496 880 536 Plin.
909 496 1025 534 Hist.
1045 501 1134 532 nat.
1152 494 1228 543 IV,
1249 493 1275 532 5
1304 499 1356 543 et,
1385 494 1454 546 qui
1471 506 1570 532 ean-

133 568 226 607 dem
255 582 344 607 rem
372 567 537 606 nomine
563 579 647 604 non
670 565 876 604 nominato
894 569 1056 612 tractat,
1084 562 1335 613 aliorumque
1354 561 1440 601 eius
1457 562 1569 600 modi

132 637 381 675 moliminum
413 635 657 675 mentionem
682 635 798 681 facit,
827 631 1134 672 Pausaniam
1162 631 1226 686 Ii,
1249 633 1288 681 1,
1312 632 1349 670 5.
1378 650 1429 657 -
1486 630 1570 669 Pro

132 700 286 756 ταύτην
317 704 494 744 scribere
522 703 654 742 voluit
682 703 812 742 ταῦτα
838 715 892 741 sc.
920 697 973 740 τὰ
992 697 1082 754 περὶ
1097 695 1171 750 τὴν
1195 694 1381 750 ἐρυθρὰν
1407 693 1571 738 θάλασ-

133 786 209 811 σαν
234 772 590 823 Koenigmann
625 770 774 823 Geogr.
791 769 1011 809 Aristotel.
1039 781 1079 820 p.
1106 769 1198 806 105.
1226 780 1270 808 n.
1291 770 1387 805 261.
1448 767 1572 818 Quod

131 840 298 878 minime
315 839 593 878 necessarium.
651 838 717 878 Ad
736 833 888 889 ταύτην
910 835 1177 889 supplendum
1197 841 1257 874 est
1271 828 1424 888 χώραν.
1437 855 1491 863 --
1510 848 1573 882 τις

131 908 213 946 τῶν
241 904 444 957 βασιλέων
473 906 529 945 Ν.
565 930 616 936 -
647 899 766 952 πᾶςὸ
787 900 912 951 τόπος
940 906 987 944 F.
1007 905 1062 944 N.
1089 924 1146 932 —
1182 898 1415 955 γιγνόμενος
1441 904 1496 942 H.
1518 906 1568 943 A.

133 975 246 1014 cam.
267 973 313 1014 P.
337 975 379 1014 S.
400 997 455 1006 -
485 972 696 1028 ἐγχειρίσαι
716 975 771 1014 Ν.
802 972 1026 1027 ἐγχειρῆσαι
1057 971 1170 1011 Cam.
1187 961 1268 1026 ἶρ-
1294 971 1385 1011 Cas.
1417 993 1474 1000 ——-
1498 973 1574 1024 τῆς

129 1045 202 1096 γῆς
222 1044 372 1082 omittit
388 1045 515 1083 E.·—-
542 1039 655 1089 ὅπως
676 1041 894 1096 διαφθαρῇ
914 1041 1060 1080 omisso
1080 1037 1137 1092 μή
1157 1041 1206 1080 Ε.
1232 1060 1288 1069 ·—-
1317 1040 1466 1094 φθαρῆ
1494 1054 1573 1093 pro

132 1109 351 1165 διαφθαρῇ
371 1113 415 1150 F.
437 1133 494 1140 -—
521 1107 742 1162 θαλάσσης
762 1111 816 1150 Ν.

245 1181 311 1219 28.
339 1176 468 1231 ταύτῃ
489 1193 565 1232 pro
586 1180 717 1218 ταῦτα
734 1179 842 1217 ΡΗ
853 1178 909 1218 Ν.
928 1200 985 1207 -
1009 1174 1086 1227 μιά
1106 1176 1237 1214 ταῦτα
1256 1171 1390 1214 πάντα
1407 1176 1573 1216 inverso

130 1247 275 1309 ogdine
304 1248 355 1287 A.
388 1249 458 1286 Er.
485 1266 543 1276 —-—
583 1244 659 1296 μιά
686 1242 814 1297 ταύτῃ
854 1245 1000 1283 omisso
1029 1239 1164 1283 πάντα
1193 1244 1303 1283 Cam.
1339 1242 1417 1295 μία
1442 1241 1574 1300 ταύτῃ

130 1311 264 1354 πάντα
292 1316 334 1354 Ρ.
359 1316 399 1354 S.
422 1315 510 1354 cas.
537 1335 588 1340 —
617 1315 666 1353 In
684 1313 939 1365 sequentibus
957 1319 1027 1352 aut
1049 1312 1308 1351 scribendum
1329 1326 1421 1351 cum
1441 1315 1479 1353 K
1493 1328 1574 1353 oe-
1649 1344 1660 1350 ..

128 1383 408 1434 nigmanno
450 1383 603 1435 Geogr.
633 1382 853 1421 Aristotel.
894 1395 936 1433 p.
966 1384 1058 1420 106.
1097 1386 1184 1421 not.
1212 1380 1322 1419 204:
1368 1380 1458 1434 περὶ
1501 1383 1576 1433 τῆς

129 1447 300 1502 Λιβύης
326 1446 402 1503 τήν
423 1447 659 1501 Ἀμμωνιάν
683 1446 848 1502 χώραν,
879 1441 948 1487 aixt
975 1449 1084 1501 quod
1108 1448 1263 1487 facilius
1291 1448 1456 1488 videtur
1483 1449 1574 1503 περὶ

127 1515 205 1571 τὴν
239 1515 410 1571 Λιβύην
437 1517 503 1558 καὶ
535 1517 624 1571 περὶ
653 1514 730 1570 τὴν
750 1515 984 1568 Ἀμμωνίαν
1010 1511 1164 1569 χώραν,
1194 1521 1240 1554 ut
1258 1514 1328 1555 καί
1341 1517 1442 1556 illud
1462 1531 1575 1557 mere

128 1587 179 1624 sit
207 1587 523 1638 epexegeticum.
591 1588 656 1625 De
685 1600 733 1625 re
763 1586 838 1624 cfr.
866 1583 1270 1624 Eratosthenem
1303 1590 1343 1622 et
1373 1586 1574 1624 Strato-

129 1667 242 1692 nem
272 1654 380 1706 apud
410 1654 654 1694 Strabon.
677 1656 707 1694 I.
734 1668 774 1706 p.
788 1653 855 1699 84,
874 1653 1024 1704 A'sqq.‚
1041 1652 1239 1704 imprimis
1263 1652 1361 1690 haec
1379 1667 1420 1704 p.
1435 1655 1574 1703 86‚A:

129 1718 237 1773 τάχα
268 1718 318 1773 δὴ
351 1720 418 1762 καὶ
447 1718 495 1761 τὸ
515 1723 589 1761 τοῦ
608 1718 826 1772 Ἄμμωνος
854 1717 962 1773 ἱερὸν
991 1716 1191 1773 πρότερον
1220 1717 1284 1759 ἐπὶ
1311 1722 1384 1771 τῆς
1412 1718 1576 1761 θαλάτ-

130 1803 206 1841 της
225 1785 284 1836 ἰίν,
317 1786 516 1842 ἐκρῦσεως
542 1786 754 1842 γινομένης
781 1790 853 1828 νῖν
881 1786 924 1827 ἐν
951 1789 1002 1842 τῇ
1029 1787 1227 1844 μεσογαίᾳ
1250 1790 1434 1837 κεῖσθαι,
1465 1786 1575 1830 εἰκά-

131 1855 209 1906 ζειν
226 1871 270 1896 τε
297 1856 364 1896 καὶ
393 1854 441 1897 τὸ
469 1861 659 1909 μαντεῖον
688 1853 864 1910 εὐλόγως
891 1855 955 1896 ἐπὶ
983 1858 1182 1897 τοσοῦτον
1208 1854 1398 1910 γενέσθαι
1427 1855 1576 1912 ἐπιφα-

130 1921 197 1970 νές
222 1939 265 1964 τε
294 1923 359 1964 καὶ
387 1921 590 1977 γνώριμον
621 1922 686 1964 ἐπὶ
714 1922 906 1979 θαλάττῃ
935 1922 1005 1965 ὄν·
1051 1921 1126 1964 τόν
1153 1939 1197 1964 τε
1234 1923 1404 1965 ἐπιπολὺ
1445 1923 1576 1974 οὕτως

129 1989 373 2043 ἐκτοπισμὸν
402 1989 481 2032 ἀπὸ
509 1994 584 2044 τῆς
610 1989 826 2044 θαλάττης
854 1990 1125 2046 οὖῃεῦλογον
1154 1997 1282 2033 ποιεῖν
1309 1991 1384 2046 τὴν
1404 1996 1476 2034 νῦν
1504 1988 1576 2035 οὗ-

128 2071 206 2099 σαν
234 2056 469 2114 ἐπιφάνειαν
499 2059 565 2100 καὶ
595 2057 731 2108 δόξαν.
760 2062 966 2100 Posterior
986 2063 1126 2110 refert,
1150 2076 1197 2100 ea
1213 2069 1344 2101 aetate
1359 2077 1471 2102 mare
1487 2065 1576 2116 Ly-

126 2128 217 2166 biae
242 2129 433 2167 deserta
422 2130 625 2178 invasisse,
654 2143 744 2168 cum
768 2130 918 2168 Pontus
940 2131 1155 2169 Euxinus
1145 2145 1187 2169 m
1206 2145 1315 2170 mare
1333 2131 1572 2198 mediterra-

121 2208 255 2233 neum
282 2196 508 2248 irrupisset.
567 2198 744 2236 Multum
770 2211 816 2235 ea
844 2198 895 2235 de
922 2211 969 2236 re
998 2199 1206 2237 tradidere
1232 2196 1254 2205 ’”
1312 2188 1340 2204 ”¹
1362 2207 1364 2209 '
1391 2228 1414 2246 ¹,
1455 2201 1499 2238 in
1525 2214 1575 2238 eo

130 2262 429 2313 dissentientes,
456 2265 564 2316 quod
584 2266 653 2303 alii
677 2266 919 2304 Oceanum·
908 2279 952 2304 111
978 2280 1089 2304 mare
1116 2245 1498 2320 medita-niueum,
1503 2269 1580 2327 dii

129 2330 472 2370 mediterraneum
499 2332 544 2370 in
565 2333 809 2370 Oceanum
797 2333 995 2384 irrupisse
1021 2341 1218 2373 censeant.
1275 2337 1371 2374 Sne·
1389 2353 1449 2387 ‘v'
1459 2335 1486 2350 '³

130 2410 223 2437 eum
253 2405 420 2437 tractata
446 2400 500 2438 sit
527 2400 603 2438 ista
630 2400 833 2451 quaestio,
862 2407 1084 2441 retractare
1113 2416 1200 2441 eam
1228 2417 1338 2442 nnnc
1404 2390 1501 2448 ”ζ’“”“”’,”
1575 2395 1606 2448 ’,

129 2467 164 2505 si
191 2467 280 2518 quis
307 2468 426 2519 plura
455 2469 590 2519 legere
617 2468 738 2515 velit,
768 2469 803 2506 is
825 2468 943 2507 adeat
970 2470 1192 2510 Diodor.
1225 2472 1383 2510 Sicul.
1580 2506 1641 2524 ἦ

129 2548 170 2586 p.
199 2537 294 2573 336.
336 2536 396 2585 V,
425 2535 494 2575 47.
534 2550 576 2587 p.
607 2539 704 2575 369.
763 2538 1091 2576 Tournefort
1130 2540 1303 2591 Voyage
1334 2554 1389 2578 uu
1403 2523 1608 2580 Levant-⁵

131 2602 250 2641 Tom.
270 2605 320 2643 H.
349 2617 390 2655 p.
419 2606 511 2642 124.
549 2604 724 2642 Pallas
757 2606 902 2657 Voyag
880 2607 1162 2644 weenRussie
1191 2609 1311 2646 Tom.
1331 2610 1385 2648 V.
1412 2623 1455 2660 p.
1477 2613 1571 2649 195.

132 2667 426 2708 Ghoiseul-
441 2672 514 2710 Go
526 2685 552 2709 u
567 2672 695 2710 ffier
718 2673 893 2724 Voyage
908 2675 1166 2726 putoresque
1187 2689 1237 2713 en
1250 2676 1376 2715 Grac-e
1396 2679 1516 2716 Tom
1524 2681 1576 2719 11.

130 2750 172 2788 p.
189 2740 207 2774 1
218 2740 283 2776 16.
313 2739 446 2777 Mein
459 2753 537 2777 ers
563 2739 698 2777 Ueber
716 2736 783 2777 die
802 2737 849 2776 V
846 2740 1220 2781 erschzedenheaten
1240 2744 1312 2781 der
1322 2745 1576 2784 Menschen-

131 2811 310 2843 παίω-οη
341 2820 378 2858 p.
404 2810 498 2846 118.
558 2805 711 2846 Alex.
746 2807 805 2846 ab
834 2809 1128 2849 Humboldt
1170 2812 1315 2863 Voyae,
1300 2826 1346 2849 σε
1374 2826 1459 2851 aux
1483 2814 1573 2865 re'g.

131 2873 703 2927 equinox.1'om1.p.90
723 2888 784 2927 sq.
841 2876 902 2915 Li
914 2878 977 2916 nk
1023 2879 1180 2916 Uruselt
1213 2880 1303 2917 und
1329 2878 1571 2919 Alterthum.
