1820 3158
340 334 401 377 54
444 339 821 383 -p·3⁵1‚a·ssek¹»-—
871 339 1285 378 LIRI.CAP.X1V.
1345 335 1710 380 —p.337‚A.Cas.—

289 458 310 490 3
341 456 378 490 3.
400 448 517 502 Πλὴν
537 449 693 495 ἐκείνοις
719 446 790 497 μὲν
820 446 866 487 οὐ
895 445 995 486 κατὰ
1023 445 1144 498 μέρος
1171 445 1299 483 ταῦτα
1326 445 1531 495 συμβαίνει
1556 444 1734 497 πάσχειν,

340 514 431 555 ἀλλ’
456 513 540 566 ἅμα
563 516 641 554 πᾶν
665 510 850 563 ἀκμάζειν
877 513 942 553 καὶ
970 511 1128 566 φθίνειν
1156 507 1383 562 ἀναγκαῖον,
1413 514 1463 564 τῇ
1489 510 1532 551 δὲ
1551 515 1599 565 γῇ
1615 515 1734 551 τοῦτο

287 584 311 620 4
338 571 480 635 γίνεται
510 578 609 619 κατὰ
635 578 757 631 μέρος
786 577 852 618 διὰ
878 577 998 630 ψύξιν
1026 577 1090 617 καὶ
1118 573 1365 630 θερμότητα.
1425 579 1464 616 4.
1499 578 1638 617 Ταῦτα
1663 577 1736 628 μὲν

340 640 410 686 οὖν
438 643 595 699 αὔξεται
623 644 687 683 καὶ
717 643 851 697 φθίνει
882 643 948 684 διὰ
976 642 1047 684 τὸν
1073 641 1187 695 ἣλιον
1214 642 1279 682 καὶ
1307 641 1380 695 τὴν
1398 640 1642 696 περιφοράν,
1671 641 1738 681 διὰ

338 710 382 751 δὲ
413 713 538 750 ταῦτα
567 709 629 750 καὶ
657 707 730 762 τὴν
760 708 926 762 δύναμιν
953 708 1005 750 τὰ
1031 707 1132 762 μέρη
1162 711 1234 761 τῆς
1263 711 1336 761 γῆς
1368 705 1560 760 λαμβάνει
1599 708 1739 762 διαφέ-

340 768 514 829 ρουσαν,’
537 773 637 816 ὥστε
656 774 772 829 μέχρι
797 774 904 822 τινὸς
932 774 1076 827 ἔνυδρα
1106 772 1274 813 δύναται
1302 773 1518 826 διαμένειν,
1557 771 1641 814 εἶτα
1670 776 1740 826 ξη-

341 842 511 895 ραίνεται
545 841 611 882 καὶ
638 839 823 894 γηράσκει
851 840 990 881 πάλιν·
1040 838 1166 893 ἕτεροι
1192 838 1239 879 δὲ
1266 837 1382 880 τόποι
1408 838 1646 891 βιώσκονται
1675 842 1739 880 καὶ

288 913 310 948 5
339 906 492 962 ἔνυδροι
518 907 689 961 γίνονται
719 906 820 947 κατὰ
849 906 982 962 μέρος.
1051 912 1089 946 5.
1126 903 1293 958 Ἀνάγκη
1326 905 1369 946 δὲ
1400 909 1480 947 τῶν
1505 906 1580 959 μὲν
1607 903 1740 947 τόπων

334 973 547 1027 γινομένων
573 972 795 1026 ξηροτέρων
823 972 897 1020 τὰς
923 970 1051 1025 πηγὰς
1081 969 1370 1025 ἀφανίζεσθαι,
1400 970 1554 1013 τούτων
1575 972 1620 1013 δὲ
1640 986 1741 1023 συμ-

338 1038 556 1090 βαινόντων
591 1038 686 1086 τοὺς
722 1039 929 1090 ποταμοὺς
967 1041 1126 1092 πρῶτον
1163 1036 1236 1087 μὲν
1275 1037 1317 1078 ἐκ
1344 1038 1526 1091 μεγάλων
1562 1037 1741 1093 μικρούς,

338 1101 422 1144 εἶτα
457 1103 570 1154 τέλος
606 1105 785 1158 γίνεσθαι
822 1103 987 1158 ’ςἠροῦς,
1027 1106 1107 1144 τῶν
1137 1102 1180 1143 δὲ
1209 1107 1401 1155 ποταμῶν
1437 1104 1743 1157 μεθισταμένων

341 1170 404 1210 καὶ
439 1168 553 1210 ἔνθεν
587 1170 661 1222 μὲν
690 1170 987 1225 ἀφανιζομένων
1015 1169 1057 1210 ἓν
1087 1167 1222 1214 ἄλλοις
1250 1167 1292 1208 δ’
1325 1167 1402 1209 ἀνὰ
1437 1168 1554 1223 λόγον
1588 1170 1742 1223 γινομέ-

287 1241 310 1274 6
340 1251 418 1277 νων
445 1235 705 1288 μεταβάλλειν
731 1236 805 1289 τὴν
836 1234 1062 1276 θάλατταν.
1130 1240 1168 1273 6.
1200 1232 1330 1275 (Ὀπου
1357 1234 1431 1286 μὲν
1458 1234 1532 1288 γὰρ
1562 1235 1741 1283 ἐξωθου-

337 1301 434 1354 μένη
463 1299 537 1342 ὕπὸ
568 1305 648 1342 τῶν
675 1306 866 1354 ποταμῶν
895 1299 1123 1350 ἐπλεόναζεν
1152 1299 1346 1348 ἀπιοῦσα,
1389 1300 1513 1354 ξηρὰν
1541 1308 1664 1342 ποιεῖν
1695 1301 1742 1342 ἆ-

337 1373 534 1421 ναγκαῖον,
562 1366 664 1408 ὅπου
693 1369 737 1408 δὲ
763 1374 848 1416 τοῖς
876 1366 1043 1422 ῥεύμασι
1073 1365 1338 1419 πληθύνουσα
1363 1365 1587 1420 ἕξηραίνετο
1616 1384 1742 1422 προσ-

252 1472 256 1476 ,
287 1437 312 1471 7
339 1433 533 1486 χουμὲνη,
559 1432 677 1474 πάλιν
696 1434 875 1474 ἐνταῦθα
893 1432 1102 1486 λιμνάζειν.
1168 1438 1209 1473 7.
1245 1431 1366 1473 Ἀλλὰ
1395 1432 1462 1472 ὁίὰ
1485 1432 1530 1474 τὸ
1562 1435 1742 1487 γίνεσθαι

336 1501 468 1539 πᾶσαν
497 1497 572 1551 τὴν
600 1498 772 1554 φυσικὴν
801 1498 874 1552 τὴν
902 1501 990 1555 περὶ
1018 1503 1091 1553 γῆν
1127 1498 1272 1552 γένεσιν
1311 1499 1353 1538 ἐκ
1382 1503 1642 1553 προσαγωγῆς
1677 1502 1742 1541 καὶ

342 1560 381 1603 ἔν
393 1561 555 1616 χρόνοις
581 1564 809 1618 παμμήκεσι
839 1564 940 1619 πρὸς
960 1563 1032 1618 τὴν
1051 1562 1244 1618 ἡμετέραν
1265 1564 1381 1616 ζωήν,
1409 1565 1599 1606 λανθάνει
1616 1570 1743 1607 ταῦτα

340 1697 378 1733 3.
408 1696 486 1734 Sed
513 1695 590 1735 hoe
620 1698 804 1747 interest,
841 1697 948 1748 quod
973 1698 1051 1735 illis
1079 1711 1160 1735 non
1187 1710 1260 1748 per
1290 1703 1420 1748 partes
1449 1699 1530 1736 eius
1552 1699 1659 1736 modi
1682 1701 1744 1738 af-

340 1762 464 1799 sectus
491 1776 565 1801 usu
593 1764 776 1812 veniunt,
811 1763 880 1801 sed
907 1764 1138 1801 universum
1166 1762 1282 1800 simul
1309 1776 1452 1814 corpus
1478 1769 1518 1802 et
1543 1765 1678 1815 vigere
1704 1773 1743 1804 et

340 1839 540 1866 senescere
567 1842 723 1867 necesse
750 1835 830 1874 est,
868 1835 998 1866 terrae
1025 1834 1157 1866 autem
1178 1829 1228 1865 ob
1248 1829 1420 1866 calorem
1441 1836 1479 1867 et
1498 1831 1642 1881 frigus,
1669 1844 1743 1881 per

340 1898 470 1942 partes
498 1892 575 1931 hoc
604 1896 747 1933 evenit.
805 1897 844 1931 4.
874 1894 933 1932 Ac
953 1893 1020 1931 illa
1049 1893 1210 1944 quidem
1237 1895 1279 1931 vi
1305 1895 1397 1933 solis
1420 1904 1460 1932 et
1475 1897 1742 1934 conversionis

340 1965 549 2009 augescunt
574 1966 613 1997 et
634 1961 940 2006 imminuuntur,
969 1971 1021 1995 ex
1039 1958 1181 2008 quibus
1209 1961 1325 1997 etiam
1352 1966 1482 1998 terrae
1509 1968 1637 2012 partes
1658 1963 1741 2000 vim

341 2023 585 2063 differentem
601 2026 809 2076 accipiunt.
869 2027 1003 2074 Quare
1021 2023 1071 2061 ad
1089 2025 1245 2075 aliquod
1264 2039 1388 2076 usque
1406 2032 1561 2077 tempus
1580 2026 1742 2066 humida

338 2097 502 2140 possunt
529 2105 784 2142 permanere,
831 2090 974 2128 deinde
1009 2090 1255 2129 exsiccantur
1285 2097 1325 2129 et
1353 2104 1490 2130 rursus
1523 2100 1741 2133 senescunt.

340 2156 430 2194 Alia
454 2162 584 2195 autem
611 2158 693 2195 loca
716 2157 982 2204 reviviscunt,
1011 2162 1051 2194 et
1066 2169 1138 2207 per
1162 2162 1292 2208 partes
1319 2157 1480 2195 humida
1504 2158 1742 2198 redduntur.

320 2209 324 2212 .
344 2225 378 2260 5.
408 2223 507 2260 Cum
528 2229 658 2261 autem
677 2224 764 2262 loca
782 2223 943 2262 sicciora
964 2222 1160 2271 evadunt,
1186 2224 1315 2262 fontes
1337 2231 1568 2263 evanescant
1585 2239 1743 2264 necesse

341 2293 418 2325 est:
448 2288 566 2340 idque
585 2302 673 2326 cum
691 2289 892 2336 evenerit,
920 2289 1082 2327 flumina
1102 2283 1152 2326 ei
1170 2289 1391 2340 ingentibus
1410 2291 1583 2341 primum
1603 2293 1742 2343 exigua

339 2353 447 2402 fieri,
476 2360 560 2392 tum
579 2354 629 2392 ad
650 2361 873 2393 extremum
899 2355 1130 2394 siccescere:
1169 2355 1396 2394 fluminibus
1422 2369 1520 2394 vero
1541 2358 1628 2395 loco
1652 2372 1740 2396 mu-

338 2419 438 2467 tatis,
467 2425 506 2457 et
525 2419 588 2458 hic
608 2420 765 2470 quidem
787 2421 1008 2470 exsiccatis,
1036 2422 1127 2459 alibi
1145 2422 1298 2460 ratione
1316 2423 1434 2460 simili
1455 2423 1605 2472 genitis,
1633 2437 1742 2461 mare

339 2485 490 2525 nuztari.
548 2488 583 2522 6.
615 2487 716 2524 Eum
742 2485 846 2525 eniin
873 2489 1027 2536 locum,
1062 2489 1103 2525 in
1123 2501 1201 2539 quo
1221 2488 1427 2526 fluminum
1447 2488 1620 2538 impulsu
1644 2489 1740 2527 red-

337 2548 528 2595 undabat,
560 2564 646 2588 cum
666 2553 836 2601 recedit,
865 2554 1008 2592 siccum
1029 2554 1225 2604 relinquat
1251 2567 1406 2591 necesse
1433 2559 1510 2590 est:
1549 2554 1616 2591 ubi
1637 2567 1737 2593 vero

338 2613 574 2653 fluxionibus
597 2617 796 2656 abundans
818 2626 923 2658 terra
947 2620 1177 2671 adaggerata
1204 2619 1436 2656 exsiccatum
1461 2626 1538 2663 est,
1568 2619 1621 2657 ibi
1645 2634 1739 2659 rur-

338 2691 402 2716 sus
422 2686 606 2729 stagnarc.
663 2687 698 2722 7.
728 2685 807 2722 Sed
826 2686 1009 2735 quoniam
1029 2686 1179 2734 onmis,
1209 2698 1307 2735 quae
1328 2684 1378 2722 ad
1397 2691 1542 2722 terram
1566 2686 1739 2735 pertinet

341 2747 563 2793 generatio,
605 2748 744 2786 sensim
776 2756 814 2787 ct
841 2751 1061 2801 longissima
1089 2751 1140 2789 ad
1159 2756 1334 2789 nostram
1362 2750 1485 2789 vitam
1514 2756 1736 2802 temporum
