1820 3158
314 343 374 384 84
419 322 796 392 —p.359,a.13ekk.--
848 349 1015 387 LIB.11.
1045 349 1240 388 cAP.111.
1304 325 1534 392 —p.s43,1]‘.
1559 329 1682 405 cias.-

308 458 379 512 τὴν
410 457 640 506 θάλατταν,
677 453 891 509 περιδήσας
918 454 963 496 τὸ
994 453 1123 507 στόμα
1148 455 1365 506 τοιούτοις,
1397 457 1497 500 ὥστε
1516 476 1572 512 μη
1602 475 1704 514 παρ-

306 528 506 578 εγχεΐσθαι
543 526 615 574 τῆς
649 519 880 573 θαλάττης·
919 520 964 561 τὸ
997 519 1071 574 γὰρ
1102 521 1223 564 εἷσιὸν
1255 522 1321 563 διὰ
1347 527 1427 566 τῶν
1453 526 1598 578 τοίχων
1626 530 1705 567 τῶν

252 596 302 631 36
315 591 483 645 κηρίνων
513 589 657 641 γίνεται
695 585 864 638 πότιμον
898 585 1023 641 ὕδωρ.
1099 593 1164 628 36.
1196 588 1348 645 ἿΩσπερ
1376 590 1451 646 γὰρ
1482 591 1539 632 δι’
1567 591 1705 645 ἠθμοῦ

305 655 350 696 τὸ
380 655 520 709 γεῶδες
548 652 797 707 ἀποκρίνεται
826 654 889 693 καὶ
919 652 964 694 τὸ
994 657 1134 694 ποιοῦν
1164 653 1238 708 τὴν
1267 653 1526 711 ἃλμυρότητα
1552 657 1618 698 διὰ
1634 657 1706 711 τὴν

305 720 500 773 σύμμιξιν.
546 721 663 758 τοῦτο
695 717 770 771 γὰρ
800 718 924 759 αἴτιον
954 720 1019 760 καὶ
1048 724 1119 760 τοῦ
1146 719 1299 775 βάρους
1327 721 1479 776 (πλεῖον
1504 723 1580 778 γὰρ
1607 722 1706 764 ἕλκει

250 786 355 828 37τὸ
376 783 569 839 ἁλμυρόν,
599 782 691 836 ἢτὸ
713 784 898 838 πότιμον)
928 786 992 825 καὶ
1019 789 1091 826 τοῦ
1122 785 1286 838 πάχους.
1346 795 1411 830 37.
1441 791 1523 830 Καὶ
1551 789 1627 845 γὰρ
1658 789 1704 830 τὸ

302 851 429 904 πάχος
466 849 642 905 διαφέρει
680 854 872 892 τοσοῦτον
910 850 1008 892 ὥστε
1044 851 1094 892 τὰ
1120 855 1239 893 πλοΐα
1268 852 1344 894 ἀπὸ
1374 859 1445 895 τοῦ
1475 854 1597 896 αὐτοῦ
1626 859 1706 896 τῶν

302 918 510 973 ἀγωγίμων
537 914 691 970 βάρους
719 915 758 957 ἐν
784 917 870 969 μὲν,
887 923 971 965 τοΐς
998 923 1192 971 ποταμοῖς
1220 917 1354 973 ὀλίγου
1384 912 1632 972 καταδύνειν,
1665 921 1705 962 ἓν

304 985 348 1025 δὲ
375 987 424 1038 τῇ
452 981 637 1036 θαλάττῃ
664 983 834 1037 μετρίως
861 982 958 1035 ἔχειν
987 984 1051 1024 καὶ
1070 987 1332 1035 πλευστικῶς,
1363 985 1498 1042 διόπερ
1516 986 1607 1028 ἔνιοι
1627 990 1705 1027 τῶν

301 1051 342 1091 ἐν
369 1056 453 1097 τοῖς
480 1054 675 1101 ποταμοῖς
707 1048 941 1101 γεμιζόντων
980 1049 1046 1089 διὰ
1083 1049 1233 1104 ταύτην
1269 1051 1343 1106 τὴν
1379 1054 1509 1094 αἰτίαν
1540 1051 1707 1106 ἐζημιώ-

248 1123 298 1158 38
314 1120 461 1170 θησαν.
522 1120 586 1155 38.
630 1113 854 1169 Τεκμήριον
883 1115 927 1155 δὲ
956 1119 1028 1155 τοῦ
1060 1117 1299 1169 μιγνυμένου
1337 1119 1445 1167 τινὸς
1483 1119 1705 1173 παχύτερον

301 1181 397 1224 εἶναι
426 1180 496 1223 τὸν
526 1180 655 1235 ὄγκον.
698 1179 768 1220 ἐὰν
795 1179 870 1235 γάρ
900 1196 960 1228 τις
992 1179 1104 1236 ὕδωρ
1141 1180 1321 1238 ἁλμυρὸν
1359 1184 1506 1239 ποιήσῃ
1546 1184 1706 1240 σφόδρα

300 1249 418 1301 μίξας
455 1245 579 1296 ἅλας,
627 1245 852 1287 ἐπιπλέουσι
888 1245 938 1287 τὰ
977 1245 1058 1302 ᾠά,
1106 1246 1179 1289 κᾶν
1206 1244 1232 1304 ᾖ
1258 1249 1412 1304 πλήρη·
1460 1250 1601 1303 σχεδὸν
1628 1251 1704 1305 γὰρ

301 1312 434 1369 ὥσπερ
474 1311 602 1366 πηλὸς
639 1313 796 1366 γίνεται.
855 1315 1048 1354 τοσοῦτον
1091 1312 1166 1366 ἔχει
1210 1318 1450 1368 σωματῶδες
1482 1320 1642 1370 πλῆθος
1679 1314 1704 1370 ἦ

248 1386 298 1422 39
311 1380 510 1421 θάλαττα.
541 1377 663 1419 ταύτὸ
684 1378 727 1418 δὲ
747 1382 864 1419 τοῦτο
887 1379 1011 1433 δρῶσι
1035 1380 1101 1420 καὶ
1118 1382 1206 1436 περὶ
1225 1381 1298 1430 τὰς
1317 1384 1525 1438 ταριχείας.
1571 1390 1635 1426 39.
1655 1385 1706 1424 Εἰ

303 1445 342 1486 δ’
367 1445 486 1495 ἔστιν,
518 1443 648 1499 ὥσπερ
677 1445 957 1499 μυθολογοῦσί
981 1460 1102 1496 τινες,
1130 1446 1171 1487 ἓν
1183 1449 1435 1504 Παλαιστίνῃ
1452 1448 1614 1503 τοιαύτη
1646 1450 1705 1490 λί-

258 1556 266 1568 ,
299 1529 400 1564 μνη,
431 1513 486 1558 εἷς
510 1510 560 1564 ἢν
589 1509 659 1550 ἐάν
686 1525 747 1557 τις
774 1509 954 1565 ἐμβάλλῃ
978 1511 1180 1565 συνδήσας
1209 1512 1427 1569 ἄνθρωπον
1453 1513 1704 1570 ἢῦποζύγιον

256 1571 258 1573 V
302 1578 473 1619 ἐπιπλεῖν
501 1578 565 1618 καὶ
596 1577 641 1619 οὗ
670 1575 944 1619 καταδύεσθαι
972 1576 1072 1618 κατὰ
1097 1582 1168 1620 τοῦ
1197 1578 1366 1630 ὕδατος,
1405 1581 1625 1637 μαρτύριον
1655 1580 1703 1623 ἂν

300 1711 453 1762 efficto,
480 1713 640 1763 eiusque
659 1726 729 1750 ore
750 1712 888 1750 talibus
911 1710 1029 1749 rebus
1056 1712 1237 1751 obturato
1250 1744 1262 1760 ‚
1291 1720 1334 1752 ut
1355 1715 1474 1753 maris
1497 1715 1598 1753 nihil
1615 1715 1704 1752 illa-

298 1778 435 1827 batur,
463 1779 503 1815 in
526 1791 632 1816 mare
659 1777 757 1816 illud
785 1778 982 1828 posuerit,
1009 1777 1050 1814 id
1074 1779 1180 1828 quod
1199 1793 1272 1830 per
1293 1794 1427 1818 cereos
1451 1781 1619 1831 parietes
1639 1781 1703 1818 in-

299 1843 494 1894 greditur,
524 1857 622 1894 aqua
643 1843 766 1881 dulcis
786 1842 985 1880 reddatur.
1044 1847 1108 1880 36.
1141 1845 1261 1892 Quod
1280 1847 1383 1883 enim
1409 1853 1610 1884 terrenum
1631 1852 1702 1892 est,

299 1916 336 1947 et
362 1909 593 1947 salsedinem
624 1922 675 1946 ex
705 1909 946 1951 admixtione
975 1909 1087 1956 facit,
1122 1910 1247 1947 veluti
1270 1912 1439 1949 colatum
1469 1913 1700 1950 secernitur.

297 1977 383 2014 Hoc
402 1989 499 2013 vero
521 1980 560 2012 et
577 1974 765 2024 ponderis
783 1987 894 2011 causa
914 1981 970 2011 est
995 1973 1113 2025 (quae
1130 1976 1234 2013 enim
1254 1978 1352 2015 salsa
1371 1983 1437 2025 est,
1457 1978 1545 2027 plus
1565 1977 1700 2026 trahit,

297 2054 412 2092 quam
441 2054 539 2091 quae
559 2041 763 2091 potabilis)
794 2046 832 2077 et
849 2040 1047 2078 crassitiei.
1106 2044 1170 2079 37.
1201 2043 1257 2080 At
1275 2043 1379 2080 enim
1399 2049 1507 2081 tanto
1536 2044 1702 2082 crassior

299 2113 372 2155 est,
402 2113 445 2144 ut
466 2120 564 2157 quae
591 2107 748 2157 navigia
763 2107 851 2157 pari
868 2120 1004 2144 rerum
1016 2136 1026 2153 ,
1056 2121 1155 2158 quae
1173 2107 1394 2153 vehuntur,
1424 2108 1599 2159 pondere
1617 2110 1701 2147 fere

297 2174 337 2210 in
357 2173 584 2211 fluminibus
605 2173 896 2223 demerguntur,
917 2173 958 2210 in
977 2174 1075 2211 mari
1093 2175 1298 2212 commode¹
1318 2181 1356 2212 et
1375 2175 1424 2211 ad
1438 2175 1701 2225 navigandum

297 2245 387 2289 apte
406 2253 446 2276 se
466 2239 643 2277 habeant.
703 2241 830 2288 Quam
851 2238 899 2276 ob
917 2252 1070 2277 causam
1091 2241 1271 2278 nonnulli
1290 2241 1330 2278 in
1350 2240 1576 2279 fluminibus
1599 2254 1701 2279 onu-

295 2311 351 2341 sta
372 2318 422 2342 ex
438 2304 509 2341 hac
531 2305 775 2354 ignoratione
804 2306 990 2343 damnum
1010 2307 1184 2357 perpessi
1202 2313 1305 2346 sunt.
1366 2310 1430 2345 38.
1459 2308 1607 2346 Molem
1630 2322 1700 2346 au-

294 2376 373 2407 tem
404 2371 462 2408 rei
495 2371 655 2408 alicuius
689 2360 931 2410 admixtione
961 2372 1189 2410 crassiorem
1218 2387 1320 2420 esse,
1360 2373 1436 2411 hoc
1469 2379 1699 2423 argumento

294 2435 539 2485 intelligitur,
569 2436 674 2486 quod
697 2438 729 2474 si
748 2439 834 2488 quis
853 2452 991 2489 aquam
1012 2440 1091 2476 sale
1110 2439 1286 2477 admixto
1309 2439 1424 2477 valde
1445 2439 1582 2476 salsam
1603 2438 1697 2475 effe-

295 2502 413 2547 ecrit,
443 2515 538 2549 ova,
572 2515 790 2553 quanquam
808 2506 945 2555 plena,
973 2507 1291 2556 supernatabunt.
1348 2507 1476 2543 Paene
1496 2505 1623 2551 enim,
1654 2511 1698 2541 ut

293 2566 418 2603 lutum
445 2567 656 2617 reddatur,
691 2576 798 2608 tanta
825 2577 882 2608 est
902 2571 943 2608 in
967 2573 1065 2609 mari
1084 2572 1337 2622 corpulentae
1361 2570 1545 2607 materiae
1569 2571 1694 2620 copia.

293 2632 380 2669 Hoc
405 2631 511 2670 idem
538 2634 687 2671 faciunt
708 2641 746 2672 et
765 2636 805 2672 in
826 2637 1027 2686 salsugine.
1094 2642 1159 2676 39.
1201 2635 1320 2685 Quod
1348 2636 1380 2672 si
1407 2636 1448 2672 in
1470 2636 1696 2684 Palaestina,

294 2703 338 2734 ut
361 2697 519 2747 quidam
538 2699 783 2748 fabulantur,
813 2703 1006 2739 eiusmodi
1026 2709 1084 2740 est
1105 2703 1228 2750 laem,
1256 2702 1299 2738 in
1317 2714 1432 2750 quem
1458 2701 1489 2737 si
1515 2701 1599 2751 quis
1619 2700 1696 2738 ho-

294 2762 460 2810 minem,
490 2770 556 2801 aut
580 2765 798 2803 iumentum
826 2768 986 2816 ligatum
1009 2767 1202 2814 iniecerit,
1231 2766 1327 2804 illud
1348 2773 1576 2816 supernatet
1597 2768 1694 2805 etin
