1774 3198
276 350 368 392 512
489 355 933 396 COMMENTARIUS
963 356 1023 396 IN
1047 356 1450 398 METEOROLOG.

387 471 449 505 11.
488 468 654 505 Variant
688 467 731 504 in
762 466 903 514 ordine
936 466 1153 505 verborum
1185 466 1300 505 codd.
1339 463 1508 518 ἄστρων
1533 465 1678 513 αὐτοὺς

274 532 451 586 παριδεῖν
481 532 642 570 exhibet
660 533 713 570 H.
750 528 909 584 ἄστρων
937 529 1073 578 αὐτοῖς
1100 531 1278 585 παριδεΐν
1305 533 1354 570 Ν.
1396 532 1573 585 παριδεῖν
1602 530 1676 572 αὗ-

274 598 368 646 τοὺς
397 596 554 651 ἄστρων
582 600 626 637 F.
654 620 709 627 —
739 597 1002 649 σωτηρίαν
1033 604 1165 637 verte:
1204 599 1475 636 conservandi
1502 599 1676 646 modum,

275 680 352 717 quo
373 665 492 703 modo
509 678 626 715 saepe
646 671 859 716 usurpatur
878 665 1115 703 vocabulum
1135 665 1176 702 in
1195 665 1299 702 libro
1329 664 1377 701 cle
1400 664 1546 701 mundo
1575 677 1618 702 v.
1641 678 1675 703 c.

275 748 308 771 e.
334 735 377 780 5,
405 735 480 770 13:
510 732 637 769 ταῦτα
666 729 709 769 δὲ
739 727 869 770 πάντα
898 727 1019 769 ἔοικεν
1049 727 1149 783 αὐτῇ
1177 727 1278 783 πρός
1309 726 1467 781 ἀγαθοῦ
1495 725 1680 781 γινόμενα

274 797 348 850 τὴν
375 795 421 836 δι’
452 797 596 842 αἰῶνος
625 796 826 849 σωτηρίαν
855 793 1050 849 παρέχειν.
1108 810 1142 834 c.
1171 799 1215 846 6,
1243 800 1289 834 6:
1328 794 1528 847 σύμπασιν
1557 793 1681 841 αἴτιος

273 864 426 917 γίνηται
447 861 659 914 σωτηρίας.
699 866 735 911 6,
760 867 831 902 12:
860 861 986 903 αἴτιον
1004 862 1186 915 γίνεσθαι
1205 865 1289 908 τοῖς
1317 859 1379 899 ἐπὶ
1407 863 1478 912 τῆς
1502 863 1573 913 γῆς
1601 875 1680 900 σω-

275 931 430 984 τηρίαν.
473 934 509 979 6,
530 933 606 968 21;
638 927 811 979 συνέχων
828 926 902 981 τήν
929 931 1008 969 τῶν
1026 918 1142 968 ιὅλων
1170 924 1363 981 ἁρμονίαν
1384 942 1426 966 τε
1457 926 1521 966 καὶ
1552 939 1681 978 σωτη-

276 997 377 1050 ρίαν.
422 999 494 1036 Est
512 993 697 1034 nostrum
713 996 963 1052 Erhaltung.
981 1019 1036 1025 —-
1084 996 1314 1044 Caeterum,
1351 995 1384 1032 si
1408 1008 1488 1032 non
1518 995 1682 1032 Hera-

274 1066 458 1109 clitus,
486 1069 615 1100 tamen
646 1063 807 1100 Stoici
838 1063 1008 1100 eundem
1031 1061 1291 1100 conservandi
1311 1060 1470 1098 modum
1482 1088 1495 1105 ,
1522 1060 1681 1110 reliquis

272 1130 452 1168 tribuere
476 1128 683 1166 sideribus.
712 1149 767 1155 —
804 1123 927 1179 ὑγρᾶς
957 1124 1080 1179 οὔσης
1105 1128 1262 1180 πρῶτον
1290 1128 1452 1166 inverso
1471 1125 1610 1165 ordine
1637 1127 1682 1163 F.

275 1194 340 1235 καὶ
369 1202 458 1233 ante
475 1195 547 1245 τῆς
573 1195 643 1245 γῆς
670 1193 857 1231 omittunt
885 1194 1025 1232 Alex.
1057 1195 1102 1232 Ρ.
1126 1193 1166 1231 S.
1187 1194 1271 1232 Cas.
1294 1216 1343 1221 —
1374 1193 1575 1231 Articulus
1594 1196 1684 1228 ante

274 1263 344 1313 γῆς
367 1261 476 1299 deest
493 1259 600 1311 apud
613 1261 658 1297 P.
681 1280 731 1285 —-
762 1255 890 1298 κώνου
919 1273 992 1310 pro
1012 1255 1165 1309 κόσμου
1186 1259 1239 1298 Ν.
1259 1279 1313 1286 -—
1342 1257 1429 1311 περὶ
1446 1259 1517 1309 γῆν
1537 1258 1682 1294 omisso

275 1325 348 1378 τὴν
365 1329 412 1366 F.
436 1348 489 1354 —
527 1322 844 1377 θερμαινόμενον
871 1339 946 1376 pro
975 1321 1295 1377 θερμαινομὲνου
1322 1324 1486 1375 praebet
1503 1325 1556 1361 N.
1586 1324 1683 1373 θερ-

274 1407 394 1444 μενον
423 1392 584 1430 exhibet
611 1393 659 1429 E.
682 1411 735 1420 —-
764 1405 807 1429 τε
838 1398 927 1442 post
955 1388 1162 1441 πνεύματα
1192 1390 1337 1428 omittit
1363 1391 1412 1428 E.

389 1463 452 1497 12.
480 1454 701 1496 ἀποδίδωσι
730 1470 804 1508 pro
825 1454 1006 1511 ἀποδιδῷ
1025 1459 1072 1495 F.
1094 1477 1147 1485 --
1176 1453 1284 1508 ὥραν
1312 1469 1385 1506 pro
1402 1451 1539 1506 χώραν
1557 1456 1604 1492 F.
1629 1473 1681 1481 -

276 1525 573 1565 Alexander
601 1524 696 1574 legit
723 1520 888 1576 λειφθέν
914 1535 987 1574 pro
1022 1520 1200 1575 ληφθέν,
1242 1535 1332 1560 cum
1369 1522 1540 1571 explicet
1567 1515 1684 1558 ὓστε-

275 1593 414 1643 τῆσαν.
473 1591 552 1629 Sed
582 1597 620 1629 et
646 1593 737 1641 Bag,
778 1603 918 1628 omne
956 1595 1232 1640 acceptum.
1270 1608 1323 1615 —
1371 1583 1518 1625 ἄνοθεν
1545 1588 1590 1624 P.
1630 1607 1684 1614 —--

275 1658 477 1697 Posterius
506 1653 595 1695 οὔτε
622 1657 770 1694 omittit
789 1657 898 1695 Cam.
919 1677 969 1683 —-
999 1651 1228 1706 γιγνομένου
1257 1652 1320 1692 καὶ
1346 1650 1592 1705 τρεφομένου
1619 1649 1685 1690 καὶ

277 1720 547 1777 φθειρομένου
576 1723 704 1774 prima
723 1736 838 1760 manu
860 1722 1039 1761 exhibuit
1058 1724 1104 1760 F.
1140 1722 1203 1758 De
1220 1720 1346 1759 verbo
1364 1717 1518 1771 φθείρ
1531 1732 1547 1757 ε
1560 1718 1684 1756 σθαι

276 1792 382 1829 idem
403 1791 522 1835 valet,
551 1789 656 1840 quod
678 1789 728 1827 de
747 1790 872 1828 verbo
889 1787 1100 1841 φθίνειν
1129 1787 1351 1824 monuimus
1370 1785 1420 1823 ad
1436 1786 1467 1833 I,
1490 1786 1552 1833 14,
1571 1788 1610 1822 3.
1632 1803 1680 1809 -—

276 1857 412 1894 Verba
430 1855 486 1900 εἰς
506 1852 616 1906 ὕδωρ
636 1855 783 1894 omittit
798 1857 846 1894 E.

344 1958 354 1969 ,
389 1925 453 1959 13.
492 1920 613 1970 Quod
643 1920 693 1956 de
723 1920 1004 1970 evaporatione
1029 1919 1174 1966 valuit,
1212 1916 1319 1954 idem
1348 1916 1398 1953 de
1417 1915 1684 1965 congelatione

278 1988 580 2026 affirmaverunt
600 1991 766 2024 veteres.
823 1986 911 2029 ‚Cfn
939 1984 1216 2024 Aristotel.
1243 1982 1410 2033 fragm.
1441 1979 1684 2018 Problemat.

277 2053 384 2106 apud
421 2053 641 2091 Gellium
681 2053 804 2090 Noet.
843 2052 972 2090 Attic.
1006 2051 1135 2098 XIX,
1169 2050 1215 2087 5:
1257 2044 1407 2092 παντὸς
1432 2042 1580 2090 ὕδατος
1607 2060 1686 2097 πη-

277 2117 470 2172 γνυμένου
497 2115 543 2156 τὸ
574 2114 815 2156 λεπτότατον
852 2117 1070 2156 διαπνεῖται
1106 2113 1170 2154 καὶ
1199 2110 1450 2165 κουφότατον
1478 2110 1684 2161 ἔξατμίζει.

278 2187 581 2237 Hippocrat.
614 2184 662 2221 de
682 2184 788 2233 a'e're‚
819 2197 889 2235 aq.
911 2192 948 2221 et
968 2184 1045 2220 loc.
1076 2182 1110 2232 §.
1128 2183 1194 2220 50.
1225 2182 1335 2219 Cor.
1370 2179 1471 2229 opp.
1494 2179 1596 2216 Seet.
1617 2180 1685 2216 III.

278 2266 319 2303 p.
338 2255 400 2300 68,
425 2256 475 2289 30
506 2252 571 2287 Fo
585 2250 668 2289 es:
697 2245 774 2288 ὑπὸ
790 2251 862 2300 τῆς
888 2246 1026 2300 πήξιος
1045 2244 1273 2300 ἀφανίζεται
1301 2244 1366 2284 καὶ
1386 2241 1685 2295 ἀναξηραίνεται

278 2315 324 2356 τὸ
357 2313 607 2369 κουφότατον
637 2315 702 2355 καὶ
722 2313 976 2363 λεπτότατον,
1009 2311 1054 2354 οὗ
1084 2310 1129 2352 τὸ
1157 2311 1388 2365 βαρύτατον
1412 2309 1480 2352 ,καὶ
1509 2305 1686 2358 παχύτα-

279 2398 362 2422 τον.
391 2402 445 2410 —
473 2374 645 2434 πόσιμᾶν
670 2396 745 2434 pro
764 2380 934 2432 πότιμον
963 2380 1018 2421 Ν.
1040 2401 1091 2409 -
1121 2377 1191 2418 καί
1217 2384 1308 2416 ante
1333 2372 1454 2428 γλυκύ
1485 2375 1613 2413 omisit
1642 2375 1684 2410 F.

281 2470 330 2477 -
364 2445 549 2499 ἀπομένει
577 2463 652 2500 pro
679 2444 863 2499 ὑπομένει
891 2449 943 2486 Ν.
966 2470 1020 2476 -—
1045 2447 1163 2499 τοῦτο
1192 2441 1268 2497 γὰρ
1299 2440 1402 2488 εἲκὸς
1429 2439 1685 2491 ἀπορηθῆναι

282 2513 435 2566 οἰητέον
462 2515 626 2565 praebet
648 2517 695 2554 F.
709 2534 763 2541 —-
790 2527 830 2566 γε
850 2527 924 2565 pro
943 2527 983 2552 τε
1004 2513 1122 2550 habet
1142 2513 1190 2550 Ε.
1214 2523 1378 2562 prorsus
1398 2507 1542 2546 omittit
1561 2507 1610 2543 H.
1630 2527 1685 2534 —

282 2578 413 2633 ὥσπερ
445 2579 509 2619 καὶ
536 2583 615 2620 τῶν
644 2576 799 2625 ἄλλων,
829 2580 962 2617 addito
992 2577 1060 2617 καί
1085 2580 1131 2616 F.
1152 2578 1205 2615 H.
1226 2578 1279 2626 ΝΞ.

395 2649 458 2685 14.
489 2646 553 2686 καὶ
581 2643 627 2685 τὸ
658 2642 827 2695 πότιμον
855 2646 991 2684 addito
1013 2643 1177 2683 articulo
1199 2643 1252 2681 N.
1281 2663 1336 2670 —-
1371 2635 1446 2689 τήν
1474 2644 1564 2675 ante
1590 2651 1687 2675 κου-

283 2709 441 2764 φότητα
470 2713 615 2750 omittit
637 2715 682 2751 F.
709 2699 767 2739 —.
799 2708 1038 2762 καθάπερ
1068 2708 1118 2748 ἐν
1145 2711 1255 2752 τοῖς
1281 2707 1377 2745 τῶν
1416 2700 1551 2757 ζῴων
1588 2699 1686 2742 σώ-

283 2791 451 2827 μασιν.
481 2786 521 2817 et
541 2792 578 2829 q,
601 2792 630 2816 ε.
689 2776 771 2816 Cfr.
791 2776 989 2815 Problem.
1013 2777 1064 2824 11,
1086 2778 1123 2822 3,
1151 2773 1217 2811 ubi
1238 2772 1403 2823 quaerit,
1433 2784 1503 2807 cur
1522 2769 1685 2808 sudores
