1774 3198
417 409 642 450 LIBRUM
669 408 997 448 SECUNDUM.
1057 409 1175 449 CAP.
1194 412 1246 451 11.
1459 404 1550 446 517

112 523 343 577 scripsimus
362 537 453 563 cum
474 525 522 564 E.
543 524 617 563 cfr.
635 521 686 562 ad
708 523 750 573 1,
769 526 815 572 3,
836 524 872 562 5.
899 523 962 572 11,
987 526 1031 571 1,
1055 526 1107 563 10
1131 529 1173 563 et
1193 536 1227 564 s.
1284 525 1391 564 Rell.
1413 538 1551 565 omnes

114 590 182 631 καὶ
209 587 285 638 τὰς
308 588 450 645 χρόας.
480 615 531 623 --
581 587 631 630 ἂν
656 596 749 636 ante
776 587 928 642 τύχωσι
957 589 1070 631 deest
1095 591 1139 631 in
1161 594 1210 632 F.
1239 616 1290 623 —-
1336 593 1550 634 Caeterum

113 660 186 698 cfr.
216 659 267 697 de
285 673 394 699 sens.
414 673 446 699 c.
460 660 500 699 4.
521 673 563 712 p.
576 658 720 708 441,b.
750 657 1102 712 Theophrast.
1131 659 1182 698 de
1202 661 1548 713 causs.plantar.

113 728 186 777 VI,
205 731 244 775 3,
265 729 285 765 1
301 740 312 765 ε
340 723 462 781 ὕδωρ·
475 723 530 766 δι’
547 724 635 773 οἵας
654 722 704 766 ἶὶν
718 727 791 780 γῆς
807 723 898 780 ῥέῃ,
925 727 1112 768 τοιοῦτον
1134 722 1247 768 εἶναι.
1265 752 1316 760 —-—
1349 730 1478 769 Aliam
1497 729 1549 768 de

113 794 315 833 coloribus
333 807 458 846 aquae
476 793 698 834 fluviorum
719 801 758 834 et
779 795 902 834 maris
926 795 1159 847 opinionem
1178 794 1318 836 habuit
1344 798 1548 844 Aristo,-

113 862 264 911 teles,
303 861 362 901 uti
395 868 507 914 patet
540 875 593 901 ex
619 861 828 900 Problem.
845 862 1011 913 xxm,
1033 866 1073 902 6.
1102 876 1142 915 Ρ.
1164 867 1258 914 932,
1279 878 1316 906 a.

224 933 294 970 22.
334 930 414 968 Pro
443 925 526 982 ῥεῖν
545 931 593 970 F.
633 929 800 982 praebet
826 927 988 982 εῗσρεῖν.
1012 932 1066 970 Η.
1091 932 1146 971 N.
1186 928 1247 972 ἀεὶ
1278 928 1360 984 ῥεῖν
1388 933 1464 982 ita,
1500 939 1546 973 ut

47 996 49 998 ’
112 997 259 1037 deinde
279 993 343 1039 ἀεί
360 998 559 1037 omittant.
583 1018 634 1027 -—
674 993 736 1036 ἀεὶ
767 995 856 1045 καί,
889 996 1026 1037 addito
1053 997 1125 1038 καί
1146 1000 1195 1038 Ε.
1222 1023 1272 1031 -·
1313 999 1393 1039 Pro
1409 1001 1546 1040 verbis

111 1062 335 1118 εἷσρὲουσιν
365 1061 433 1119 ἀφ’
468 1056 592 1119 οὗπερ
622 1061 826 1118 ἐκρὲουσιν
855 1065 902 1104 F.
932 1064 1097 1105 exhibet
1125 1062 1283 1118 ῥέουσιν
1313 1064 1388 1122 ἀφ’
1421 1059 1545 1121 οἷπερ

112 1130 162 1172 ἂν
181 1130 384 1186 ἔκρέωσιν.
404 1153 453 1159 —
485 1129 697 1188 ῥεύσονται
724 1146 802 1185 pro
823 1129 1070 1186 ῥευσοῦνται.
1100 1136 1149 1173 F.
1170 1136 1225 1173 H.
1246 1135 1291 1174 P.
1308 1136 1348 1175 S.
1370 1135 1455 1175 Cas.
1475 1136 1547 1175 sed

110 1201 154 1239 in
184 1201 362 1252 margine
385 1190 464 1254 W
501 1196 753 1253 ῥευσοῢνται.
791 1207 832 1238 et
856 1189 935 1252 W
955 1197 1117 1240 ἄνωθεν
1145 1197 1170 1253 ἢ
1198 1198 1405 1252 κάτωθεν,
1434 1203 1547 1242 cuius

110 1275 244 1308 tamen
271 1268 454 1307 lectionis
479 1267 637 1306 nullum
668 1273 727 1305 est
754 1267 865 1306 aliud
892 1268 1120 1320 vestigium.
1186 1270 1263 1308 Est
1290 1276 1422 1309 autem
1448 1284 1549 1308 con-

111 1337 263 1377 iectura
291 1336 536 1375 Vicomer
548 1335 675 1385 cati,
703 1335 752 1373 ab
772 1336 862 1387 ipso
890 1335 1038 1374 deinde
1063 1333 1226 1375 reiecta.
1259 1361 1309 1366 —
1350 1335 1547 1391 ἒφοτέραν

111 1400 287 1457 <idum-E·
318 1399 385 1456 ἐφ’
408 1398 506 1457 ὅπερ
533 1399 582 1443 ἂν
601 1416 638 1456 ρ.
658 1402 714 1443 Η.
727 1403 782 1441 Ν.
810 1403 878 1454 qui
896 1416 987 1442 cum
1005 1403 1095 1442 cod.
1114 1406 1162 1444 F.
1181 1418 1258 1456 pro
1281 1401 1410 1457 ῥίψῃ
1427 1418 1546 1456 prae-

108 1472 208 1510 bent
236 1468 261 1524 ῤ
273 1466 321 1510 εὑ
333 1484 405 1524 σῃ.
434 1492 490 1500 -—
507 1519 510 1523 ⁴
526 1472 607 1510 Pro
631 1469 761 1509 καίτοι
783 1466 932 1509 τούτου
947 1468 992 1508 F.
1015 1470 1145 1510 καίτοι
1166 1473 1303 1511 τοῦτο.
1323 1473 1376 1512 Η.
1397 1473 1450 1512 Ν.
1478 1471 1545 1512 καὶ

109 1541 183 1580 τοῦ
211 1536 412 1579 τοιούτου.
442 1560 498 1569 -
535 1537 658 1588 Quod
687 1537 861 1588 denique
895 1544 1184 1577 commemorat
1221 1538 1545 1579 Arist'oteles

108 1607 377 1660 proverbium
407 1603 509 1646 ἄνω
538 1606 639 1644 τῶν
667 1606 883 1655 ποταμῶ
893 1619 940 1660 ν’,
977 1619 1051 1657 per
1080 1619 1239 1646 omnem
1271 1595 1544 1658 antiquitatem

111 1674 364 1715 tritissimum
383 1680 455 1720 est,
482 1672 578 1712 inde
599 1672 648 1711 ab
670 1671 928 1723 Aeschylo
958 1679 999 1712 et
1022 1673 1288 1726 Euripide,
1317 1676 1385 1727 qui
1404 1676 1547 1715 cecinit

112 1740 245 1795 (Med.
269 1741 350 1781 404
370 1755 428 1793 sq.
456 1741 525 1779 ed.
549 1737 834 1792 Elmsley):

382 1805 467 1847 ἅνω
496 1809 692 1859 ποταμῶν
727 1804 845 1860 ἱερῶν
876 1810 1058 1861 χωροῦσι
1095 1807 1223 1861 παγαί

387 1874 453 1914 καὶ
484 1874 576 1914 δίκα
605 1874 672 1913 καὶ
702 1871 835 1914 πάντα
863 1871 985 1917 πάλιν
1016 1873 1243 1930 στρέφεται.

114 1945 272 1996 Quibus
300 1957 352 1982 ex
379 1943 564 1983 versibus
609 1943 1020 1984 Accorambonus
1063 1945 1110 1984 V
1105 1958 1179 1983 era
1211 1958 1325 1983 mens
1361 1945 1542 1984 Aristot.

110 2026 150 2065 p.
171 2013 252 2051 480
281 2017 372 2063 post
391 2011 585 2061 ποταμῶν
611 2010 654 2048 in
681 2016 820 2048 nostro
837 2010 926 2049 loco
946 2011 1097 2050 addere
1115 2012 1246 2050 voluit
1268 2013 1448 2065 χωροῦσι
1466 2028 1544 2063 πη-

110 2079 191 2132 γαί.
250 2081 335 2118 Vix
362 2086 502 2131 putem
528 2078 877 2118 Aristotelem
913 2077 956 2118 li.
986 2079 1016 2118 l.
1047 2079 1268 2131 Euripiden
1294 2080 1421 2118 verba
1452 2088 1543 2118 anto

113 2149 247 2186 oculos
264 2147 467 2196 habuisse,
496 2146 578 2184 etsi
596 2159 744 2184 revera
759 2144 978 2195 habuisset,
997 2152 1094 2184 tunc
1107 2159 1184 2197 pro
1205 2159 1319 2184 more
1338 2160 1418 2195 sua,
1444 2147 1543 2184 alio-

112 2229 204 2254 rum
222 2215 461 2266 scriptorum
482 2226 606 2263 pauca
627 2219 781 2251 tantum
804 2213 930 2251 verba
955 2211 1168 2262 laudandi,
1203 2213 1359 2263 reliqua
1386 2214 1542 2252 tacendi

114 2283 207 2330 (cfr.
236 2282 530 2321 victorium
559 2285 599 2317 et
625 2279 853 2318 Zellium
883 2279 935 2317 ad
962 2279 1183 2318 Aristot.
1213 2280 1355 2318 Etlzie.
1374 2282 1542 2320 Nicom.

114 2351 195 2398 VI,
219 2353 267 2398 8,
299 2347 338 2387 4.
369 2349 559 2386 Tom.11.
587 2360 625 2397 p.
644 2345 739 2384 224.
784 2345 1010 2384 Lambin.
1042 2346 1094 2385 ad
1120 2345 1242 2385 eund.
1274 2348 1395 2393 VIII,
1426 2351 1471 2396 1,
1500 2353 1541 2388 2.

113 2405 222 2469 quod
243 2422 282 2454 et
302 2414 354 2453 de
372 2415 459 2453 aliis
477 2413 740 2466 scriptoribus
760 2413 881 2452 valet.
918 2414 991 2455 cfr.
1020 2413 1228 2452 casaub.
1255 2413 1307 2451 ad
1335 2413 1361 2451 S
1376 2421 1542 2456 ueton.

119 2483 255 2523 Tiber.
284 2497 319 2521 c.
343 2478 441 2534 21),
470 2482 543 2520 vix
560 2481 690 2532 plura,
718 2494 836 2532 quam
855 2493 955 2532 quae
972 2492 1080 2518 nunc
1101 2481 1289 2531 leguntur
1314 2481 1541 2523 addidisset.

115 2551 196 2590 Sed
215 2550 379 2590 videtur
398 2550 511 2587 solita
531 2548 652 2587 fuisse
672 2547 882 2599 proverbii
902 2548 1056 2593 forma,
1086 2560 1163 2599 qua
1189 2560 1282 2586 usus
1302 2554 1380 2598 est,
1408 2563 1544 2602 eaque,

114 2620 174 2659 uti
195 2619 309 2666 solet,
339 2617 584 2656 brevissima.
641 2614 800 2654 Eodem
819 2615 1038 2666 proverbio
1059 2615 1122 2655 usi
1140 2621 1232 2653 sunt
1249 2617 1543 2656 Demosthe-
1576 2664 1579 2669 s

116 2700 203 2725 nes
230 2683 320 2738 περὶ
339 2680 658 2736 καταπρεσβείας
674 2696 716 2735 Ρ.
731 2685 811 2725 239
828 2683 884 2733 A,
913 2682 1168 2733 Diogenes
1194 2682 1411 2735 Cynicus
1438 2684 1544 2736 apud

115 2753 335 2804 Diogen.
359 2751 537 2790 Lae'rt.
566 2751 645 2799 VI,
674 2752 743 2789 36.
771 2763 814 2802 Ρ.
836 2754 944 2798 333,
985 2750 1246 2793 Lucianus
1271 2751 1393 2790 Dial.
1410 2754 1542 2793 More.

117 2822 190 2867 VI,
209 2824 250 2858 2.
278 2833 322 2871 p.
345 2819 448 2858 348:
480 2814 564 2856 ἅνω
595 2817 790 2868 ποταμῶν
819 2813 939 2858 τοῦτό
967 2830 1022 2870 γε.
1053 2815 1232 2870 Apolog.
1252 2832 1334 2869 pro
1359 2819 1544 2857 mercede

118 2888 307 2927 conduct.
337 2889 376 2938 §.
401 2890 438 2926 1.
465 2899 508 2938 p.
528 2888 632 2925 708:
673 2881 801 2935 πολλὴ
829 2886 926 2938 γοῦν
951 2880 977 2936 ἣ
1006 2882 1207 2939 διαφωνία
1242 2887 1315 2925 τοῦ
1350 2887 1422 2925 νῦν
1449 2885 1543 2936 βίον
