1812 3158
316 317 409 361 338
531 324 978 365 COMMENTARIUS
1008 325 1068 363 IN
1093 325 1497 365 METEOROLOG.

313 436 572 486 Anaxagorae
600 433 816 483 discipulus
843 437 886 470 ut
912 433 1024 483 plus,
1062 446 1180 483 quam
1205 434 1264 472 fas
1284 434 1511 483 videretur,
1540 438 1719 478 in'scena

313 508 413 540 esset
436 499 696 552 philosophus
725 496 814 549 (cfr.
836 498 966 537 Valk
979 511 1129 543 enaer
1155 500 1332 537 Diatrib.
1352 501 1400 538 de
1416 502 1557 551 Eurip.
1571 506 1717 553 perdit.

312 567 488 604 dramat.
510 566 618 615 reliq.
638 579 677 615 p.
698 567 751 602 25
771 577 854 614 sqq.
881 569 921 601 et
942 577 1039 614 quos
1066 564 1198 604 laudat
1226 566 1523 605 Schaubach
1551 571 1717 619 Fragm.

310 637 502 681 Anaxag.
525 645 564 682 p.
583 629 652 680 21)
665 659 678 676 ,
709 643 878 679 eumque
904 631 1127 681 saepissime
1149 631 1340 681 imitatus,
1368 646 1476 670 suam
1495 633 1546 672 de
1561 635 1719 673 aethere

310 699 512 737 notionem
530 698 583 734 ita
605 696 798 747 expressit
815 697 856 733 in
874 697 1095 747 fragmento
1116 697 1223 748 apud
1250 698 1338 736 Cle
1349 713 1387 736 m
1398 713 1419 736 e
1430 713 1457 737 n
1467 705 1483 738 t
1492 714 1514 737 e
1525 714 1564 738 m
1595 702 1689 739 Ale
1698 723 1718 730 -

309 764 619 803 xandrinum
649 761 863 813 (Protrept.
883 776 922 813 p.
937 764 988 802 48
1009 764 1059 802 A.
1089 770 1128 802 et
1147 765 1292 803 Strom.
1312 767 1365 805 V.
1387 779 1428 816 p.
1442 769 1519 805 603
1537 767 1623 817 C.).·

421 825 519 880 ὃρᾶς
546 825 617 867 τὸν
643 823 755 878 ὑψοῦ
783 824 893 867 τόνδ’
924 825 1086 878 ἄπειρον
1117 827 1266 882 αῗθέρα

419 894 485 934 καὶ
513 897 586 947 γῆν
613 892 725 947 πέριξ
752 890 892 944 ἔχονθ’
915 890 1054 947 ὖγραΐς
1077 891 1117 934 ἐν
1146 892 1359 948 ἀγκάλαις,·

423 963 580 1000 Τοῦτον
606 958 738 1011 νόμιζε
767 962 903 1012 Ζῆνα,
942 958 1056 1000 τόνδ’
1088 956 1186 1013 ἡγοῦ
1215 958 1328 1002 θεόν.

309 1042 426 1080 quem
448 1029 581 1067 locum
607 1028 661 1064 ita
686 1028 884 1065 convertit
912 1028 1092 1066 Cicero
1120 1028 1169 1066 de
1186 1037 1275 1068 nat.
1292 1029 1402 1068 deor.
1424 1031 1478 1079 ΙΙ,
1502 1036 1577 1070 25:

422 1097 463 1134 V
461 1095 543 1131 icles
559 1094 722 1131 sublime
736 1093 882 1144 susum
898 1094 1197 1133 immoderatum
1217 1097 1381 1133 aethera

422 1161 502 1208 Qui
521 1168 648 1197 tenero
669 1166 813 1196 terram
834 1163 1092 1197 circumsectu
1111 1162 1383 1209 amplectitur:

415 1224 539 1263 Hane
557 1239 749 1263 summum
765 1225 905 1263 habeto
923 1227 1081 1263 divum:
1109 1227 1213 1265 hune
1225 1228 1429 1275 perhibeto
1450 1231 1596 1268 Iovem.

307 1292 409 1330 Cum
435 1293 556 1342 igitur
581 1292 913 1342 Anaxagoras
949 1290 1111 1330 aethera
1137 1292 1228 1342 igne
1255 1299 1434 1332 constare
1458 1294 1606 1332 diceret
1634 1293 1716 1349 (τῷ

305 1356 400 1410 πυρὶ
428 1354 576 1397 ταύτὸν
602 1353 835 1409 ἡγήσασθαι
864 1356 976 1396 δοκεῖ’
999 1355 1227 1408 σημαίνειν,
1257 1360 1324 1397 vel
1346 1365 1391 1397 ut
1416 1360 1510 1397 alibi
1537 1361 1595 1414 τῷ
1618 1361 1715 1414 πυρὶ

303 1421 451 1464 ταύτὸν
479 1422 661 1476 φαίνεται
685 1423 813 1462 δοκεῖν
840 1424 913 1462 cfr.
933 1424 1197 1463 Heindorf
1220 1425 1271 1462 ad
1290 1426 1415 1464 Plat.
1438 1426 1610 1466 Phaedr.
1632 1425 1714 1478 97),

304 1504 473 1541 eumque
493 1485 608 1528 θεῖόν
627 1503 665 1527 τι
685 1503 768 1527 esse
786 1490 1062 1536 arbitraretur,
1079 1491 1165 1541 ipse
1177 1491 1493 1530 Aristoteles
1513 1493 1714 1532 aetherem

302 1556 402 1595 nihil
423 1570 506 1594 esse
527 1540 635 1594 aliud
660 1556 811 1594 censuit
820 1584 831 1604 ,
867 1556 942 1593 nisi
971 1556 1303 1606 quemadmodum
1333 1559 1478 1596 Plato
1507 1559 1560 1597 ait
1588 1557 1712 1611 (Tim.

301 1636 340 1674 p.
364 1626 416 1661 58
435 1621 524 1673 D.):
567 1618 685 1674 ἀέρος
713 1618 758 1660 τὸ
787 1618 1069 1674 εὗαγέστατον,
1108 1620 1270 1674 ἐπίκλην
1299 1620 1428 1676 αῗθήρ
1457 1621 1712 1676 καλούμενος.

301 1688 419 1727 Adde
446 1689 653 1727 Lucret.
693 1689 741 1725 de
767 1697 902 1726 natur.
932 1703 1005 1727 rer.
1033 1690 1074 1737 Ι,
1103 1690 1182 1728 251
1211 1703 1268 1740 sq.
1327 1691 1441 1740 Quae
1467 1691 1519 1729 sit
1547 1691 1714 1731 aetheris

301 1756 412 1793 notio
434 1754 540 1806 apud
555 1755 797 1794 recentiores
816 1754 1016 1806 physicos,
1041 1755 1210 1794 elucebit
1228 1769 1278 1793 ex
1295 1757 1364 1802 iis,
1393 1770 1492 1808 quae
1509 1759 1713 1810 composui

301 1822 506 1860 Meteorol.
528 1828 601 1858 vet.
623 1821 691 1858 Gr.
712 1829 748 1857 ec
766 1822 938 1859 Roman.
960 1835 1002 1872 p.
1018 1825 1085 1860 21.

413 1887 452 1924 5.
499 1882 696 1935 μεταξὺ
732 1887 824 1937 γῆς
860 1885 946 1925 καὶ
986 1888 1083 1925 τῶν
1122 1883 1325 1939 ἄστρων
1380 1889 1496 1927 codd.
1541 1896 1581 1928 et
1620 1890 1713 1929 edit.

299 1965 449 1990 omnes.
504 1951 707 1989 Articulus
727 1964 1013 2002 saepenumero
1037 1951 1143 2003 apud
1160 1953 1416 1991 Aristotelem
1442 1953 1550 1991 deest
1572 1955 1614 1992 in
1632 1969 1711 1993 uno

299 2020 477 2057 alterove
495 2017 690 2062 membro,
719 2018 852 2067 quales
871 2018 979 2055 locos
1000 2018 1027 2055 S
1038 2031 1059 2055 c
1070 2017 1135 2056 hn
1146 2017 1259 2056 eide
1273 2032 1377 2066 rus,
1399 2011 1594 2058 'orationis
1614 2034 1711 2059 con-

298 2083 475 2122 cinnitati
501 2082 768 2121 restituendae
796 2084 960 2122 nimium
981 2084 1163 2133 studens,
1192 2097 1327 2122 omnes
1348 2086 1602 2136 corrigendos
1628 2101 1711 2125 esse

297 2151 467 2198 censuit,
498 2148 830 2200 quemadmodum
855 2150 895 2187 in
919 2151 1071 2204 Histor-
1092 2152 1272 2190 Animal.
1296 2153 1348 2199 V,
1378 2155 1441 2200 11,
1471 2155 1519 2190 1:
1549 2149 1710 2202 ὀχεύον-

296 2230 362 2255 ται
388 2213 463 2268 γὰρ
493 2212 655 2269 ἄρρενες
682 2214 747 2254 καὶ
776 2212 981 2266 ὀχεύονται
1011 2213 1052 2254 αἱ
1081 2212 1254 2267 θήλειαι.
1311 2217 1413 2255 Ibid.
1439 2217 1539 2256 VIII
1551 2249 1561 2264 ‚
1592 2218 1632 2265 4,
1662 2223 1708 2257 3:

297 2280 481 2332 νέμονται
507 2280 582 2332 μὲν
609 2280 681 2322 τὸν
709 2280 837 2334 πηλὸν
875 2280 941 2321 καὶ
977 2278 1106 2336 φύκος
1141 2282 1207 2322 καὶ
1234 2279 1280 2322 τὸ
1310 2279 1438 2336 βρύον
1466 2283 1532 2323 καὶ
1559 2282 1605 2324 τὸ
1636 2298 1708 2323 κα-

295 2345 488 2399 λούμενον
516 2345 692 2389 καύλιον.
721 2351 836 2398 VIII,
855 2352 893 2397 9,
914 2353 962 2388 2:
993 2351 1159 2388 πονοῦσι
1178 2346 1225 2388 δέ
1237 2375 1345 2387 .....
1365 2344 1443 2388 ὑπὸ
1464 2351 1536 2400 τῆς
1555 2346 1708 2400 πάχνης

296 2440 308 2452 .
321 2441 333 2453 .
347 2440 359 2453 .
373 2441 384 2453 .
405 2410 430 2465 ἢ
450 2409 528 2454 ὑπὸ
547 2412 696 2465 χιόνος.
756 2415 1017 2467 Theophr.
1038 2416 1085 2454 de
1105 2430 1222 2454 sensu
1240 2417 1273 2461 ξ.
1289 2420 1335 2454 9;
1366 2412 1539 2454 {laeuam
1561 2413 1604 2453 δὲ
1623 2419 1707 2460 τοῖς

294 2474 448 2530 ὁμοίοις
475 2478 578 2520 κατά
606 2495 648 2522 τε
675 2479 800 2535 μόρια
827 2480 892 2521 καὶ
920 2478 993 2533 τὴν
1016 2484 1172 2535 κρᾶσιν.
1237 2480 1353 2520 Adde
1381 2480 1569 2519 Schaef
1574 2495 1627 2518 er
1653 2481 1706 2519 ad

293 2546 547 2585 Plutarch.
576 2548 694 2586 Tom.
716 2550 768 2589 V.
790 2562 831 2600 p.
844 2549 938 2588 485.
964 2555 1004 2587 et
1029 2550 1103 2588 cfr.
1127 2550 1160 2597 I,
1182 2551 1246 2596 12,
1274 2551 1337 2586 11.
1360 2550 1423 2585 19.
1452 2548 1504 2594 ΙΙ,
1523 2550 1560 2594 1,
1585 2550 1635 2585 10
1665 2553 1704 2585 et

291 2612 459 2663 saepius.
489 2631 547 2642 —-·
600 2610 976 2667 θεωρήσαντες
1010 2611 1072 2654 τὰ
1108 2615 1197 2654 νῦν
1225 2608 1531 2662 δεικνύμενα
1559 2613 1702 2656 omisso

291 2671 341 2714 ἄν
370 2678 458 2717 cod.
482 2680 532 2718 F.
561 2681 633 2719 νῦν
658 2681 848 2720 omittunt
873 2682 927 2720 H.
949 2682 1002 2720 N.
1042 2677 1168 2726 ἴσως
1195 2675 1252 2718 ἂν
1281 2673 1574 2717 ἐπαύσαντο
1611 2680 1703 2730 τῆς

291 2741 534 2794 παιδικῆς
560 2742 717 2797 δόξης
743 2749 790 2786 Ε.
811 2747 865 2786 N.
891 2747 1035 2785 omisso
1056 2741 1216 2796 ταύτης,
1237 2744 1353 2795 quod
1373 2750 1463 2782 ante
1480 2741 1599 2795 δόξης
1625 2758 1702 2796 po-
