1774 3198
420 403 642 446 LIBRUM
668 369 914 451 PiuMUM.
972 402 1089 442 GAP.
1110 403 1226 442 VIII.
1256 425 1259 430 ’
1458 393 1554 437 421

116 522 262 573 figuras
282 519 511 571 adfingere,
534 516 900 571 quod-praesertim
919 516 1014 558 libri
1030 515 1081 554 ad
1098 514 1307 554 historiam
1327 514 1558 554 animalium

115 594 337 641 spectantes
372 586 533 629 abunde
561 591 788 630 testantur„
823 585 897 624 cfr.
929 584 978 623 de
1005 590 1192 636 generat.
1224 575 1393 621 animal.
1422 583 1486 634 11,
1509 587 1556 624 7:

117 656 182 695 δεῖ
206 653 250 695 δὲ
277 656 408 694 ταῦτα
435 655 607 706 θεωρεῖν
636 650 680 694 ἔκ
708 666 752 692 τε
780 653 863 696 τῶν
891 647 1230 706 παραδειγμάτων
1270 651 1353 690 τῶν
1391 648 1433 689 ἓν
1469 655 1560 698 ταῖς

117 721 342 774 ἀνατομαῖς
367 720 434 762 καὶ
462 723 544 762 τῶν
573 718 616 759 ἕν
643 724 734 766 ταῖς
753 717 951 772 ἱστορίαις
965 715 1263 773 γεγραμμένων.
1294 719 1342 756 de
1359 721 1560 770 respirat.

115 795 228 831 c.16.
257 787 361 843 πρὸς
386 787 463 841 μὲν
492 786 568 841 τὴν
594 784 694 840 ὄψιν
721 786 765 828 ἐκ
793 789 876 835 τῶν
904 786 1125 839 ἀνατομῶν
1154 785 1219 826 δεῖ
1243 787 1426 838 θεωρεῖν,
1456 784 1562 840 πρὸς

116 858 161 899 δὲ
191 855 400 910 ἀκρίβειαν
428 855 473 896 ἐκ
502 858 586 897 τῶν
613 853 817 908 ἱστοριῶν.
843 858 908 900 -dae
932 864 1070 908 paret.
1098 854 1277 896 animal.
1313 855 1388 904 IV,
1420 857 1466 893 5:
1507 851 1571 903 τὰἿ

115 924 192 978 μὲν
217 922 295 978 γάρ
323 928 382 981 τῷ
411 922 534 980 λόγῳ,
564 921 617 965 τὰ
646 922 692 965 δὲ
721 921 825 978 πρὸς
851 918 924 976 τὴν
954 920 1054 973 ὄψιν
1083 919 1217 962 αὐτῶν
1249 920 1567 975 σαφηνίζεινδεῖ

114 995 272 1045 μᾶλλον
315 1000 355 1033 et
383 994 492 1033 alibi.
535 1017 584 1023 —-
645 994 743 1033 Post
769 987 1011 1047 ὓπογραφῆς
1037 992 1081 1034 in
1097 988 1154 1030 A.
1184 989 1364 1041 sequitur
1386 1003 1560 1029 vacuum

114 1063 310 1114 spatium,
340 1062 405 1100 cui
428 1063 471 1100 iu
492 1061 670 1100 editione
691 1062 803 1107 Cam.
835 1059 936 1105 haec
963 1062 1112 1102 inserta
1143 1064 1202 1097 est
1230 1057 1457 1096 adnotatio:
1496 1056 1561 1097 ἔν-

115 1131 254 1169 ταῦθα
291 1131 342 1183 τῇ
378 1125 462 1169 ι’ίνω
500 1124 574 1180 τήν
612 1125 724 1168 κάτω
761 1125 866 1175 λέξιν
900 1125 982 1182 χρὴ
1021 1124 1236 1168 συνάπτειν
1266 1121 1370 1166 κατὰ
1400 1126 1561 1165 πολλῶν

116 1194 376 1251 ἀντιγράφων
405 1194 550 1249 λόγον·
581 1192 701 1235 οὐδὲν
728 1192 806 1248 γὰρ
838 1194 953 1236 δοκεῖ
974 1192 1179 1243 ἐλλείπειν,
1208 1188 1313 1243 πλὴν
1341 1187 1365 1243 ἢ
1390 1190 1558 1244 τεχνητὴ

115 1270 282 1319 σφαῖρα,
313 1263 356 1304 ἐν
378 1255 556 1318 ᾖταῦτα
583 1259 717 1302 πάντα
747 1264 919 1317 θεωρεῖν
949 1261 1014 1303 δεῖ
1034 1259 1086 1302 τὰ
1114 1258 1330 1314 εἰρημένα·
1359 1257 1561 1300 ἀδύνατον

115 1332 159 1373 δὲ
180 1332 364 1372 ἐνταῦθα
391 1328 551 1371 τιθέναι
581 1327 762 1384 ἀκριβῶς
789 1327 930 1383 αὐτήν.
967 1333 1016 1371 In
1036 1331 1155 1370 Basil.
1176 1316 1371 1382 Isengriu.
1393 1330 1562 1382 sphaera

114 1415 301 1454 expressa
319 1407 393 1447 est,
421 1406 466 1439 ut
487 1399 596 1451 apud
616 1399 956 1448 vicomercatum,
985 1413 1063 1452 qua
1087 1398 1188 1438 nihil
1210 1398 1437 1450 proficitur.
1475 1399 1562 1437 Ne-

112 1483 191 1521 que
210 1482 282 1508 nos
299 1468 469 1519 figuram
489 1467 760 1519 adposuimus,
777 1481 899 1519 quum
917 1468 1010 1506 satis
1030 1474 1134 1506 esset
1151 1467 1352 1518 ablegasse
1370 1468 1562 1506 lectorem

112 1537 164 1575 ad
181 1550 368 1588 mappam
387 1537 708 1575 astronomicam.
729 1559 781 1565 —-
799 1534 1089 1588 τεθεωρείσθω
1111 1536 1142 1573 P
1155 1534 1182 1572 h
1194 1535 1265 1573 ilo
1276 1549 1303 1586 p
1315 1548 1338 1571 o
1350 1548 1436 1572 nus
1455 1534 1562 1575 Aldi.

113 1605 184 1645 fol.
209 1608 300 1653 103,
311 1604 352 1642 b.
384 1629 435 1634 —
470 1602 543 1644 οὐκ
571 1601 683 1643 ἔσται
714 1601 831 1650 τάξαι
861 1605 914 1641 Η.
937 1604 988 1640 Ν.
1009 1605 1098 1652 Bag.
1118 1603 1207 1639 crit.
1239 1625 1290 1630 -—-
1325 1598 1392 1641 διὰ
1421 1600 1562 1648 τέλους

116 1673 310 1722 coniunge
330 1685 420 1710 cum
439 1668 636 1725 φανεράν,
667 1671 785 1709 sicuti
808 1677 867 1709 est
886 1670 994 1722 apud
1015 1671 1166 1709 Xeno
1177 1683 1204 1721 p
1217 1669 1357 1709 hont.
1384 1669 1560 1710 Anabas.

116 1741 192 1787 VI,
217 1742 257 1789 6,
283 1743 355 1778 11:
385 1736 454 1777 διὰ
481 1736 625 1784 τέλους
653 1736 784 1791 φίλος.

230 1810 296 1846 19.
333 1802 467 1861 τούτῳ
496 1808 555 1846 τῶ
586 1802 748 1859 οὗρανῶ
778 1817 900 1856 supra
927 1805 1062 1858 posito
1093 1799 1228 1844 κὺκλω
1255 1805 1304 1844 Ρ.
1338 1801 1390 1846 τὰ
1407 1801 1561 1855 μεταξὺ

115 1890 167 1915 sc.
196 1876 278 1915 τῶν
308 1871 443 1914 ἄλλων
460 1871 649 1926 ἰ’ίστρων.
678 1869 813 1925 πλήρη
844 1868 1042 1912 τοιούτων
1071 1869 1254 1924 ἀστέρων
1282 1872 1462 1924 intellige
1479 1874 1561 1913 τῶν

117 1939 335 1995 σποράδων
379 1939 642 1992 ,καλουμένων
683 1963 734 1970 --
797 1940 1011 1979 Caeterum
1059 1936 1256 1979 τοιούτων
1301 1936 1464 1994 ἄστρων
1512 1943 1562 1982 F.

115 2008 297 2062 ἀστέρων
333 2005 530 2050 τοιούτων
569 2010 623 2048 N.
673 2005 836 2060 ἄστρων
871 2004 1069 2048 τοιούτων
1110 2009 1152 2047 S.
1204 2006 1304 2047 εἰσιν
1337 2022 1415 2060 pro
1452 2005 1562 2048 ἐστίν

115 2077 171 2118 Α.
203 2080 314 2119 Cam.
353 2079 425 2116 Er.
472 2073 635 2130 ι’ίστρων
665 2074 773 2116 ἐστίν
809 2076 852 2115 8.
886 2077 975 2115 Cas.
1019 2077 1088 2128 qui
1129 2077 1173 2114 in
1211 2089 1334 2127 marg.
1381 2073 1563 2128 ἀστέρων

117 2145 228 2186 εῗσίν.
257 2170 307 2175 --
347 2145 682 2196 Philoponus
721 2141 825 2184 Aldi
851 2145 924 2184 fol.
955 2147 1059 2192 103,
1077 2144 1104 2183 b
1143 2141 1185 2182 ἔν
1209 2141 1285 2193 μὲν
1314 2147 1401 2189 τοῖς
1424 2139 1563 2189 ἄλλοις

120 2214 305 2266 φανερῶς
338 2212 461 2250 habet
494 2225 571 2263 pro
601 2209 643 2250 ἐν
674 2210 719 2251 δὲ
748 2216 836 2258 τοῖς
865 2208 1005 2258 ἄλλοις
1034 2210 1226 2250 διαλείπει
1254 2211 1477 2263 φανερῶς.-
1513 2211 1561 2248 In

118 2281 254 2320 verbis
294 2274 349 2325 ὡς
384 2276 596 2331 εἰρημένην
630 2277 808 2328 μετρίως
841 2292 1010 2329 agnosce
1035 2276 1273 2317 Aristotelis
1311 2277 1561 2323 modestiam,

119 2362 235 2400 quam
267 2347 413 2398 ubique
436 2347 479 2384 in
506 2346 590 2383 eius
614 2346 726 2384 modi
750 2345 1081 2397 explicationibus
1111 2359 1209 2397 prae
1240 2358 1282 2383 se
1310 2345 1421 2384 ferre
1447 2345 1562 2383 solet.

119 2417 193 2455 cfr.
234 2415 283 2452 de
311 2411 426 2451 caelo
462 2415 520 2461 II,
561 2416 598 2451 3.
642 2426 683 2464 p.
719 2416 823 2463 286,
857 2426 900 2451 a:
963 2410 1184 2464 σκηπτέον,
1224 2407 1292 2450 διὰ
1321 2410 1364 2450 τί
1401 2409 1563 2457 πλείους

120 2482 194 2523 εἶσὶ
215 2480 345 2537 φοραί
351 2510 363 2530 ,
396 2478 549 2529 καίπερ
567 2475 787 2532 πόρρωθεν
814 2478 1076 2532 πειρωμένοις
1103 2480 1311 2519 ποιεῖσθαι
1337 2475 1413 2530 τὴν
1442 2475 1562 2531 ζήτη-

122 2565 210 2601 σιν,
250 2546 392 2601 πόρρω
424 2544 466 2586 δ’
502 2543 576 2597 οὐχ
606 2543 715 2587 οὕτω
735 2549 795 2602 τῷ
823 2544 960 2602 τόπῳ,
999 2544 1103 2586 πολὺ
1133 2544 1178 2585 δὲ
1206 2547 1364 2598 μᾶλλον
1391 2547 1450 2601 τῷ
1478 2548 1561 2586 τῶν

123 2615 438 2669 συμβεβηκότων
468 2611 607 2661 αὐτοῖς
634 2613 724 2667 περὶ
753 2611 923 2666 πάμπαν
945 2612 1084 2667 ὀλίγην
1102 2612 1202 2667 ἔχειν
1222 2612 1431 2666 αἴσθησιν.
1460 2614 1560 2654 Ibid.
1629 2654 1634 2659 ,

122 2689 173 2734 Π,
193 2689 231 2725 5.
261 2699 302 2737 Ρ.
326 2688 420 2733 287,
441 2684 489 2722 b:
520 2680 619 2729 ἴσως
643 2681 718 2734 μὲν
748 2674 821 2721 οὖν
849 2678 896 2721 τὸ
925 2681 1014 2735 περὶ
1044 2680 1159 2722 ε’νίων
1189 2679 1498 2736 ἀποφαίνεσθαί
1522 2695 1561 2721 τι

123 2754 344 2806 πειρᾶσθαι
373 2750 438 2791 καὶ
468 2748 516 2790 τὸ
546 2749 637 2805 περὶ
666 2746 828 2790 πάντων
858 2748 924 2790 καὶ
955 2744 1002 2790 τό
1024 2747 1206 2802 παριέναι
1228 2747 1366 2802 μηθὲν
1392 2745 1483 2800 τάχ’
1512 2745 1561 2788 ἂν

126 2817 274 2868 δόξειεν
301 2815 400 2859 εἶναι
431 2823 596 2871 σημεῖον
630 2814 654 2870 ἢ
686 2818 838 2869 πολλῆς
866 2814 1055 2869 εὐηθείας
1083 2813 1279 2870 ἢπολλῆς
1299 2815 1558 2870 προθυμίας·

127 2885 175 2927 οὗ
203 2885 285 2939 μὴν
314 2883 469 2927 δίκαιόν
497 2901 539 2940 γε
569 2888 690 2926 πᾶσιν
720 2880 871 2935 ὁμοίως
904 2883 1104 2937 ἐπιτιμᾶν,
1140 2882 1234 2924 ἀλλ’
1268 2881 1368 2938 ὁρᾶν
1398 2883 1463 2924 δεῖ
1485 2881 1560 2935 τὴν
