1820 3158
325 360 414 402 132
472 369 766 407 EXCERPTA
791 368 867 405 EX
889 367 1179 405 COMMENT.
1203 367 1385 413 ALEX„
1414 367 1446 406 Ι.
1467 368 1606 406 PHIL.

319 475 389 529 τὴν
410 475 518 529 ὄψιν,
548 474 623 528 ἤδη
645 474 709 514 καὶ
736 473 864 514 νόθον
892 467 974 513 ἐστὶ
1003 472 1056 522 τὸ,
1077 472 1247 524 βιβλίον.
1285 469 1400 524 ἡνίκα
1427 473 1500 525 μὲν
1526 473 1602 528 γὰρ
1631 472 1722 514 σκό-

319 558 394 583 πον
423 543 497 594 ἔχει
526 539 546 581 ὃ
578 539 802 594 φιλόσοφος
830 539 919 592 περὶ
951 537 1085 590 ὅψεως
1118 539 1401 590 διαλεχθῆναι,
1446 538 1536 579 τότε
1563 538 1636 592 τὴν
1664 538 1723 580 οἶ-

312 609 425 649 ’κειάν
445 606 676 660 ἐμφαίνεται
698 604 832 655 δόξαν,
864 601 918 651 ὡς
940 603 1122 657 ἐποίησεν
1151 602 1191 644 ἓν
1211 607 1260 659 τῇ
1287 604 1375 659 περὶ
1405 603 1633 656 αἰσθήσεως
1660 605 1724 644 καὶ

320 675 526 724 αἰσθητῶν
563 671 813 728 πραγματεία
839 669 884 712 τὸ
917 669 1070 723 ἀληθὲς
1098 669 1348 724 παραδιδούς
1365 671 1426 723 *)·
1465 667 1655 717 ὡσαύτως
1682 670 1726 710 δὲ

319 739 383 779 καὶ
416 738 456 778 ἐν
484 741 534 791 τῇ
561 738 649 791 περὶ
678 741 812 789 ψυχῆς
832 737 904 790 **)
943 734 1014 789 τὴν
1052 734 1195 776 ἑαυτοῦ
1234 737 1415 791 ἐμφαίνει
1451 735 1573 784 δόξαν
1600 736 1634 776 εἲ
1661 736 1726 776 καὶ

320 807 460 858 σαφῶς
479 803 568 855 **Ἴ.
614 804 696 844 ἐκεῖ
718 802 793 857 γὰρ
824 801 895 855 την
925 801 1022 855 ὄψιν
1052 801 1143 842 κατ’
1177 801 1358 855 εἷσδοχην
1396 803 1655 857 ἐπρέσβευσεν
1683 800 1727 841 ἀ-

319 871 467 924 καίρως
496 868 568 921 τὴν
597 870 742 910 οἰκείαν
773 867 895 917 δόξαν
924 865 1186 922 δημοσιεύων.
1217 865 1333 921 ἡνίκα
1361 869 1405 909 δὲ
1433 866 1486 917 ὥς
1513 869 1553 910 ἓν
1581 884 1728 922 παρεκ-

317 935 431 988 βάσει
459 937 604 989 γίνεται
634 934 742 990 αὐτῷ
773 932 793 975 ὃ
823 933 961 988 λόγος,
990 933 1079 975 τότε
1108 937 1158 989 τῇ
1186 937 1265 975 τῶν
1294 937 1451 975 πολλῶν
1481 934 1577 989 δόξῃ
1606 949 1728 974 κατα-

320 1005 521 1043 κολουθεῖ.
558 999 690 1055 ὥσπερ
721 995 792 1041 οὗν
821 1000 862 1041 ἕν
886 1005 936 1056 τῇ
964 1004 1113 1055 φυσικῇ
1143 999 1331 1054 ἀκροάσει
1347 1001 1570 1053 πεποίηκεν,
1602 997 1729 1046 οὕτως

320 1069 385 1109 καὶ
414 1068 594 1109 ἐνταῦθα
622 1066 714 1108 κατ’
743 1065 947 1119 ἐκπομπην
975 1065 1206 1121 πρεσβεύων
1235 1064 1332 1107 εἶναι
1361 1066 1433 1119 τὴν
1462 1065 1581 1118 ὄψιν·
1611 1064 1729 1105 πάλιν

320 1134 420 1190 φασὶ
456 1133 584 1175 νόθον
621 1132 666 1174 τὸ
695 1131 826 1187 παρὸν
861 1133 1040 1184 βιβλίον,
1087 1132 1220 1184 ἐπειδὴ
1259 1136 1330 1186 τῆς
1366 1131 1621 1187 θερμότητος
1657 1134 1730 1171 τοῦ

320 1199 437 1255 ἀέρος
475 1201 649 1240 αἰτιᾶται
685 1198 756 1251 την
795 1197 1046 1254 παράτριψιν
1078 1202 1158 1239 τῶν
1188 1197 1357 1239 ἀκτίνων
1387 1197 1444 1251 μὴ
1475 1197 1605 1239 οὐσῶν
1635 1195 1725 1237 κατ’

320 1266 443 1308 αὐτόν
461 1264 524 1321 †).
571 1263 786 1318 ἀσώματον
813 1263 889 1318 γάρ
920 1263 966 1305 τὸ
996 1268 1084 1319 φῶς
1110 1263 1319 1316 βούλεται·
1367 1263 1470 1305 ὅπου
1498 1263 1573 1318 γὰρ
1603 1264 1638 1303 εἴ
1664 1263 1729 1303 καὶ

319 1332 468 1386 εἴησαν,
499 1331 593 1373 οὐδὲ
613 1329 742 1378 οὕτως
767 1329 966 1384 ἠδύναντο
997 1331 1334 1386 παρατρίβεσθαι,
1368 1328 1470 1370 διότι
1495 1329 1568 1370 οὐκ
1596 1328 1729 1381 ἒβςουσι

320 1397 442 1453 φύσιν
482 1397 688 1450 μάχεσθαι
710 1410 719 1419 ·
770 1395 822 1437 τὰ
856 1396 932 1452 γὰρ
972 1394 1140 1451 ὁμογενῆ
1177 1401 1262 1444 τοῖς
1300 1393 1501 1449 ὃμογενέσι
1536 1395 1728 1448 μάχεται.

321 1463 511 1516 ἀνόμοιος
541 1459 633 1504 δὲὸ
669 1461 747 1516 ἀὴρ
784 1462 887 1517 πρὸς
921 1462 972 1504 τὰ
1011 1461 1179 1517 οὐράνια
1217 1462 1320 1503 καθ’
1354 1459 1500 1503 αὑτόν·
1550 1460 1731 1513 πέμπτης

319 1529 394 1584 γὰρ
424 1533 552 1570 ταῦτα
580 1528 678 1582 λε’γει
707 1532 779 1580 τῆς
808 1528 967 1576 οὐσίας·
999 1529 1040 1569 τί
1066 1523 1136 1569 οὖν
1166 1528 1324 1583 φαμὲν;
1357 1527 1418 1569 ὅτι
1447 1530 1497 1582 τῇ
1525 1530 1604 1567 τῶν
1632 1529 1732 1566 πολ-

322 1599 401 1637 λῶν
440 1596 504 1636 καὶ
534 1590 575 1635 ἓν
603 1592 735 1650 τούτῳ
766 1593 864 1650 δόξῃ
895 1593 1264 1648 κατηκολούθησεν.
1316 1593 1434 1635 πάλιν
1473 1595 1574 1648 φασὶ
1602 1592 1731 1634 νόθον

321 1661 366 1703 τὸ
398 1660 527 1715 παρὸν
551 1661 731 1713 βιβλίον,
776 1660 879 1702 διότι
906 1660 977 1702 τὸν
1005 1660 1196 1714 γαλαξίαν
1224 1658 1361 1707 πάθος
1389 1657 1491 1700 εἶναί
1523 1674 1623 1713 φησι
1658 1661 1732 1698 τοῢ

322 1726 461 1781 ἀέρος,
500 1725 598 1781 ὅπερ
627 1727 800 1779 ψεῦδος·
840 1726 901 1768 ἀεὶ
928 1726 1003 1782 γὰρ
1035 1725 1228 1774 ὡσαύτως
1256 1726 1437 1780 φαίνεται
1468 1724 1581 1777 ἔχων,
1613 1722 1731 1765 ὁπότε

322 1795 387 1834 καὶ
414 1793 503 1847 περὶ
532 1792 657 1834 αὐτοῦ
686 1793 964 1849 ἀνεγράψαντο
994 1793 1032 1834 οἷ
1051 1794 1277 1834 Χαλδαῖοι·
1305 1793 1348 1833 τί
1363 1786 1434 1833 οὗν
1454 1790 1610 1846 φαμέν,·
1639 1789 1732 1831 οὐδὲ

323 1858 421 1899 αὐτὸ
442 1859 530 1912 περὶ
547 1858 693 1900 τούτου
709 1859 956 1914 ἀπεφήνατο.
979 1859 1117 1911 ἔχομεν
1134 1858 1210 1913 γὰρ
1229 1856 1379 1912 τρόφια
1390 1858 1469 1910 ††)
1488 1856 1611 1897 αὐτοῦ
1631 1855 1731 1897 ἀπο-

323 1924 520 1979 φήναντες
540 1925 675 1973 δεῖξαι,
703 1924 765 1966 ὅτι
783 1924 883 1978 μετὰ
900 1924 973 1978 τὴν
1001 1924 1282 1978 ἀπαρίθμησιν
1309 1924 1498 1977 γαλαξίου
1527 1921 1729 1975 ἐπήγαγεν.

324 1984 386 2032 ὧν
414 1988 475 2030 τὰ
500 1989 593 2042 μὲν
621 1989 943 2044 ἀποροῦμεν,
973 1993 1071 2031 τῶν
1100 1988 1141 2029 δ’
1169 1987 1512 2043 ἕφαπτόμεθα
1539 1986 1731 2043 τρόπον

322 2054 432 2098 τινά·
473 2056 538 2096 καὶ
567 2054 615 2096 οὗ
643 2057 731 2111 περὶ
760 2054 884 2097 άλλου
914 2054 1037 2108 οιμαι,
1067 2053 1130 2096 ὅτι
1159 2054 1311 2111 εἴρηται
1340 2054 1386 2096 τὸ
1419 2054 1730 2110 ἀποροῦμεν,

324 2123 358 2163 εἲ
385 2121 442 2176 μὴ
471 2122 560 2201 neg}
587 2126 659 2164 τοῦ
687 2123 890 2176 γαλαξίου.
950 2125 1157 2174 Olymp.

427 2184 491 2227 ‘H
521 2186 593 2236 εἷς
627 2189 688 2230 τὰ
723 2188 889 2244 μόρια
927 2188 1223 2242 διαίρεσις.]
1276 2186 1499 2240 Διαιρεῖται
1526 2183 1572 2225 τὸ
1603 2182 1733 2238 παρὸν

322 2253 481 2306 βιβλίον
515 2254 571 2301 εἲς
598 2254 795 2310 τέσσαρας
823 2253 985 2308 λόγους·
1030 2253 1095 2294 καὶ
1125 2252 1167 2294 ἐν
1192 2269 1266 2305 μεν
1292 2255 1350 2293 τῶ
1380 2252 1526 2306 πρώτῳ
1563 2249 1733 2304 παραδί-

325 2322 425 2362 δωσι
451 2319 504 2362 τὰ
533 2319 648 2373 πάθη
677 2320 808 2362 πάντα
836 2319 887 2361 τὰ
908 2320 951 2360 ἐκ
971 2323 1044 2372 τῆς
1070 2318 1306 2366 καπνώδους
1333 2314 1643 2369 ἀναθυμιάσεως
1667 2316 1733 2355 καὶ

323 2390 398 2439 τῆς
426 2385 701 2439 ἀτμιδώδους·
740 2387 782 2428 ἔν
811 2386 855 2427 δὲ
882 2389 941 2442 τῷ
971 2385 1111 2440 πέρατι
1139 2380 1208 2426 καί
1234 2401 1322 2425 τινα
1351 2387 1462 2438 σαφῆ
1482 2382 1732 2437 παραδίδωσι

324 2451 375 2492 τὰ
402 2451 518 2506 πάθη
548 2452 681 2494 πάντα
708 2456 781 2506 τῆς
813 2451 1072 2500 καπνώδους·
1117 2449 1267 2504 ὁμοίως
1294 2450 1339 2491 δὲ
1376 2449 1440 2490 καὶ
1478 2448 1519 2488 ἐν
1555 2450 1613 2502 τῷ
1642 2447 1732 2486 δευ-

369 2605 403 2645 *)
429 2604 511 2648 Cap.
535 2608 566 2639 3.
596 2618 630 2650 p.
655 2605 735 2649 440,
760 2618 791 2640 a.
1108 2606 1161 2645 **)
1189 2606 1234 2647 11,
1258 2607 1291 2638 7.
1313 2615 1347 2646 p.
1371 2601 1448 2642 418,
1475 2601 1506 2633 b.
1531 2611 1584 2643 sq.

367 2663 438 2709 ***)
462 2667 537 2700 Sor.
560 2664 716 2712 α’σαφῶς.
1105 2666 1145 2710 ᾧ)
1169 2667 1244 2700 Scr.
1266 2659 1364 2696 καθ’
1380 2658 1504 2696 αὑτόν.

367 2731 431 2775 -Η-)
465 2734 581 2768 Locus
614 2735 738 2777 procul
770 2735 875 2768 dubio
903 2739 1109 2778 commum,
1148 2729 1305 2774 quamvis
1331 2727 1525 2773 intelligere
1547 2738 1729 2771 nequeam,

413 2790 588 2831 quomodo
612 2790 783 2822 sanandus
807 2789 861 2822 sit.
