1820 3158
321 383 381 426 98
428 389 822 433 —1›·362‚b-Bekk·—
887 391 1051 431 LIB.11.
1077 393 1255 432 GARV.
1333 393 1699 438 —p.34ss,0.cz2s.-

318 500 382 541 καὶ
411 499 496 541 οὔτ’
530 498 703 539 ἐπέκεινα
731 499 810 538 τῶν
840 500 1020 551 τροπῶν·
1058 498 1148 540 σκιὰ
1176 499 1251 555 γὰρ
1281 499 1352 542 οὐκ
1382 500 1442 542 ἀεὶ
1471 502 1519 543 ἂν
1546 498 1596 557 ἦν
1623 504 1724 558 πρὸς

316 564 487 621 ἄρκτον,
531 567 600 605 νῦν
638 562 678 603 δ’
716 562 893 617 ἀοίκητοι
932 564 1128 621 πρότερον
1163 567 1337 620 γίνονται
1366 567 1404 608 οἳ
1433 567 1549 610 τόποι
1579 571 1670 624 πρὶν
1698 569 1723 623 ἢ

315 629 538 672 ὖπολείπειν
565 628 590 682 ἢ
618 627 881 682 μεταβάλλειν
908 630 983 684 τὴν
1013 631 1127 672 σκιὰν
1151 631 1253 687 πρὸς
1282 636 1555 689 μεσημβρίαν·
1592 634 1643 675 τὰ
1669 636 1721 676 θ’

265 703 313 738 12
329 694 406 738 ὑπὸ
437 695 509 749 τὴν
537 694 684 750 ἄρκτον
713 693 790 736 ὕπὸ
822 694 981 749 ψύχους
1009 697 1189 751 ἀοίκητα.
1278 706 1342 741 12.
1389 700 1558 755 Φέρεται
1588 701 1632 741 δὲ
1662 703 1727 742 καὶ

315 761 336 804 ὃ
359 762 555 817 στέφανος
583 761 683 803 κατὰ
708 765 851 803 τοῦτον
882 761 950 805 τὸν
976 763 1122 805 τόπον·
1159 767 1340 820 φαίνεται
1369 765 1444 822 γὰρ
1473 764 1572 822 ὑπὲρ
1603 783 1727 822 κεφα-

266 835 312 869 13
329 832 416 876 λαῖς
444 827 647 882 γινόμενος
673 826 781 882 ἡμῖν,
814 828 912 871 ὅταν
938 825 1086 885 ᾗκατὰ
1114 829 1182 872 τᾶν
1209 832 1494 888 μεσημβρινόν.
1554 840 1619 875 13.
1649 833 1727 875 Διὸ

316 895 381 936 καὶ
407 895 569 949 γελοίως
595 894 795 950 γράφουσι
825 900 895 937 νῦν
923 896 996 945 τὰς
1022 896 1233 952 περιόδους
1267 903 1340 952 τῆς
1375 903 1471 954 γῆς·
1529 899 1727 955 γράφουσι

315 961 391 1017 γὰρ
421 965 637 1018 κυκλοτερῆ
664 963 737 1016 τὴν
765 963 1019 1016 οἴκουμένην,
1057 967 1176 1005 τοῦτο
1202 963 1243 1005 δ’
1267 964 1376 1006 ἐστὶν
1403 965 1602 1007 ἀδύνατον
1627 966 1729 1007 κατὰ

315 1044 356 1070 τε
384 1027 436 1069 τὰ
464 1028 687 1083 φαινόμενα
715 1030 779 1070 καὶ
809 1029 911 1070 κατὰ
940 1029 1010 1070 τὸν
1039 1028 1168 1084 λόγον.
1210 1028 1232 1071 ὅ
1255 1047 1296 1072 τε
1325 1031 1401 1087 γὰρ
1432 1031 1548 1086 λόγος
1578 1035 1729 1073 δείκνυ-

315 1107 376 1135 σιν
405 1093 466 1135 ὅτι
495 1095 558 1134 ἐπὶ
586 1094 738 1142 πλάτος
763 1095 837 1147 μὲν
866 1094 1054 1150 ὥρισται,
1093 1095 1139 1137 τὸ
1171 1096 1215 1137 δὲ
1246 1096 1377 1154 κύκλῳ
1417 1098 1627 1140 συνάπτειν
1665 1099 1723 1139 ἐν·

315 1160 467 1213 δέχεται
496 1159 563 1201 διὰ
591 1152 665 1214 τὴν
692 1165 832 1215 κρᾶσιν
871 1161 945 1215 (οὗ
974 1161 1050 1216 γὰρ
1078 1159 1316 1217 ὗπερβάλλει
1353 1162 1405 1205 τὰ
1440 1164 1626 1218 καύματα
1664 1166 1729 1206 καὶ

313 1225 359 1267 τὸ
390 1230 519 1279 ψῦχος
548 1225 651 1267 κατὰ
675 1231 818 1280 μῆκος,
850 1226 942 1268 ἀλλ’
976 1228 1039 1268 ἐπὶ
1067 1226 1242 1280 πλάτος,
1270 1228 1370 1270 ὥστ’
1397 1231 1432 1270 εἷ
1457 1229 1514 1283 μή
1547 1247 1626 1272 που
1655 1247 1730 1272 κω-

314 1291 396 1333 λύει
424 1291 634 1345 θαλάττης
672 1296 832 1346 πλῆθος
873 1292 981 1335 ἅπαν
1020 1292 1117 1336 εἶναι
1152 1294 1418 1349 πορεύσιμον)
1456 1298 1521 1337 καὶ
1552 1295 1654 1337 κατὰ
1680 1296 1731 1337 τὰ

264 1357 546 1413 14φαινόμενα
572 1360 665 1412 περί
689 1375 731 1400 τε
756 1359 851 1408 τοὺς
878 1363 1003 1409 πλοῦς
1030 1361 1095 1402 καὶ
1113 1358 1186 1408 τὰς
1203 1362 1377 1413 πορείας.
1429 1368 1492 1403 14.
1517 1362 1634 1404 Πολὺ
1654 1362 1728 1417 γὰρ

314 1423 360 1465 τό
387 1428 515 1478 μῆκος
543 1425 723 1480 διαφέρει
751 1431 822 1468 τοῦ
851 1425 1039 1475 πλάτους.
1080 1425 1126 1468 τὸ
1154 1425 1230 1481 γάρ
1262 1426 1341 1468 ἀπὸ
1363 1425 1613 1482 εΙ·Ιρακλείων
1633 1445 1730 1482 στη-

315 1493 395 1531 λῶν
431 1489 546 1545 μέχρι
583 1495 658 1544 τῆς
691 1491 859 1546 Ἰνδικῆς
893 1497 964 1534 τοῦ
993 1493 1035 1542 ἐξ
1059 1494 1288 1541 Αἷθιοπίας
1314 1494 1413 1548 πρὸς
1439 1492 1512 1547 τήν
1541 1497 1730 1537 Μαιῶτιν

316 1556 380 1596 καὶ
407 1555 501 1604 τοὺς
530 1556 815 1609 ε’σχατεύοντας
843 1562 914 1612 τῆς
934 1559 1116 1607 Σκυθίας
1142 1558 1291 1608 τόπους
1314 1560 1433 1602 πλέον
1452 1559 1477 1614 ἢ
1499 1561 1611 1602 πέντε
1633 1560 1731 1617 πρὸς

317 1701 414 1727 vero
453 1692 535 1728 sola
572 1690 782 1730 inhabitari
821 1699 1006 1743 possunt,
1051 1707 1130 1730 non
1163 1707 1207 1730 ea
1227 1723 1237 1741 ,
1284 1707 1381 1744 quae
1418 1695 1522 1732 ultra
1558 1695 1729 1743 tropicos

317 1752 539 1793 habentur:
585 1770 665 1793 non
707 1758 812 1795 enim
855 1772 1014 1809 semper
1056 1759 1105 1796 ad
1144 1760 1430 1810 septentriones
1479 1761 1618 1797 umbra
1658 1773 1730 1795 ex-

318 1819 443 1857 sistit:
491 1834 596 1859 nunc
634 1835 733 1860 vero
773 1824 859 1861 loca
897 1824 1173 1862 inhabitabilia
1192 1826 1303 1875 prius
1329 1825 1571 1873 redduntur,
1612 1838 1727 1875 quam

317 1890 384 1922 aut
401 1885 556 1923 deficiat
572 1893 639 1925 aut
658 1888 707 1925 ad
726 1889 935 1927 meridiem
952 1890 1091 1927 umbra
1113 1897 1299 1928 mutetur.
1360 1892 1472 1940 Quae
1492 1897 1620 1928 autem
1638 1897 1730 1928 sunt

315 1951 386 1988 sub
407 1954 761 2002 septentrionibus,
791 1968 888 2006 prae
907 1956 1056 2006 frigore
1073 1955 1242 1993 habitari
1267 1962 1478 2007 nequeunt.
1537 1961 1600 1995 12.
1628 1958 1729 1994 Fer-

318 2022 384 2054 tur
402 2023 441 2055 et
463 2030 608 2056 corona
634 2033 708 2070 per
737 2020 842 2058 hunc
866 2022 1009 2059 locum.
1067 2022 1244 2072 Apparet
1265 2022 1369 2058 enim
1391 2022 1504 2060 nobis
1525 2036 1639 2073 supra
1665 2036 1729 2060 ca—

316 2083 412 2132 pite,
433 2095 522 2121 cum
541 2084 583 2122 in
600 2085 749 2124 circulo
770 2093 828 2124 est
846 2087 1105 2125 meridionali.
1165 2091 1224 2125 13.
1257 2088 1454 2137 Quocirca
1474 2101 1579 2126 nunc
1599 2094 1730 2126 terrae

317 2148 500 2186 circuitus
517 2149 684 2189 ridicule
704 2151 993 2190 describuntur.
1018 2153 1281 2191 Habitabilem
1303 2154 1410 2191 enim
1431 2160 1578 2192 terram
1597 2155 1638 2192 in
1662 2169 1730 2192 or-

317 2214 404 2251 bem
427 2216 612 2265 pingunt,
643 2218 749 2268 quod
768 2224 851 2256 tum
873 2232 924 2256 ex
944 2220 1248 2270 apparentibus,
1277 2226 1362 2257 tum
1392 2234 1442 2258 ex
1467 2221 1622 2258 ratione
1643 2221 1730 2258 fieri

316 2281 461 2330 nequit.
519 2284 617 2320 Eam
644 2284 750 2321 enim
775 2284 983 2323 latitudine
1008 2286 1257 2323 terminatam
1285 2300 1387 2333 esse,
1416 2287 1517 2324 ratio
1540 2287 1728 2325 ostendit:

317 2345 464 2383 circulo
493 2355 623 2386 autem
649 2350 699 2387 ob
729 2351 960 2402 temperiem
990 2351 1174 2402 coniungi
1206 2357 1358 2402 potest,
1391 2349 1727 2403 (quandoquidem

316 2411 358 2449 in
382 2411 631 2451 latitudinem
659 2422 786 2454 aestus
813 2423 852 2454 et
876 2418 1026 2468 frigora
1050 2424 1312 2468 exsuperant,
1344 2431 1423 2455 non
1451 2419 1493 2455 in
1514 2417 1730 2467 longitudi-

317 2490 428 2515 nem:
459 2481 715 2528 quamobrem
733 2484 874 2533 pervia
891 2489 973 2521 tota
993 2490 1063 2532 est,
1095 2484 1168 2521 nisi
1191 2497 1300 2521 mare
1321 2483 1462 2522 alicubi
1481 2482 1726 2533 prohibeat);

317 2542 412 2591 quin
452 2551 491 2581 et
518 2559 585 2590 ea,
625 2559 724 2597 quae
762 2562 812 2586 ex
850 2550 1165 2599 navigationibus
1202 2549 1489 2598 itineribusque
1525 2550 1723 2593 apparent.

321 2604 383 2642 14.
412 2609 638 2656 Longitudo
662 2614 767 2651 enim
786 2615 1036 2654 latitudinem
1063 2617 1232 2653 multum
1261 2614 1432 2652 excellit·
1490 2608 1592 2645 Nam
1618 2609 1725 2660 quod

318 2669 365 2706 ab
390 2660 571 2710 Herculis
597 2677 787 2715 columnis
817 2680 866 2716 ad
894 2686 1041 2717 terram
1072 2690 1194 2728 usque
1216 2675 1387 2714 Indicam
1415 2674 1650 2724 porrigitur,
1681 2675 1724 2712 id

319 2735 423 2787 quod
455 2737 502 2773 ab
531 2739 741 2792 Aethiopia
772 2758 895 2794 usque
924 2744 974 2781 ad
1005 2743 1192 2782 Maeotim
1231 2747 1270 2777 et
1308 2745 1508 2776 extremos
1541 2739 1724 2790 Scythiae

319 2801 505 2839 terminos
542 2806 750 2856 pertingit,
807 2810 946 2847 maiori
988 2813 1147 2858 superat
1185 2806 1356 2852 ratione,
1398 2818 1513 2854 quam
1554 2806 1723 2857 quinque
