1774 3198
439 360 659 401 LIBRUM
687 356 928 398 PRIMUM.
986 355 1103 396 GAP.
1116 355 1214 396 XII.
1443 341 1539 386 443

109 474 247 532 λύβδῳ
270 477 359 517 cas.
407 476 514 515 Vide
534 477 715 527 Interpp.
737 472 788 512 ad
809 470 1028 513 Moerid.
1059 483 1101 522 Ρ.
1114 468 1196 507 246
1226 465 1289 505 ed.
1306 463 1458 505 Koch.
1489 486 1540 492 —

109 547 371 598 congelatum
400 559 484 583 esse
507 542 684 583 Pontum
707 541 912 581 Euxinum
939 538 1111 590 antiquis
1144 534 1392 588 temporibus
1425 537 1466 571 et
1490 544 1544 570 ex

108 614 187 652 hoc
208 615 298 653 loco
321 619 432 666 patet
461 618 500 651 et
525 626 577 651 ex
606 609 884 651 Herodoto
911 614 1052 646 notum
1072 612 1131 644 est
1151 606 1225 655 IV,
1247 606 1301 643 28
1331 608 1372 640 et
1400 601 1545 639 Stra-

108 682 242 721 bone
270 683 322 721 ΙΙ.
361 695 403 733 p.
439 684 542 731 126,
572 682 619 719 B.
678 678 973 730 Argumentum
1002 674 1098 714 inde
1122 673 1325 726 repetiere
1349 667 1546 716 nonnulli,

108 751 175 802 qui
212 750 417 788 climatum
448 749 706 787 mutationem
735 746 830 785 inde
860 760 884 784 a
907 746 1158 784 Graecorum
1191 742 1548 788 Romanorumque

108 824 237 856 aetate
255 817 306 856 ad
325 823 502 856 nostram
527 817 670 855 factam
697 829 781 854 esse
806 813 1072 861 contendunt,
1101 825 1140 850 v.
1166 823 1200 849 c.
1228 811 1304 849 Ma
1316 822 1378 846 nn
1406 805 1550 859 (Com-

109 893 286 923 mentat.
311 885 449 923 Acad.
479 883 679 922 Theodor.
702 883 850 921 Palat.
879 882 974 920 Vol.
997 881 1071 919 VI.
1101 878 1225 930 Phys.
1252 891 1296 929 p.
1320 880 1438 915 82—
1454 877 1546 913 111.

110 952 249 991 Gren
277 953 463 990 Journal
480 952 553 989 der
570 951 725 1002 Physik
748 953 802 991 H.
831 963 874 1002 p.
894 953 975 988 231
998 962 1082 1001 sqq.
1113 961 1232 1000 quem
1251 946 1471 984 refutatum
1491 942 1548 982 ivi

109 1021 330 1060 Meteorol.
351 1027 431 1059 vet.
457 1020 603 1058 Graec.
622 1026 661 1056 et
679 1020 800 1057 Rom.
819 1019 898 1066 XI,
919 1019 986 1056 56.
1016 1030 1057 1068 Ρ.
1080 1016 1161 1055 224
1176 1015 1322 1054 -254
1355 1020 1397 1051 et
1413 1013 1456 1051 in
1474 1025 1550 1064 pe-

111 1089 253 1127 culiari
274 1088 551 1127 dissertatione
567 1100 689 1138 supra
710 1085 867 1125 laudata
884 1084 934 1122 ad
953 1085 983 1130 Ι,
996 1089 1036 1130 3,
1051 1087 1115 1124 17.
1144 1097 1182 1135 p.
1203 1079 1471 1133 449—504)
1499 1087 1550 1129 et,

113 1170 233 1208 quem
262 1170 370 1195 nunc
395 1156 523 1205 addo,
563 1156 775 1193 Gronau
810 1153 854 1190 in
882 1153 1000 1190 Neue
1029 1150 1246 1202 Schriften
1283 1151 1357 1189 der
1389 1149 1551 1188 Berlin.

115 1224 333 1263 Geseltsch.
355 1221 537 1273 Naturf.
557 1220 746 1260 Freunde
770 1221 844 1260 IV.
876 1234 913 1272 p.
937 1221 989 1259 59
1008 1233 1091 1272 sqq.
1150 1220 1288 1259 Falsus
1313 1224 1448 1257 tamen
1468 1231 1553 1256 esse

113 1292 266 1344 duplici
294 1297 531 1343 argumento
556 1295 689 1342 potest
714 1289 992 1341 comprobari:
1028 1302 1160 1340 neque
1181 1288 1288 1326 enim
1309 1300 1425 1338 saepe
1443 1287 1553 1324 Pon-

110 1366 197 1399 tum
216 1361 423 1399 Euxinum
443 1359 565 1410 glacie
592 1357 828 1410 permeabili
852 1357 974 1397 fuisse
999 1357 1218 1409 antiquitus
1245 1362 1473 1394 contectum
1502 1366 1555 1391 ex

113 1429 274 1468 Tauri
297 1427 405 1480 apud
424 1427 647 1467 Gellium
669 1424 1101 1475 Noct.Att.XV11‚8.
1118 1440 1155 1476 p.
1168 1428 1250 1464 766
1269 1430 1309 1463 et
1326 1422 1554 1462 Macrob.

115 1494 335 1534 Satur-nal.
360 1497 460 1546 VH,
485 1499 550 1533 12.
580 1509 620 1546 p.
641 1493 721 1533 436
753 1495 910 1545 verbis,
938 1496 982 1532 in
1003 1493 1147 1545 quibus
1169 1507 1235 1531 res
1260 1493 1347 1531 fere
1372 1497 1557 1542 negatur,

112 1565 391 1616 consequitur3
427 1574 557 1614 neque
584 1563 750 1600 minime
776 1562 817 1600 id
839 1562 1026 1614 deinceps
1056 1568 1124 1599 aut
1150 1566 1286 1599 nostra
1313 1561 1399 1611 ipsa
1428 1564 1558 1597 aetate

114 1631 272 1680 accidit,
303 1631 532 1669 auctoribus
555 1631 620 1669 ce
634 1630 726 1668 dre
739 1644 764 1668 n
777 1644 823 1675 ο,
853 1632 919 1668 Ζο
932 1643 1074 1679 nara,
1104 1628 1438 1675 Cantemirio‚
1459 1627 1558 1665 aliis.

116 1698 201 1737 Cfr.
232 1699 409 1736 Pallas
441 1699 566 1735 Reise
592 1698 638 1734 in
668 1697 734 1734 die
760 1693 983 1737 hildae-ken
1006 1695 1460 1747 Staitlzaltersclzafien
1489 1695 1559 1733 dee

118 1767 243 1804 Rass.
261 1766 454 1803 Reiclzes.
470 1765 564 1804 Vol.
577 1765 632 1804 ΙΙ.
657 1778 697 1816 Ρ.
711 1765 807 1804 284.
840 1766 924 1804 Oli
937 1766 1048 1804 vier
1082 1767 1278 1816 Voyages
1299 1764 1407 1802 dans
1429 1762 1561 1801 l’Em-

112 1835 208 1885 pire
232 1833 456 1872 Othoman.
486 1834 515 1872 Ι.
547 1847 588 1885 p.
609 1832 705 1871 224.
745 1833 947 1872 Addimus
972 1834 1091 1871 etiam
1120 1833 1412 1872 Marianum
1443 1832 1560 1869 Sco-

116 1907 222 1939 tum
263 1899 489 1952 (Clzronic.
529 1901 598 1940 lib.
624 1903 691 1941 ΠΙ.
730 1908 806 1940 aet.
833 1903 904 1942 VI.
943 1915 984 1953 p.
1006 1901 1110 1951 439,
1137 1901 1190 1940 40
1230 1900 1338 1952 apud
1368 1900 1559 1938 Pistor.

117 1967 293 2019 Scriptt.
312 1970 411 2006 Rer.
435 1968 568 2006 Germ.
593 1969 712 2008 Tom.
736 1971 768 2008 I.
800 1970 864 2008 ed.
879 1971 1068 2009 Francof.
1083 1969 1135 2007 ad
1154 1971 1290 2009 Moen.
1304 1972 1426 2006 1613.
1446 1965 1535 2019 fol.)
1549 1982 1561 2004 .·

115 2036 242 2075 Anno
262 2040 318 2075 32
341 2040 455 2087 regni
469 2037 616 2074 Caroli
628 2034 718 2090 fuit
735 2052 938 2090 magnum
954 2039 1055 2091 gelu
1074 2046 1114 2075 et
1135 2038 1466 2086 amarissimum,
1483 2051 1562 2089 quo

115 2105 296 2156 pelagus
314 2106 444 2143 Ponti
469 2119 594 2157 usque
619 2104 676 2143 ad
704 2107 784 2144 100
814 2106 1021 2144 milliaria
1049 2109 1095 2144 in
1118 2105 1285 2143 Oriente
1315 2106 1359 2142 in
1375 2104 1563 2157 glaciem

119 2185 281 2209 versum
302 2180 384 2221 est,
415 2174 577 2212 hahens
597 2175 760 2213 cubitos
784 2186 812 2211 a
834 2174 1057 2225 superficie
1086 2175 1131 2211 in
1157 2173 1417 2224 profundam
1438 2175 1564 2226 quin-

122 2239 345 2290 quaginta.

236 2310 302 2346 19.
344 2311 435 2353 ταῖς
462 2303 588 2361 ὥραις
617 2307 683 2347 καὶ
711 2313 802 2356 ταῖς
826 2306 980 2363 χώραις
1006 2310 1172 2357 inverso
1197 2309 1341 2348 ordine
1365 2312 1413 2349 F.
1433 2311 1485 2349 H.
1507 2311 1562 2350 N.

123 2374 233 2414 Cam.
257 2375 299 2411 S.
330 2380 375 2413 ut
395 2388 516 2427 supra
542 2377 582 2424 1,
609 2380 658 2415 11
674 2407 685 2427 ,
707 2381 755 2416 3:
786 2373 898 2430 ὥρας
917 2374 943 2429 ἢ
959 2374 1110 2430 χώρας.
1156 2379 1213 2417 At
1231 2379 1417 2427 recurrit,
1444 2393 1565 2431 quem

121 2442 270 2494 reliqui
300 2450 516 2482 servarunt
549 2443 756 2494 ordinem,
794 2446 901 2484 infra
922 2447 982 2495 ΙΙ,
1005 2449 1056 2485 7:
1089 2441 1179 2485 οὔτε
1207 2442 1284 2498 γὰρ
1310 2447 1442 2500 χῶραι
1474 2443 1563 2486 οὔτε

124 2500 240 2563 ὧραι.
299 2510 351 2549 Α.
370 2524 447 2562 Ρι·ο
462 2508 618 2565 χώραις
644 2513 793 2551 iterum
813 2514 983 2565 praebet
1005 2509 1142 2567 ὥραις.
1158 2535 1210 2540 -
1240 2512 1388 2566 γίνεται
1412 2513 1458 2554 δὲ
1475 2515 1570 2568 περί

125 2578 271 2616 omisso
300 2577 371 2617 καί
395 2581 443 2618 Ε.
483 2599 540 2606 -—
581 2576 804 2633 Ἀρραβίαν
843 2583 891 2620 F.
923 2582 972 2620 H.
1002 2582 1057 2622 N.
1115 2581 1224 2621 Vide
1251 2583 1567 2636 Bernhardy

124 2645 177 2683 ad
195 2646 408 2698 Dionys.
434 2645 598 2699 Perieg.
621 2648 690 2687 24.
722 2663 760 2701 p.
783 2651 877 2688 530.
906 2649 1210 2688 Eustathius
1237 2650 1285 2688 ad
1308 2651 1433 2690 eiusd.
1453 2651 1565 2703 poe't.

126 2716 276 2788 ‘29²⁷'
296 2728 332 2766 Ρ.
349 2714 548 2776 28ἑ11ειεο
569 2723 728 2755 monet:
760 2713 980 2768 βούλονται
1009 2717 1152 2757 πολλοὶ
1183 2714 1432 2757 ἀναδιπλοῦν
1459 2708 1564 2773 τὸῖ,

127 2791 183 2825 ως
199 2776 278 2820 ἀπὸ
305 2783 381 2833 τῆς
409 2797 435 2821 α
465 2780 691 2837 στερήσεως
716 2784 782 2823 καὶ
803 2787 876 2824 τοῦ
894 2782 1049 2839 ῥάπτω,
1079 2781 1218 2840 ῥάψω,
1250 2783 1471 2826 κάντεῦθεν
1493 2784 1566 2839 τὴν

126 2848 208 2887 τῶν
230 2844 418 2902 Ἀράβων
442 2851 604 2902 κλῆσιν,
646 2846 733 2892 οἷον
763 2849 1090 2907 συρράπτουσιν,
1135 2849 1192 2901 ὡς
1213 2851 1272 2906 μὴ
1303 2851 1566 2908 ῥαπτομένων
