1812 3158
430 379 650 419 LIBRUM
679 377 918 418 PRIMUM.
976 376 1092 417 cAP.
1121 376 1194 415 VI.
1439 361 1533 407 387

98 493 205 532 idem
231 498 451 544 punctum,
489 492 597 532 unde
620 498 734 531 antea
763 491 999 538 videbatur,
1026 501 1251 540 regressum
1277 487 1340 526 sit.
1400 487 1535 539 Atque

97 561 199 600 hanc
223 561 363 599 sideris
390 561 690 600 derelictionem
720 558 772 598 ad
794 558 1089 611 septentriones
1120 570 1203 595 esse
1231 555 1287 594 ait
1314 561 1355 594 et
1382 554 1434 594 ad
1460 568 1534 593 au-

97 635 238 668 strum.
298 629 404 667 Nam
433 629 570 667 stellae
599 633 777 667 errantes
802 632 963 677 praeter
991 631 1142 664 motum
1169 625 1211 663 in
1230 623 1533 679 longitudinem,

96 702 250 734 motum
270 696 490 734 latitudinis
509 695 668 744 habent,
688 708 764 747 qua
788 695 836 733 ab
858 693 1061 746 eccliptica
1073 722 1084 743 ,
1114 706 1188 745 per
1210 706 1328 744 quam
1347 692 1408 731 sol
1436 705 1533 744 per-

95 772 219 817 petuo
237 765 381 815 fertur,
413 764 464 803 ad
483 763 788 816 septentriones,
817 767 886 800 aut
903 761 954 799 ad
971 767 1150 800 austrum
1169 760 1382 799 declinant.
1419 759 1534 799 Nihil

96 838 194 871 tunc
223 833 376 882 obstat,
415 831 628 883 quominus
649 836 689 868 et
707 830 749 868 in
768 829 1060 881 longitudinem
1080 828 1271 881 digressio
1292 828 1425 880 aliqua
1448 841 1533 866 esse

96 901 233 952 possit.
245 900 270 920 “
323 901 432 938 Haec
460 899 878 947 Vicomercatus‚
908 911 1008 950 quae
1034 911 1116 936 non
1145 897 1288 935 melius
1303 909 1422 948 quam
1447 895 1532 934 eius

94 967 232 1007 verbis
270 968 470 1019 explicare
503 972 700 1018 poteram.
751 989 808 995 —
864 961 968 1019 πρὸς
997 960 1120 1004 αὐτὸν
1149 978 1225 1017 pro
1255 959 1360 1017 πρὸς
1387 958 1532 1002 ἔαυτόν

93 1035 213 1073 solito
231 1048 371 1074 errore
391 1035 444 1073 N.
471 1056 529 1063 —
557 1028 636 1072 ὑπὸ
666 1034 740 1084 τῆς
765 1028 882 1084 ἡλίου
911 1033 1045 1086 φορᾶς
1070 1033 1120 1071 Ε.
1146 1032 1292 1070 omisso
1310 1031 1439 1070 altero
1461 1044 1530 1069 ar-

93 1102 233 1141 ticulo.
266 1126 316 1131 —
369 1104 472 1142 Mox
498 1100 659 1152 insignis
687 1106 747 1138 est
773 1100 956 1138 lectionis
979 1100 1164 1139 varietas.
1224 1098 1324 1138 Cod.
1350 1100 1398 1137 E.
1422 1099 1530 1137 enim

91 1170 319 1208 recentiore
352 1182 472 1208 manu
507 1169 549 1206 in
578 1169 700 1207 litura
729 1166 850 1205 habet
878 1162 926 1205 τὸ
956 1161 1057 1219 ’ὑπὲρ
1088 1166 1161 1217 τῆς
1187 1167 1259 1218 γῆς
1285 1166 1428 1217 τμῆμα
1455 1167 1530 1205 τοῦ

91 1233 254 1276 κύκλου.
286 1239 334 1276 Α.
356 1239 428 1276 Er.
460 1231 508 1275 τὸ
534 1231 618 1274 ἄνω
646 1235 721 1274 τοῦ
749 1230 922 1283 κύκλου,
953 1247 1054 1285 quae
1076 1246 1175 1273 vera
1196 1234 1316 1272 lectio
1340 1233 1440 1272 mihi
1463 1234 1530 1273 vi-
1597 1264 1600 1277 ,

91 1304 222 1354 detur,
250 1306 374 1343 altera
391 1304 459 1343 illa
477 1318 498 1342 a
518 1302 745 1355 glossatoris
764 1315 885 1340 manu
902 1302 1097 1353 profecta,
1115 1301 1224 1340 unde
1243 1307 1415 1353 utraque
1432 1315 1529 1340 con-

87 1372 232 1411 iuncta>
252 1378 419 1424 apparet
454 1372 498 1410 in
531 1370 669 1409 codice
700 1370 996 1410 Aocoramboni
1036 1368 1178 1422 (Vera
1215 1383 1327 1407 mena
1349 1369 1528 1407 Aristot.

86 1452 128 1490 p.
151 1437 251 1492 474)
279 1436 325 1478 τὸ
343 1436 428 1479 ἅνω
456 1434 557 1492 ὗπὲρ
587 1439 662 1490 τῆς
688 1439 761 1491 γῆς
787 1439 929 1490 τμῆμα
957 1434 1121 1476 κύκλου.
1180 1437 1406 1488 Utramque
1429 1437 1530 1475 scri-

87 1513 247 1557 pturam
277 1508 355 1546 iam
383 1507 427 1545 in
456 1507 569 1546 libris
597 1507 811 1546 invenerat
838 1509 932 1557 Bag.
991 1505 1129 1544 Vertit
1157 1504 1285 1543 enim:
1323 1504 1400 1542 sed
1427 1507 1528 1555 quia

82 1587 229 1623 parva
250 1583 311 1612 est
329 1574 455 1612 sectio
477 1574 638 1623 circuli,
668 1587 776 1624 quae
794 1586 925 1623 supra
947 1579 1127 1618 terram,
1161 1584 1271 1623 quae
1295 1579 1436 1610 autem
1456 1573 1528 1610 de-

89 1652 226 1678 orsum
259 1641 500 1690 multiplex,
537 1655 619 1678 non
643 1654 767 1691 posse
790 1643 925 1679 visum
953 1640 1169 1678 hominum
1185 1640 1387 1692 fractum
1408 1639 1530 1691 ferri

89 1707 148 1744 ad
162 1708 286 1745 solem
309 1714 350 1746 et
367 1708 410 1745 in
430 1708 609 1759 margine
630 1708 762 1747 addit:
794 1709 871 1747 αλ.
890 1707 975 1753 sed,
999 1708 1103 1759 quia
1117 1720 1303 1758 parvum
1324 1713 1397 1756 est,
1418 1706 1531 1758 quod

87 1785 220 1822 supra
242 1776 376 1823 ipsius
395 1776 558 1825 circuli,
588 1776 704 1827 quod
721 1790 819 1814 vero
840 1773 973 1830 infra,
1004 1774 1133 1812 multo
1156 1774 1382 1824 copiosius.
1442 1774 1527 1812 Ge-

87 1839 252 1878 nuinam
269 1840 482 1880 lectionem
501 1843 706 1882 revocavi.
730 1867 780 1872 —
810 1838 912 1896 ὖπέρ
941 1838 1015 1893 τὴν
1042 1842 1115 1894 γῆν
1144 1842 1190 1879 Ρ.
1212 1841 1252 1879 S.
1271 1842 1358 1880 Cas.
1390 1842 1458 1893 qui
1483 1843 1525 1880 in

86 1908 264 1959 margine
294 1897 373 1961 y—Qs
395 1903 498 1962 ὑπὲρ
526 1911 600 1956 τῗς
628 1911 713 1962 γῆς.
772 1910 852 1949 Sed
883 1916 923 1949 et
951 1923 1051 1961 quae
1080 1915 1304 1961 sequuntur
1335 1915 1527 1962 corrupta

85 1988 172 2014 esse
191 1975 295 2014 vidit
310 1977 388 2014 iam
408 1978 763 2029 Koenigmann
781 1979 931 2030 Geogr.
953 1978 1169 2016 Aristotel.
1190 1990 1230 2028 p.
1245 1979 1311 2015 63.
1332 1983 1418 2016 not.
1431 1979 1523 2017 162.

83 2055 160 2094 pro
181 2044 239 2098 τῷ
271 2045 451 2099 τροπικῷ
478 2059 679 2097 reponere
699 2046 841 2084 iubens
860 2047 919 2100 τῷ
937 2043 1082 2099 νοτίῳ,
1115 2058 1233 2096 quam
1252 2044 1524 2083 coniecturam

83 2111 342 2172 certisQam
363 2125 478 2161 sane,
508 2113 665 2164 egregie
688 2113 846 2159 firmat,
876 2113 985 2165 quod
1010 2114 1057 2151 E.
1085 2113 1196 2151 Cam.
1227 2111 1377 2150 habent
1405 2109 1523 2166 νότῳ.

86 2177 174 2215 Cas.
211 2191 275 2229 γρ.
308 2174 414 2232 νότῳ
445 2186 484 2218 et
506 2180 616 2231 quod
642 2181 695 2219 A.
726 2182 799 2219 Er.
830 2187 922 2230 post
953 2175 1043 2218 οἷίτε
1072 2180 1131 2232 τῷ
1159 2179 1340 2231 τροπικῷ
1370 2178 1525 2217 addunt

86 2239 177 2282 οὔτε
206 2245 265 2298 τῷ
293 2241 423 2298 νότῳ,
463 2246 571 2284 unde
598 2253 712 2285 enata
738 2247 859 2285 lectio
889 2247 932 2284 in
955 2246 1040 2284 cod.
1060 2247 1112 2283 H.
1132 2246 1185 2283 N.
1215 2258 1333 2296 quam
1356 2245 1525 2284 retinuit

85 2312 127 2351 S.
157 2307 248 2350 οὔτε
277 2312 335 2364 τῷ
368 2313 548 2366 τροπικῷ
575 2308 704 2367 τόπῳ.
765 2315 861 2364 Bag.
892 2314 1039 2351 vertit:
1079 2326 1211 2363 neque
1245 2313 1331 2361 ipsi
1359 2314 1522 2362 tropico

86 2380 454 2430 appropinquanti
475 2385 516 2416 et
534 2381 581 2416 in
599 2381 794 2430 margine
824 2379 954 2417 addit:
986 2393 1024 2417 a.
1044 2379 1063 2416 l
1092 2390 1222 2429 neque
1244 2379 1332 2427 ipsi
1359 2381 1523 2428 tropico

83 2449 274 2503 austrino
297 2446 670 2496 adpropinquanti.
727 2447 847 2498 Legit
876 2446 998 2497 igitur
1029 2446 1072 2484 in
1103 2445 1181 2484 alio
1210 2445 1315 2483 libro
1346 2442 1436 2484 οὔτε
1464 2447 1523 2502 τῷ

81 2514 261 2567 τροπικῷ
289 2513 348 2567 τῷ
376 2511 497 2566 νοτίῳ
527 2508 830 2620 πληᾛντος.
881 2514 1015 2563 Quam
1040 2525 1114 2550 nos
1133 2511 1409 2562 reponendam
1428 2527 1523 2552 cen-

83 2581 229 2620 suimus
248 2587 460 2632 utramque
481 2580 606 2631 script
748 2581 912 2631 agnovit
936 2577 1246 2618 Alexander
1266 2580 1338 2618 fol.
1351 2583 1417 2628 78,
1431 2580 1518 2620 a.b.

83 2645 267 2685 Priorem
302 2648 408 2686 enim
444 2653 583 2699 aperte
616 2645 779 2685 exhibet
808 2653 848 2684 et
884 2646 935 2685 de
970 2647 1196 2698 posteriore
1234 2647 1322 2684 loco
1359 2647 1519 2684 scribit:

83 2703 263 2763 ῧπερβὰς
292 2709 336 2750 δὲ
365 2711 462 2758 τοὺς
488 2711 728 2765 τροπικούς,
759 2709 785 2763 ἢ
810 2710 902 2752 κατ’
930 2710 1080 2759 αὐτοὺς
1108 2710 1346 2766 φερόμενος,
1377 2703 1434 2752 ὧν
1447 2727 1520 2764 με-

84 2773 184 2825 ταξύ
217 2773 242 2829 ἢ
269 2781 343 2818 τοῦ
371 2773 487 2830 ἧλιόυ
517 2777 671 2830 κίνησις
698 2778 865 2831 γίνεται,
904 2777 1005 2827 ἕλκει
1033 2778 1109 2830 μὲν
1138 2777 1180 2818 ἓν
1198 2776 1447 2833 ἀμφοτέροις
1471 2775 1519 2820 ὖ-

83 2842 261 2899 γρότητα
290 2843 394 2899 πρὸς
423 2842 546 2886 αὑτὸν
575 2845 641 2885 καὶ
671 2845 714 2886 ἕν
741 2851 827 2892 τοῖς
855 2846 1004 2893 νοτίοις
1034 2842 1239 2900 ὁρώμενος
1266 2845 1332 2886 καὶ
1361 2844 1403 2885 ἓν
1435 2852 1519 2893 τοῖς

1154 2906 1204 2941 25
1224 2902 1243 2921 '⁹
