1812 3158
339 376 434 420 400
553 382 990 423 COMMENTARIUS
1015 384 1074 423 IN
1095 386 1142 423 Μ
1145 385 1500 427 ETEOROLOG.

339 493 460 547 φαίης
488 489 616 545 φλόγα
645 488 904 543 πολυχρόνιον
934 490 1074 543 (Quod
1091 493 1141 531 acl
1157 495 1324 533 verbum
1352 493 1610 548 πολυχρόνιον
1636 511 1727 548 spe-

338 567 416 598 ctat
442 560 513 597 cfr.
544 559 710 595 Senec.
744 559 909 607 Quaest.
935 566 1024 596 nat.
1051 561 1084 608 Ι,
1109 561 1182 597 15:
1218 559 1279 598 At
1306 560 1490 611 quibus
1517 563 1725 612 longior

339 638 480 663 mora
517 631 563 660 et
589 622 796 672 fortior
824 625 936 673 ignis
961 633 1042 671 est,
1078 632 1305 676 motumque
1336 626 1443 663 caeli
1464 640 1628 677 sequens
1655 635 1729 665 aut

339 693 411 742 qui
422 690 618 739 proprios
639 702 778 725 cursa-9
800 697 944 739 agunt,
977 698 1154 728 cometas
1174 693 1307 728 nostri
1315 699 1494 740 putant:
1521 692 1571 730 de
1591 693 1729 742 quibus

337 758 449 795 dein:
484 757 643 792 Horum
657 767 814 804 genera
832 763 928 792 sunt
937 759 1162 806 pogoniae,
1184 757 1398 806 lampades
1418 765 1457 793 et
1475 761 1730 807 cyparissiae

335 831 375 860 et
403 823 492 859 alia
524 823 686 857 omnia.-
721 833 891 869 quorum
912 823 1021 871 ignis
1061 824 1106 859 in
1139 824 1252 860 exitu
1278 835 1444 872 sparsus
1480 830 1551 860 est.
1619 824 1731 872 Quae

334 895 468 927 utrum
487 899 537 924 ex
555 891 693 924 nostro
710 885 798 923 loeo
817 886 936 936 petita
954 888 1034 925 sint
1048 901 1184 932 necne,
1213 887 1340 926 adhuc
1361 886 1559 939 ambigo.),
1587 885 1613 939 ἢ
1629 884 1732 927 nato?

334 952 379 994 τὸ
401 955 527 1004 μῆκος
550 950 674 1002 μόνον
702 950 764 989 καὶ
792 953 965 990 καλεῖται
987 951 1123 998 δοκίας
1149 951 1338 1006 (τοιοῦτοι
1356 950 1431 1005 γὰρ
1450 952 1515 992 καὶ
1534 951 1571 992 οἳ
1590 953 1729 1006 δοκοί),

334 1020 399 1060 καὶ
418 1017 539 1064 εἴποις
566 1015 743 1056 ἐνταῦθα
772 1015 892 1056 δαλὸν
919 1016 1195 1071 πολυχρόνιον,
1226 1015 1335 1070 ἢκαὶ
1361 1016 1462 1058 κατὰ
1490 1016 1624 1068 βάθος
1653 1017 1730 1069 ἕχει

333 1084 406 1137 τὴν
433 1082 573 1135 ἔξαψιν
602 1082 667 1122 καὶ
697 1080 814 1122 οἱονεὶ
843 1081 1169 1137 ἄποσπινθηρίζει
1201 1084 1265 1123 καὶ
1303 1086 1477 1124 καλεῖται
1511 1083 1728 1136 πωγωνίας.

334 1153 525 1204 Quamvis
543 1150 638 1187 haec
661 1150 889 1199 posterioris
905 1152 995 1189 aevi
1015 1157 1169 1200 poterat
1189 1165 1271 1189 esse
1289 1151 1402 1189 ratio.
1442 1151 1603 1189 Accedit
1623 1150 1732 1188 Phi-

331 1221 554 1269 loponus
582 1217 648 1254 fol.
670 1219 732 1263 98,
753 1228 796 1253 a:
834 1215 922 1268 περὶ
952 1213 994 1254 δὲ
1020 1217 1100 1254 τῶν
1129 1214 1313 1266 κομήτων
1340 1214 1365 1267 ἢ
1387 1218 1459 1255 τοῦ
1488 1214 1731 1267 καλουμένου

332 1280 526 1337 γάλακτος
560 1278 787 1334 ἰδικώτερον
819 1279 863 1319 δὲ
891 1280 956 1319 καὶ
985 1277 1138 1319 τούτων
1157 1279 1341 1326 «ἕκαστος
1375 1283 1432 1334 τῷ
1462 1280 1634 1332 σχήματι
1661 1284 1732 1332 τῆς

333 1344 641 1399 ἀναθυμιάσεως
667 1345 816 1399 πρέπον
844 1344 979 1399 εἴληφε
1005 1343 1143 1396 ὄνομα.
1173 1345 1294 1397 εἰμὲν
1315 1343 1613 1398 σφαιροειδὴςή
1634 1344 1731 1385 ἂνα-

332 1414 526 1466 θυμίασις
545 1406 645 1452 οὖσα
664 1410 775 1462 τύχοι
793 1414 946 1464 μικρῶν
965 1409 1065 1463 αὕτη
1086 1410 1399 1464 παρηρτημένων
1427 1410 1578 1459 ἔξωθεν
1599 1410 1732 1451 τοιού-

331 1496 413 1521 των
434 1477 674 1525 συστάσεων,
704 1475 930 1531 ῗὸικώτερον
953 1475 999 1517 τὸ
1029 1479 1161 1528 σχῆμα
1191 1480 1308 1517 τοῦτο
1339 1479 1512 1517 καλεῖται
1540 1476 1730 1529 κομήτης,

333 1545 464 1598 ἐπειδὴ
492 1542 597 1598 κόμῃ
624 1541 863 1597 προσέοικεν,
901 1542 942 1590 ἐξ
972 1534 1017 1582 οὗ
1046 1539 1327 1591 πλεονάζοντος
1354 1542 1418 1582 καὶ
1446 1541 1598 1589 πάντας
1627 1540 1731 1582 οὕτω

332 1615 519 1654 καλοῦσιν
547 1610 733 1663 (quorum
751 1610 968 1649 verborum
999 1623 1155 1648 sensum
1179 1610 1356 1648 nondum
1382 1609 1507 1659 probe
1531 1610 1733 1647 adsecutus

331 1681 463 1728 sum)·
491 1675 559 1716 ἐὰν
588 1674 628 1715 δ’
646 1674 839 1727 ἐπιμήκης
868 1673 926 1726 εἴη
956 1674 1021 1714 καὶ
1047 1672 1184 1726 μόνον,
1217 1674 1352 1720 δοκίας
1379 1675 1564 1713 καλεῖται.
1591 1687 1733 1726 τριγω-

331 1745 492 1794 νίζουσα
531 1741 576 1782 δὲ
618 1742 824 1795 πωγωνίας
860 1737 1109 1792 ὠνόμασται·
1165 1740 1307 1786 πιθίας
1343 1737 1388 1778 δέ
1413 1754 1472 1786 τις
1499 1738 1629 1792 ἕτερος
1669 1738 1733 1778 καὶ

333 1809 453 1856 ἄλλος
493 1806 666 1848 ἄλλοθεν
705 1805 802 1847 ἄλλο
831 1821 870 1846 τι
898 1804 1124 1859 συμφώνως
1151 1809 1208 1861 τῷ
1237 1804 1409 1857 σχήματι
1446 1804 1571 1855 (quae
1596 1805 1732 1852 verba,

333 1877 509 1929 quamvis
536 1888 699 1925 prorsus
734 1875 886 1923 inepta,
922 1880 1053 1911 tamen
1080 1874 1126 1910 ab
1155 1874 1243 1922 ipso
1270 1872 1535 1910 Grammatico
1559 1872 1735 1921 profecta

332 1943 428 1981 mihi
445 1941 643 1988 videntur,
672 1939 811 1977 similia
830 1939 947 1976 etiam
969 1939 1053 1975 aliis
1071 1939 1111 1975 in
1132 1939 1227 1976 locis
1244 1934 1488 1986 ostentante).
1519 1937 1734 1974 Alexan-

333 2011 420 2048 der
448 2008 637 2057 denique,
675 2005 742 2055 qui
768 2004 910 2042 dicitur
936 2003 1258 2053 Aphrodisiensis
1294 2003 1364 2041 fol.
1396 2005 1469 2051 80,
1492 2002 1515 2039 b
1550 2007 1733 2039 nostrum

331 2077 463 2113 locum
480 2074 587 2123 legit,
618 2072 771 2122 qualem
789 2083 893 2107 nunc
909 2069 1108 2116 habemus,
1136 2069 1242 2119 quod
1260 2074 1396 2118 aperte
1420 2073 1527 2118 patet
1554 2081 1605 2104 ex
1627 2066 1734 2105 hisce

332 2142 484 2180 verbis·
515 2135 612 2178 ὅταν
636 2137 707 2175 οὐν
736 2135 790 2180 εἷς
817 2132 889 2185 τὴν
916 2132 1103 2185 τοιαύτην
1131 2131 1340 2180 πύκνωσιν,
1370 2130 1571 2171 τουτέστιν
1601 2130 1735 2183 ἐπιτη-
1784 2166 1795 2176 ,

335 2203 516 2257 δειότητα
544 2200 645 2253 πρὸς
673 2199 699 2240 e*
693 2206 826 2252 ξαψιν,
857 2199 1006 2254 ἐμπέσῃ
1027 2197 1093 2239 διὰ
1112 2197 1185 2251 τὴν
1209 2201 1281 2238 τοῦ
1309 2197 1425 2237 θείου
1457 2194 1641 2248 σώματος
1666 2211 1735 2236 πε-

335 2268 519 2350 ριφοράν,
547 2265 734 2321 πυρώδης
753 2264 876 2319 αρχή,
905 2263 1005 2317 μήτε
1034 2280 1140 2306 ουτω
1169 2262 1298 2305 πολλοὶ
1326 2262 1449 2317 (εἰσὶ)
1478 2262 1543 2302 καὶ
1561 2259 1734 2340 σφοδρά,

334 2336 433 2378 ὥστε
465 2336 632 2387 ταγείως
660 2333 724 2373 καὶ
753 2331 918 2372 ἐπιπολὺ
947 2329 1094 2383 ἐξάψαι
1114 2346 1186 2383 την
1202 2329 1428 2381 πυκνότητα
1445 2342 1606 2378 ταυτην,
1635 2325 1734 2378 μήτε

333 2402 451 2443 πάλιν
489 2416 616 2447 ουτως
652 2397 852 2451 ἀσθενής,
891 2393 944 2444 ὡς
972 2395 1273 2448 ἀποσβεσθηναι
1310 2410 1412 2447 ταχυ
1447 2393 1539 2446 πρὶν
1573 2390 1733 2443 ἐξάψαι,

334 2467 437 2509 ἀλλὰ
465 2465 700 2521 ἰσχυροτέρα
726 2467 801 2516 τῆς
826 2461 1035 2515 τοιαύτης,
1081 2463 1145 2503 καὶ
1174 2461 1354 2502 ἒπιπλέον
1383 2458 1575 2511 διαμένειν
1615 2458 1735 2497 δυνα-

332 2534 451 2587 μένη,
481 2531 565 2585 ἅμα
586 2532 629 2572 δὲ
650 2531 852 2584 συμπίπτῃ
880 2530 945 2570 καὶ
973 2528 1157 2569 κάτωθεν
1186 2526 1310 2579 ἄλλην
1339 2523 1608 2578 ἀναφέρεσθαι
1638 2522 1736 2562 ἀνα-

333 2600 528 2651 θυμίασιν
564 2596 744 2652 εὐκαιρον
783 2597 847 2636 καὶ
880 2593 1071 2649 εὔκρατον
1110 2594 1175 2634 καὶ
1204 2592 1420 2644 ἐπιτήδειον
1449 2587 1550 2641 πρὸς
1577 2587 1732 2640 ἔξαψιν,

333 2666 476 2719 γίνεται
503 2681 528 2717 η
547 2679 711 2715 τοιαυτη
742 2661 883 2713 ἔξαψις
905 2659 1081 2712 κομήτης
1108 2657 1258 2712 ἀστήρ
1300 2655 1345 2703 ὃς
1372 2653 1449 2695 ἀπὸ
1480 2657 1552 2694 τοῦ
1581 2652 1735 2705 σχήμα-

334 2746 404 2777 τος
430 2733 502 2771 τοῦ
531 2727 866 2781 ἀναθυμιωμένου
894 2742 935 2768 τε
964 2727 1030 2766 καὶ
1057 2722 1321 2779 ἑξαπτομένου
1348 2718 1373 2773 ἢ
1402 2718 1578 2773 κομήτης
1603 2717 1629 2771 ἢ
1653 2734 1733 2760 πω-

333 2796 478 2848 γωνίας
513 2799 708 2836 καλεΐται·
757 2791 824 2834 ἔαν
851 2793 925 2843 μὲν
951 2791 1027 2844 γὰρ
1057 2789 1186 2842 πάντη
1221 2785 1340 2840 ὁμοία
1367 2783 1393 2838 ἦ
1424 2785 1568 2839 ἔξαψις
1605 2779 1631 2839 ᾖ
1662 2787 1734 2835 τῆς
