1774 3198
276 327 387 383 ‚464
504 333 949 374 COMMENTARIUS
975 335 1034 373 ΙΝ
1061 336 1465 391 METEOROLQG.

288 446 360 495 IV,
380 445 444 483 44.
466 466 515 473 -
542 442 663 483 τόπον
682 458 756 495 pro
777 441 922 483 πόντον
940 446 990 483 Ε.
1008 446 1055 483 F.
1077 445 1210 483 eadem
1232 447 1472 496 confusione,
1502 462 1577 499 qua
1596 450 1688 488 alibi

287 511 486 562 reperitur
512 506 635 547 τόπον
662 523 737 560 pro
757 506 905 549 κόλπον
933 511 1006 548 cfr.
1036 507 1274 549 Abresch
1311 513 1362 551 ad
1389 514 1624 566 Aeschyl.
1655 518 1687 554 Ι.

287 590 313 627 Ρ
337 580 428 615 232.
444 581 481 613 et
497 571 620 614 τόπον
639 588 714 626 pro
734 573 926 626 ποταμόν.
956 577 1029 615 cfr.
1047 577 1232 616 Schaef
1236 592 1289 616 er
1310 578 1360 618 ad
1380 579 1510 619 Schol.
1532 577 1689 632 Apol-

287 643 382 680 lon.
409 639 570 679 Rhod.
610 642 654 686 Ι,
685 645 799 680 1165.
827 656 866 693 p.
891 643 984 682 431.

396 712 460 746 20.
489 703 613 760 ὀρέων
636 709 684 746 Ε.
704 704 754 746 Α.
783 710 851 750 Er.
883 716 926 748 ut
952 723 1081 760 supra.
1110 712 1163 738 ;..
1213 706 1408 762 ἀρκυνίων
1436 712 1611 750 correxit
1637 714 1687 753 E.

280 770 493 827 Ἑρκυνίων
522 774 733 825 plerosque
759 776 931 814 scribere
961 782 1125 814 testatur
1155 777 1196 814 S.
1232 784 1392 815 auctore
1437 779 1690 817 Strabone

285 843 358 880 IV.
391 855 427 892 p.
452 844 533 879 317
559 843 605 879 B.
645 854 684 892 p.
715 841 795 879 444
828 844 874 881 Β.
949 844 1155 893 Dionys,
1196 843 1388 895 Perieg.
1425 847 1516 882 286.
1581 847 1691 884 Ste—

284 908 452 959 phano
482 909 771 959 Byzantino
811 923 842 946 s.
868 923 908 948 v.
943 904 1148 962 εΕρκύνιον
1186 906 1289 962 ὅρος.
1345 911 1446 950 Satis
1472 912 1571 950 mira
1598 918 1691 950 sunt

286 975 523 1013 Caesaris
552 975 673 1013 verba
702 975 750 1013 de
769 976 857 1014 bell.
881 977 986 1014 Gall.
1017 978 1086 1024 VI,
1109 976 1182 1015 24:
1210 978 1356 1027 Itaque
1379 991 1447 1025 ea,
1477 991 1582 1028 qaae
1592 978 1691 1028 fer-

285 1042 482 1078 tilissima
514 1049 609 1078 sunt
643 1042 893 1080 Germaniae
925 1044 1019 1081 loca
1058 1045 1213 1081 circum
1241 1045 1497 1094 Hercyniam
1523 1044 1688 1092 silvam,

285 1121 411 1159 quam
438 1107 712 1145 Eratostheni
739 1115 778 1144 et
805 1107 1045 1158 quibusdam
1078 1110 1250 1147 Graecis
1273 1108 1404 1158 fama
1435 1118 1578 1148 notam
1606 1124 1691 1147 esse

282 1175 413 1223 video,
446 1186 572 1224 quam
592 1174 655 1211 illc·
678 1174 901 1224 Orcyniam
922 1176 1146 1224 appellant,
1180 1175 1335 1213 Volcae
1358 1177 1600 1228 Tectosages
1620 1190 1691 1214 oc-

283 1247 546 1292 cupaverunt.
602 1239 755 1289 Quibus
774 1253 824 1277 ex
842 1240 975 1278 verbis
993 1240 1081 1277 satis
1100 1240 1259 1283 defendi
1280 1254 1393 1291 posse
1411 1243 1572 1280 videtur
1593 1243 1690 1280 scri—

282 1315 399 1359 ptura
422 1302 649 1357 Ἀρκυνίων.
681 1326 736 1333 ——
763 1302 900 1344 πλάτει
921 1319 994 1357 pro
1013 1302 1161 1356 πλήθει
1179 1303 1236 1344 Α.
1262 1307 1332 1344 cfr.
1357 1307 1390 1356 §.
1412 1309 1475 1346 17.
1504 1306 1568 1346 καὶ
1587 1304 1691 1358 πλή-

283 1375 350 1413 θει
378 1372 444 1412 καὶ
470 1369 565 1422 ὕψει
594 1372 640 1410 Ρ.
669 1360 709 1409 S.
735 1371 824 1411 cas.
851 1391 907 1398 --·
960 1373 1159 1424 Deinceps
1178 1369 1327 1423 ταύτην
1346 1387 1419 1423 pro
1439 1370 1511 1424 τήν
1534 1372 1577 1412 Ρ.
1604 1374 1631 1412 i.
1652 1387 1688 1411 e.

282 1441 353 1478 sub
371 1441 436 1478 illa
454 1440 537 1490 ipsa
558 1439 651 1476 caeli
670 1439 792 1489 plaga,
822 1451 920 1488 quae
940 1444 998 1476 est
1016 1452 1133 1490 supra
1155 1441 1324 1480 maxime
1342 1440 1689 1491 septentrionalem

283 1507 424 1545 orbis
448 1505 645 1556 cogniti
672 1511 845 1556 partem,
873 1510 918 1542 ut
934 1511 1042 1542 recte
1068 1507 1418 1557 Koenigmann
1446 1506 1520 1544 1.l.
1539 1519 1578 1557 Ρ.
1595 1506 1688 1543 114.

282 1577 340 1614 Ita
365 1576 480 1625 poeta
507 1573 697 1610 Italorum
725 1573 881 1609 'rasso
911 1570 1095 1610 Rhenum
1125 1574 1196 1610 sub
1223 1573 1308 1624 ipsa
1326 1585 1416 1611 ursa
1437 1571 1608 1623 positum
1635 1572 1691 1610 ait

282 1637 598 1692 (Gerusalemme
617 1637 798 1675 liberata
817 1638 933 1685 XIV,
945 1636 1013 1688 34)
1041 1638 1115 1676 cfr.
1126 1639 1339 1677 Meteorol.
1351 1645 1430 1678 vet.
1442 1637 1508 1675 Gr.
1520 1645 1558 1674 et
1569 1638 1690 1676 Rom.

282 1709 360 1757 XI,
379 1710 444 1745 56.
474 1721 515 1757 p.
540 1709 630 1744 232.
650 1726 704 1731 —
730 1704 929 1755 Rhipaeos
949 1711 1102 1742 montes
1125 1705 1276 1755 primus
1299 1704 1339 1743 h.
1359 1705 1386 1744 l.
1410 1709 1691 1742 commemorat

282 1773 613 1820 Aristoteles,
647 1784 745 1822 quos
764 1777 898 1808 utrum
919 1770 1210 1822 Carpathorum
1228 1777 1382 1809 montes
1402 1784 1484 1808 esse
1503 1770 1688 1819 voluerit,

282 1853 332 1877 an
344 1838 663 1882 Werchoturios,
683 1849 734 1874 an
754 1836 921 1887 denique
939 1837 1049 1882 alios,
1074 1850 1153 1874 non
1172 1838 1309 1888 liquet.
1337 1838 1410 1876 cfr.
1427 1837 1690 1875 Kotzebue

281 1907 504 1943 Preussens
535 1904 660 1941 liltere
690 1901 929 1940 Gesclziehte
958 1901 1086 1954 (Riga
1113 1905 1230 1941 1808.
1261 1906 1327 1949 8.)
1359 1903 1475 1940 Tom.
1495 1903 1529 1941 I.
1559 1915 1600 1953 p.
1622 1906 1690 1941 22.

281 1973 364 2011 Iam
387 1972 412 2008 S
425 1969 566 2008 trabo
586 1970 677 2007 VII.
697 1981 736 2018 p.
749 1969 829 2006 452
847 1969 879 2007 C
902 1968 1057 2006 deridet
1074 1969 1182 2017 istos,
1209 1969 1275 2019 qui
1298 1968 1347 2005 de
1365 1967 1552 2018 Rhipaeis
1573 1981 1690 2006 mon-

279 2039 385 2083 tibus
405 2037 638 2087 cogitarent:
661 2031 726 2073 διὰ
745 2032 788 2072 δὲ
805 2030 965 2086 ἄγνοιαν
982 2035 1062 2073 τῶν
1079 2029 1214 2072 τόπων
1231 2030 1398 2081 τούτων,
1414 2030 1451 2072 οἱ
1469 2028 1520 2072 τὰ
1531 2028 1688 2072 Ῥιπαῖα

281 2102 355 2158 ὅρη
377 2102 442 2143 καὶ
459 2097 577 2149 τούςε
588 2099 875 2154 Υπερβορείους
889 2100 1220 2151 μυθοποιοῦντες,
1235 2096 1353 2151 λόγου
1363 2096 1561 2151 ἠξίωνται.
1571 2096 1689 2138 Adde

281 2173 372 2211 VII.
385 2185 421 2223 p.
432 2171 512 2208 458
526 2170 579 2208 C:
600 2165 678 2207 ἀπὸ
693 2166 736 2206 δὲ
745 2163 897 2206 τούτων
914 2164 976 2204 ἐπὶ
993 2162 1088 2212 τοὺς
1106 2164 1356 2219 συγγραφέας
1369 2164 1519 2216 βαδίζει
1530 2168 1690 2212 (Erato-

281 2237 458 2286 sthenes)
470 2231 630 2275 Ῥιπαῖα
649 2231 722 2287 ὅρη
743 2231 928 2285 λέγοντας
947 2232 1012 2272 καὶ
1031 2229 1076 2272 τὸ
1100 2230 1282 2285 Ὠγύγιον
1304 2229 1410 2286 ὅρος,
1440 2231 1505 2272 καὶ
1519 2229 1592 2284 τὴν
1608 2233 1689 2271 τῶν

281 2300 493 2358 Γοργόνων
521 2301 587 2342 καὶ
619 2297 862 2353 Ἑσπερίδων
892 2298 1094 2340 κατοικίαν
1125 2298 1190 2338 καὶ
1218 2296 1291 2350 τὴν
1318 2295 1428 2351 παρὰ
1459 2295 1687 2351 Θεοπόμπῳ

281 2369 499 2423 Μεροπίὸα
527 2370 612 2422 γῆν,
639 2365 729 2421 παρ’
756 2363 953 2422 Ἑκαταίῳ
983 2365 1027 2406 δὲ
1050 2364 1279 2419 Κιμμερίδα
1307 2360 1436 2413 πόλιν,
1459 2361 1555 2429 ἕταρ’
1579 2361 1688 2414 Εὐη-

279 2435 390 2492 μέρῳ
427 2435 471 2477 δὲ
497 2433 568 2488 τήν
596 2436 809 2487 Παγχαῖαν
835 2436 930 2487 γῆν,
974 2430 1075 2486 παρ’
1108 2428 1369 2484 Ἀριστοτέλει
1397 2429 1440 2470 δὲ
1467 2428 1687 2480 ποταμίους

281 2503 425 2550 λίθους
447 2501 488 2550 ἐξ
516 2499 653 2554 ἄμμου
681 2500 724 2541 ἐκ
753 2499 797 2541 δὲ
822 2502 902 2540 τῶν
931 2497 1094 2554 ὄμβρων
1121 2496 1330 2551 τήκεσθαι.
1358 2500 1500 2538 Istrum
1520 2509 1571 2535 ex
1583 2494 1685 2533 Rhi-

280 2571 386 2620 paeis
409 2571 607 2609 montibus
629 2569 806 2608 defluere
826 2569 955 2608 voluit
970 2565 1214 2621 Apollon.
1235 2563 1387 2603 Rhod.
1410 2564 1483 2612 IV,
1496 2564 1588 2610 287,
1617 2561 1685 2599 ubi

279 2636 364 2674 vid.
381 2636 514 2675 Schol.
532 2636 651 2675 Paris.
670 2637 786 2675 Tom.
799 2637 850 2675 H.
870 2648 909 2686 p.
922 2637 1013 2673 291.
1044 2632 1174 2672 Schol.
1193 2633 1298 2682 vulg.
1321 2642 1361 2680 p.
1382 2630 1473 2667 590.
1584 2668 1587 2670 ,

390 2707 457 2741 21.
488 2697 509 2741 ὃ
528 2701 604 2753 μὲν
626 2716 700 2754 pro
722 2699 759 2741 οἱ
778 2699 851 2752 μέν
866 2703 913 2740 Ε.
935 2721 989 2760 -ᾒ
1024 2697 1164 2751 Αἴγων
1183 2698 1346 2749 Olymp.
1370 2694 1474 2733 Aldi.
1496 2714 1550 2721 —
1569 2688 1686 2731 ’0νῦ-

281 2779 355 2819 σης
371 2765 427 2806 Α.
446 2770 554 2808 cam.
574 2765 716 2820 Νύσης
733 2771 776 2808 Ρ.
789 2770 996 2818 S.Bag.--
1023 2768 1086 2805 De
1097 2765 1207 2815 Nyse
1226 2759 1440 2813 etAegone
1457 2759 1685 2799 fluminibus
