1774 3198
304 378 396 423 596
517 380 966 424 COMMENTARIUS
994 383 1054 424 IN
1083 384 1489 427 METEOROLOG.

415 501 453 535 8.
482 491 640 540 τούτοις
658 508 733 547 pro
753 498 839 541 τοῖς
858 495 974 535 Alex.
992 496 1046 534 A.
1066 509 1117 525 -ε
1148 491 1349 534 habentia:
1370 509 1445 547 pro
1469 493 1701 536 παύσασθαι

306 567 352 603 F.
375 584 429 593 --
455 558 551 602 εἶναι
582 560 646 600 καὶ
675 558 823 613 ταύτην
850 563 1012 602 inverso
1041 562 1184 601 ordine
1210 564 1257 601 F.
1275 563 1328 600 N.

877 674 979 713 Gn.
1019 673 1135 712 VIII.

413 763 573 814 Singula
594 761 638 800 in
656 761 732 800 hoc
749 761 875 813 capite
893 766 1025 800 terrae
1043 745 1222 800 m'otuum
1241 760 1513 814 phaenomena
1528 767 1703 800 recenset

303 844 506 881 suamque,
519 831 569 869 de
586 841 662 880 qua
674 829 753 866 iam
771 840 892 880 supra
909 827 1177 876 disseruimus,
1196 827 1390 868 theoriam
1409 828 1586 880 exponit.
1613 828 1705 866 Ple-

299 911 432 949 raque,
462 909 560 948 quae
580 895 688 946 apud
714 895 928 934 Plinium
958 896 1119 934 Hister.
1139 901 1277 933 natur.
1299 898 1349 942 II,
1371 898 1548 934 79—82
1567 895 1705 945 legun-

300 970 391 1011 tur,
418 963 511 1001 hinc
533 963 655 1013 petita
673 967 786 1009 sunt,
818 961 926 1013 quod
942 961 982 1000 h.
994 961 1023 999 l.
1039 962 1188 1010 monui,
1206 974 1328 1013 quum
1347 961 1498 1013 singula
1515 973 1604 999 cum
1625 960 1705 998 sin-

297 1031 399 1082 gulis
425 1030 572 1080 ubique
597 1041 840 1080 componere
862 1028 1023 1066 nollem.
1670 1012 1674 1019 ⁸

412 1097 451 1134 1.
481 1091 593 1133 Ἐπεί
617 1107 691 1146 pro
720 1089 853 1145 ἐπειδή
882 1094 935 1133 N.
952 1114 1008 1122 --
1061 1094 1198 1134 Verba
1225 1090 1357 1147 ὥσπερ
1386 1090 1539 1146 εἷ’ρηται
1567 1089 1608 1132 ἓν
1624 1094 1707 1137 τοῖς
1768 1096 1770 1098 ’

297 1158 491 1215 πρότερον
532 1161 663 1198 omisit
691 1162 748 1205 E,
786 1166 996 1211 possetque
1022 1173 1068 1198 ea
1099 1162 1238 1213 aliquis
1274 1175 1348 1212 pro
1377 1161 1607 1212 glossemate
1634 1158 1705 1196 ha·-

295 1228 406 1274 bere,
434 1240 525 1264 cum
543 1229 592 1274 II,
610 1225 647 1274 4,
670 1228 691 1264 1
725 1225 908 1275 dixisset,
937 1226 987 1264 de
1013 1227 1145 1264 ventis
1173 1229 1377 1265 locuturus
1405 1223 1596 1277 λαβόντες
1631 1222 1705 1277 ἆρ-

293 1290 370 1343 χὴν
398 1287 471 1343 τὴν
499 1288 707 1342 εἶρημέιήν
733 1286 828 1341 ἧμῖν
856 1288 933 1342 ἤδη
963 1288 1177 1343 πρότερον,
1217 1298 1258 1330 et
1287 1294 1349 1339 II,
1380 1296 1418 1341 7,
1444 1296 1463 1330 1
1496 1292 1546 1329 de
1573 1298 1704 1329 terrae

295 1358 469 1398 motibus
485 1351 739 1407 monuissetv‘y
758 1355 865 1395 αι’τιά
881 1354 1046 1408 ἐχομένη
1069 1353 1215 1396 τούτου
1243 1359 1317 1396 τοῦ
1343 1355 1480 1409 γένους
1507 1355 1595 1395 ἔστί
1617 1357 1644 1395 i.
1666 1370 1702 1394 e.

294 1420 321 1476 ἦ
352 1421 453 1477 ξηρὰ
484 1420 767 1473 ἀναθυμίασις.
825 1423 950 1461 Causa
971 1436 1042 1461 cur
1060 1436 1105 1461 ea
1122 1437 1211 1462 cum
1226 1424 1352 1463 Bekk.
1370 1424 1618 1472 retinuimus,
1645 1428 1704 1459 est

296 1491 387 1542 quia
407 1491 524 1528 etiam
547 1490 653 1528 infra
676 1489 729 1536 II,
749 1493 786 1538 9,
805 1493 830 1527 2
861 1488 912 1527 de
931 1489 1089 1539 fulgure
1103 1503 1148 1528 ac
1166 1491 1318 1528 tonitru
1335 1489 1613 1540 disputaturus,
1629 1489 1702 1525 ait:

295 1558 367 1609 τῆς
393 1553 468 1609 γὰρ
497 1551 828 1606 ἀναθυμιάσεως,
874 1551 1043 1608 ὥσπερ
1082 1553 1315 1606 εἴπομεν,
1354 1551 1477 1606 οὔσης
1504 1554 1637 1605 διττῆς
1663 1560 1704 1592 et

296 1636 331 1676 q.
350 1637 382 1662 s.
403 1643 458 1651 —-
486 1619 528 1661 ἓν
555 1625 640 1668 τοῖς
667 1619 878 1675 προτέροις
904 1622 958 1660 N.
990 1627 1128 1660 contra
1144 1621 1370 1661 Aristotelis
1397 1628 1510 1659 usum
1536 1620 1704 1671 loquen-

295 1690 350 1728 di.
381 1690 452 1728 cfr.
473 1689 523 1727 ad
546 1690 587 1738 Ι,
607 1692 651 1737 1,
674 1692 712 1727 2.
740 1709 792 1717 -
829 1688 1055 1743 Articulum
1082 1694 1172 1726 ante
1197 1684 1385 1738 σεισμούς
1412 1687 1558 1726 omittit
1578 1688 1625 1726 F.
1647 1704 1703 1715 —-

295 1757 424 1795 Terra
443 1761 585 1795 natura
609 1768 678 1793 sua
699 1754 844 1806 frigida
868 1759 927 1792 est
946 1767 990 1792 ac
1011 1754 1123 1794 sicca.
1156 1755 1229 1793 cfr.
1246 1755 1296 1792 de
1307 1756 1499 1805 general.
1519 1760 1560 1791 et
1581 1754 1700 1792 inter.

293 1824 348 1871 ΙΙ,
367 1826 405 1870 3,
434 1822 541 1860 unde
558 1823 678 1871 calor,
709 1821 759 1859 de
777 1834 855 1871 quo
873 1833 970 1858 mox
985 1821 1176 1872 loquitur,
1203 1821 1263 1859 uti
1278 1822 1356 1859 iam
1375 1832 1495 1871 supra
1515 1819 1701 1858 observa-

293 1889 450 1935 vimus,
478 1888 611 1926 nullus
638 1892 696 1924 est
717 1887 835 1934 alius,
870 1887 944 1924 nisi
971 1899 1048 1937 quo
1074 1886 1194 1926 radiis
1228 1887 1419 1925 solaribus
1455 1885 1607 1923 imbuta
1641 1891 1700 1923 est
1772 1932 1773 1938 ἵ

292 1953 450 1992 humus.
469 1974 524 1982 -—
551 1950 594 2004 ἐν
610 1948 712 2003 αὐτῇ
737 1952 788 1989 A.
813 1952 922 1989 Cam.
943 1972 996 1980 -—
1026 1952 1148 2001 Quod
1168 1951 1513 2001 deinde'sequitur
1533 1962 1573 1988 τε
1597 1950 1639 1988 in
1657 1963 1698 2002 γε
1771 1976 1772 1992 ;

293 2025 449 2058 mutant
466 2019 517 2057 H.
538 2018 591 2056 N.
607 2037 662 2044 --
691 2017 863 2067 συνεχῶς
889 2030 964 2069 pro
997 2015 1154 2067 συνεχές
1181 2007 1234 2056 'N.
1256 2039 1313 2047 —
1347 2017 1530 2066 Denique
1554 2011 1621 2054 ὁτὲ
1650 2013 1694 2054 ‹5‘
1773 2067 1774 2070 Ἴ

293 2081 387 2123 εἷ’σω
416 2081 480 2137 ῥεῖ
500 2085 597 2131 πᾶν,
622 2083 762 2120 iterato
781 2079 845 2134 ῥεῖ
866 2083 1045 2122 dedimus
1073 2096 1163 2122 cum
1190 2085 1238 2122 E.
1268 2083 1387 2122 Alex.
1408 2082 1475 2120 fol.
1492 2085 1623 2131 107,a.
1642 2083 1695 2121 A.
1758 2071 1770 2126 ,3

292 2150 450 2201 Reliqui
469 2163 559 2188 cum
579 2149 706 2187 Bekk.
731 2149 992 2203 omittunt.ss—
1018 2148 1214 2203 μερίζεται
1231 2163 1282 2188 sc.
1305 2149 1359 2188 ita
1381 2154 1427 2187 ut
1447 2148 1570 2187 altera
1585 2161 1696 2199 pars-

294 2223 533 2265 extrorsum,
561 2216 683 2253 altera
698 2216 918 2254 introrsum
937 2215 1046 2254 ssuat.

404 2286 445 2320 2.
474 2284 588 2320 ποῖόν
614 2294 690 2333 pro
719 2276 857 2319 ὁποῖον
884 2284 929 2320 F.
951 2283 1004 2320 H.
1025 2282 1080 2320 N.
1105 2286 1145 2319 et
1161 2294 1256 2319 mox
1278 2276 1474 2331 κινητικόν
1490 2294 1566 2332 pro
1586 2294 1694 2332 κινη-

291 2344 509 2387 τικώτατον
527 2349 580 2387 Η.
599 2369 655 2376 ·-
682 2344 791 2387 ἔσται
816 2360 892 2399 pro
908 2348 1033 2387 altero
1054 2343 1103 2387 ἂν
1121 2344 1179 2399 εἴη
1198 2349 1253 2387 Η.
1271 2348 1312 2386 N
1314 2374 1347 2397 .‚
1374 2346 1479 2399 quod
1497 2354 1695 2385 correcto-

290 2412 347 2453 ris
373 2427 531 2453 manum
560 2414 674 2465 sapit.

403 2476 611 2541 Siout-ot
639 2477 713 2531 μὲν
740 2475 816 2533 γάρ
845 2478 981 2518 addito
1006 2475 1080 2530 μέν
1107 2481 1152 2518 F.
1181 2499 1234 2508 —
1274 2474 1487 2530 πλήσσει
1508 2475 1593 2536 μὴν
1615 2476 1691 2533 γάρ

292 2544 405 2584 Cam.
435 2561 494 2599 γρ.
515 2547 603 2585 Cas.
631 2547 738 2597 quod
754 2547 920 2585 fortasse
936 2559 1091 2594 verum,
1117 2547 1349 2597 praesertim
1368 2556 1488 2596 quum
1504 2545 1559 2583 ita
1573 2547 1691 2585 etiam

290 2611 443 2662 legisset
466 2613 583 2651 Alex.
608 2613 679 2651 fol.
704 2615 804 2660 107,
822 2611 874 2650 b.-
910 2607 1073 2664 σφόδρα
1104 2607 1179 2662 γὰρ
1206 2607 1369 2662 πλήσσει
1397 2611 1524 2649 ταῦτα
1553 2606 1614 2657 οἷς
1642 2609 1690 2650 ἂν

291 2672 498 2726 ἔμπελάζοι
522 2673 880 2731 (’1ὀι’1;.ἓμπελὰζῃ)
912 2673 978 2715 διὰ
1004 2673 1050 2715 τὸ
1078 2673 1212 2726 τάχος.
1240 2698 1295 2706 —-
1320 2677 1452 2715 πλεῖον
1480 2691 1554 2728 pro
1581 2679 1689 2716 πλεῖ-

290 2755 386 2780 στον
405 2744 524 2787 Alex.
554 2745 629 2783 fol.
652 2747 743 2793 107,
763 2757 796 2783 a.
822 2744 871 2782 A.
888 2744 932 2781 P.
952 2744 992 2781 S.
1020 2763 1070 2771 -
1100 2739 1178 2781 ἀπὸ
1210 2744 1290 2781 τῶν
1318 2739 1529 2792 στομάτοιν,
1556 2742 1687 2782 addita

286 2809 576 2858 praepositione
592 2810 644 2848 N.
660 2829 712 2839 -
740 2809 873 2849 Verba
902 2806 948 2847 τὸ
979 2810 1132 2858 πνεῦμα
1160 2804 1368 2859 κινητικόν,
1398 2822 1497 2860 quae
1515 2811 1556 2849 in
1572 2813 1617 2850 F.
1635 2812 1684 2850 H.
