1812 3158
425 425 649 467 LIBRUM
677 425 918 466 PRIMUM.
975 426 1095 467 CAP.
1115 426 1190 467 VI.
1429 414 1526 462 389

95 533 286 592 ἀστέρων.
308 560 364 569 -
381 541 566 594 φανερῶν
590 535 632 579 ‹5’
650 536 779 580 ὄντων
802 536 936 579 αὐτῶν
962 539 1126 579 inverso
1154 537 1297 576 ordine
1321 538 1368 577 F.
1391 539 1446 579 H.
1468 539 1523 577 N.

93 607 147 644 A.
167 608 237 645 Er.
257 606 301 645 P.
323 608 365 646 S.
394 603 559 647 πάντων
573 621 648 659 pro
668 602 870 656 ἁπάντων,
890 613 936 646 ut
954 608 1093 656 solent,
1112 608 1160 646 F.
1182 607 1234 646 H.
1255 607 1310 645 N.
1328 607 1381 645 A.
1397 607 1468 646 Er.
1480 608 1526 646 P.

93 694 151 701 —-
178 671 262 712 Καὶ
292 676 479 728 φανερῶς
507 672 552 714 δὲ
581 671 711 714 ὄντων
739 672 873 714 αὐτῶν
898 675 1065 727 Olymp.
1088 674 1200 714 Aldi.
1229 694 1285 705 —
1339 674 1528 726 Denique

93 741 148 779 H.
171 741 227 780 N.
249 741 412 780 inverso
433 742 575 781 ordine
600 742 793 781 exhibent
809 739 1003 789 πολλάκις
1021 738 1257 796 γιγνόμενοι.

208 812 248 848 8.
285 810 434 848 Omnes
450 809 629 865 ferme
657 818 841 849 cometas
868 811 945 849 sub
975 812 1066 862 ipso
1094 812 1376 860 septentrione
1411 812 1529 848 cerm·

93 877 220 914 refert
255 877 459 916 Plinius
499 881 662 917 Histor.
692 886 836 917 natur.
867 879 922 918 II.
951 882 1021 918 23.
1059 898 1116 906 —-
1154 872 1211 924 ὥς
1247 875 1290 916 ἐν
1324 878 1383 932 τῷ
1424 874 1529 931 πρὸς

94 939 243 995 ἄρκτον
272 946 320 983 F.
342 946 396 984 H.
417 946 471 984 N.
502 968 558 974 ——
587 940 608 985 ὃ
628 942 809 997 κομήτης
833 946 886 985 A.
905 947 978 985 Er.
1000 947 1044 985 P.
1065 945 1108 984 S.
1139 964 1194 973 -
1225 941 1328 984 ἀλλὰ
1358 943 1425 984 καὶ
1453 946 1527 984 τοῦ

92 1005 209 1061 ἡλίου
239 1025 312 1062 pro
342 1007 430 1062 ἅμα
458 1010 523 1051 καὶ
543 1026 579 1051 τ.
600 1007 641 1063 ἦ.
671 1015 721 1052 Ε.
742 1015 786 1052 F.
810 1014 918 1053 cam.
944 1002 1024 1066 y—ps
1040 1014 1127 1052 Cas.
1154 1032 1208 1041 —
1237 1011 1303 1050 καὶ
1327 1009 1431 1052 κατοὶ
1452 1010 1528 1064 τὴν

92 1079 166 1116 τοῦ
195 1074 375 1128 κύματος
402 1076 552 1133 ἔφοδον
580 1081 692 1119 Cam.
749 1081 902 1119 Eadem
937 1080 988 1119 de
1016 1094 1064 1118 re
1095 1093 1213 1131 agens
1254 1086 1396 1118 auctor
1432 1081 1525 1119 libri

93 1145 144 1183 de
171 1147 321 1184 mundo
344 1147 428 1196 IV,
458 1151 508 1186 31
541 1147 603 1186 his
628 1147 763 1187 verbis
787 1148 938 1186 utitur:
977 1141 1173 1198 χάσματά
1200 1160 1243 1186 τε
1271 1143 1349 1201 γὰρ
1378 1146 1525 1200 γίνεται

92 1210 311 1265 θαλάσσης
338 1213 403 1253 καὶ
425 1211 728 1267 ἄναχωρῆματα
755 1212 951 1260 πολλάκις
977 1213 1043 1253 καὶ
1073 1209 1266 1264 κυμάτων
1295 1212 1527 1266 ἕπιδρομαί,

92 1279 191 1319 ποτὲ
216 1278 594 1334 μένζάντανακοπὴν
622 1279 798 1333 ἔχουσαι,
833 1280 932 1322 ποτὲ
953 1279 998 1321 δὲ
1018 1278 1199 1335 πρόωσιν
1218 1278 1359 1332 μόνον,
1391 1278 1525 1335 ὥσπερ

24 1372 29 1378 -
93 1345 308 1400 ἱστορεῖται
334 1348 424 1402 περὶ
447 1345 608 1401 Ἑλίκην
627 1365 670 1390 τε
692 1350 758 1389 καὶ
778 1351 955 1403 Βοῦραν.
986 1351 1184 1389 Nostrum
1203 1351 1338 1388 locum
1359 1363 1528 1402 expres-

91 1417 143 1455 sit
175 1404 365 1455 Se'neca
395 1419 566 1468 Quaest.
583 1426 675 1459 nat.
703 1419 796 1468 VII,
820 1421 866 1457 5:
902 1418 1042 1457 Talem
1059 1419 1241 1470 effigiem
1269 1419 1384 1469 ignis
1413 1418 1529 1469 longi

84 1484 223 1534 fuisse
242 1484 517 1523 Callisthenes
545 1486 694 1533 tradit,
724 1493 949 1536 antequam
966 1486 1120 1523 Bur-im
1142 1492 1183 1522 et
1203 1485 1379 1522 Helicen
1411 1498 1528 1522 mare

93 1549 375 1589 absconderet.
411 1550 664 1590 Aristoteles
683 1556 759 1602 ait,
787 1567 869 1591 non
890 1552 1054 1590 trabem
1075 1552 1209 1599 illam,
1233 1551 1309 1588 sed
1323 1558 1530 1588 cometam

82 1618 245 1669 juisse.-
274 1627 453 1657 ceterum
475 1619 523 1657 ob
545 1621 722 1658 nimiam
743 1620 936 1657 ardorem
957 1633 1043 1657 non
1063 1619 1317 1669 apparuisse
1334 1632 1527 1668 sparsum

94 1686 246 1736 ignem,
275 1686 352 1723 sed
364 1687 616 1736 procedente
637 1694 842 1737 tempore,
871 1700 995 1738 quum
1020 1687 1110 1723 iam
1132 1687 1270 1723 minus
1287 1686 1527 1737 flagraret,

94 1752 308 1789 redditam
330 1766 447 1791 auam
471 1761 653 1791 cometae
684 1751 856 1807 faciem.
912 1754 965 1791 In
983 1768 1062 1805 quo
1083 1755 1183 1805 igne
1202 1753 1336 1791 multa
1359 1753 1528 1805 quidem

83 1818 268 1869 fuerunt
293 1819 446 1871 digna,
478 1834 585 1872 quae
611 1829 882 1859 notarentur.-
910 1820 1024 1859 nihil
1049 1828 1192 1858 tamen
1217 1822 1371 1871 magis,
1401 1834 1526 1871 quam

92 1887 220 1938 quod,
251 1895 296 1924 ut
317 1888 387 1925 ille
398 1885 534 1942 fulsit
554 1889 600 1926 in
620 1889 755 1936 coelo,
782 1890 933 1926 atatim.
958 1901 1091 1937 supra
1112 1888 1266 1926 Barim
1292 1895 1333 1925 et
1350 1887 1528 1926 Helicen

92 1967 209 1992 mare
216 1954 324 2005 fuit.
379 1954 480 1992 Inde
497 1955 800 2007 interpretanda
826 1962 921 1994 sunt
945 1956 1070 1994 verba
1089 1951 1193 1994 κατὰ
1212 1951 1287 2006 τὴν
1303 1955 1378 1993 τοῦ
1397 1951 1528 2005 κύμα-

90 2035 162 2067 τος
191 2018 362 2074 ἴφοδον,
395 2035 495 2072 quae
517 2023 728 2061 clariorem
752 2024 884 2062 lucem
906 2024 1107 2075 accipiunt
1128 2023 1176 2060 ab
1195 2009 1272 2071 iis,v
1294 2036 1395 2075 quae
1419 2024 1526 2061 infra

90 2089 216 2127 tradit
238 2090 302 2139 ΙΙ,
322 2093 372 2139 8,
394 2089 469 2128 43:
512 2087 662 2142 ἐγένετο
693 2088 739 2129 δὲ
767 2092 888 2130 τοῦτο
918 2089 985 2130 καὶ
1013 2088 1103 2143 περὶ
1126 2087 1317 2140 Ἀχαΐαν·
1347 2086 1424 2136 ἔξω
1450 2087 1525 2139 μὲν

67 2144 168 2208 ’γάρ
187 2148 236 2206 ἦν
255 2153 393 2206 νότος,
425 2154 507 2196 ἐκεῖ
523 2155 567 2196 δὲ
584 2155 753 2208 βορέας,
783 2157 975 2210 νηνεμίας
1004 2155 1049 2196 δὲ
1075 2155 1290 2210 γενομένης
1316 2155 1383 2195 καὶ
1407 2153 1524 2207 ῥυέν-

92 2235 164 2267 τος
192 2218 285 2261 εἴσω
313 2224 387 2262 τοῦ
421 2220 571 2273 ἀνέμου
601 2221 751 2276 ἐγένετο
779 2222 827 2263 τό
855 2239 898 2264 τε
927 2227 1037 2276 κῦμα
1075 2224 1141 2264 καὶ
1173 2220 1193 2263 ὅ
1224 2220 1387 2273 σεισμὸς
1422 2219 1522 2273 ἅμα,

93 2287 159 2328 καὶ
187 2289 344 2339 μᾶλλον
372 2286 439 2328 διὰ
458 2287 504 2329 τὸ
523 2287 598 2341 τὴν
629 2287 843 2331 θάλατταν
871 2289 929 2343 μὴ
959 2288 1113 2330 διδόναι
1144 2287 1340 2341 διαπνοὴν
1363 2291 1422 2344 τῷ
1445 2285 1524 2329 ὕπὸ

92 2354 166 2408 τήν
191 2358 264 2408 γῆν
293 2351 518 2411 ὡρμημένῳ
558 2355 775 2407 πνεύματι,
823 2355 915 2397 ἀλλ’
951 2355 1246 2412 ἃντιφράττειν.
1306 2355 1526 2407 ἀποβιαζό-

91 2438 193 2474 μενα
220 2420 297 2476 γάρ
330 2420 487 2475 ἄλληλα
514 2421 561 2463 τὸ
592 2422 667 2475 μὲν
694 2427 850 2476 πνεῦμα
877 2422 948 2464 τόν
967 2423 1130 2477 σεισμὸν
1149 2424 1347 2475 ἐποίησεν,
1374 2420 1400 2475 ἦ
1424 2420 1525 2463 δ’ὕ-

91 2488 288 2538 πόστασις
315 2492 389 2530 τοῦ
416 2487 597 2542 κύματος
625 2487 696 2530 τὸν
721 2489 1019 2543 κατακλυσμόν.
1075 2492 1195 2532 Adde
1221 2493 1522 2531 Pausaniam

92 2559 272 2597 Achaic.
301 2557 442 2610 (VII),
471 2558 548 2608 24,
579 2563 626 2598 7:
659 2557 816 2610 ἐπῆλθέ
844 2571 982 2613 σφισιν
1011 2557 1073 2598 ἐπὶ
1100 2556 1203 2598 πολὺ
1234 2560 1308 2610 τῆς
1331 2555 1470 2612 χώρας
1495 2555 1522 2610 ἦ

94 2622 288 2666 θάλασσα
313 2624 380 2665 καὶ
408 2623 483 2677 τὴν
507 2622 668 2678 Ἑλίκην
698 2625 931 2680 περιέλαβεν
959 2625 1001 2666 ἓν
1029 2625 1162 2681 κύκλῳ
1192 2628 1348 2666 πᾶσαν·
1385 2626 1451 2666 καὶ
1471 2623 1523 2679 δὴ

96 2688 161 2728 καὶ
190 2687 237 2729 τὸ
268 2690 390 2737 ἄλσος
416 2695 490 2732 τοῦ
519 2693 781 2740 Ποσειδῶνος
810 2692 874 2733 ἐπὶ
902 2696 1098 2734 τοσοῦτον
1127 2691 1288 2745 ἐπέσχεν
1312 2689 1333 2732 ὃ
1351 2690 1522 2744 κλύδων,

97 2751 231 2802 ὡςτὰ
259 2752 364 2808 ἄκρα
390 2760 473 2798 τῶν
501 2758 679 2812 δένδρων
718 2758 900 2800 σύνοπτα
937 2757 1035 2800 εἶναι
1061 2757 1199 2812 μόνον.
1245 2759 1452 2808 σείσαντος
1479 2759 1525 2800 δὲ

96 2821 287 2876 ἐξαίφνης
312 2826 387 2864 τοῦ
417 2827 519 2865 θεοῦ
549 2826 614 2866 καὶ
645 2823 747 2879 ὃμοῦ
778 2830 837 2883 τῷ
867 2830 1017 2883 σεισμῷ
1058 2829 1132 2880 τῆς
1169 2824 1389 2881 θαλάσσης
1424 2825 1524 2869 ἀνα-

98 2888 355 2944 δραμούσης,
397 2892 660 2934 καθείλκυσεν
690 2892 917 2950 αὔτανδρον
944 2892 991 2935 τὸ
1026 2896 1136 2947 κῦμα
1172 2893 1248 2948 τὴν
1280 2891 1438 2949 Ἑλίκην
1483 2903 1525 2936 et
