1774 3198
165 966 688 1017 COMMENTARIUS
718 967 792 1016 IN
819 960 1527 1015 METEOROLOGICORUM
1583 992 1612 996 ›-
1662 985 1667 988 ·
1701 983 1704 986 ⁴

530 1082 765 1115 LIBRUM
812 1079 1157 1115 SECUNDUM.

761 1274 877 1313 Gn.
905 1274 937 1311 Ι.
1068 1288 1085 1327 3

243 1364 386 1404 Priora
414 1364 491 1403 tria
518 1364 648 1417 capita
673 1364 891 1404 arctissime
911 1377 1002 1403 cum
1027 1363 1075 1402 iis
1094 1361 1323 1412 cohaerent,
1353 1374 1454 1414 quae
1472 1359 1568 1399 inde

129 1433 179 1472 ab
200 1432 232 1483 I,
253 1435 318 1480 13,
342 1437 365 1471 6
388 1432 588 1471 disseruit.
620 1433 808 1472 Absolvit
832 1432 1002 1471 enimin
1018 1431 1081 1470 his
1110 1430 1176 1482 hy
1189 1429 1504 1482 drographia
1516 1442 1570 1476 m,

129 1507 211 1540 tres
230 1501 480 1553 potissimum
497 1507 671 1540 tractans
690 1501 960 1553 quaestiones:
995 1500 1181 1552 primam,
1194 1512 1292 1538 num
1312 1499 1445 1537 fontes
1463 1511 1572 1536 mare

131 1569 297 1619 habeat3
327 1568 561 1617 secundam,
591 1582 692 1621 quae
709 1569 834 1608 fuerit
858 1569 943 1607 eius
972 1568 1176 1620 generatio
1208 1574 1247 1605 et
1275 1580 1373 1605 num
1404 1566 1571 1605 omuino

110 1626 319 1688 *generata
338 1637 411 1684 sit;
442 1637 598 1674 tertiam
620 1636 814 1688 denique,
842 1651 942 1689 quae
967 1636 1174 1675 salsedinis
1200 1636 1286 1673 eius
1312 1636 1392 1673 sint
1420 1648 1571 1674 causae.

134 1704 262 1744 Vides
287 1704 409 1755 igitur
434 1705 514 1742 iam
535 1704 754 1757 antiquitus
774 1711 979 1747 tractatam
999 1718 1083 1743 esse
1110 1705 1303 1743 famosam
1321 1704 1433 1751 illam
1452 1717 1574 1754 quae-

135 1772 328 1821 stionem,
367 1785 441 1810 cur
469 1771 590 1810 maris
615 1785 716 1823 aqua
742 1773 792 1811 sit
811 1773 928 1821 salsa,
958 1787 1058 1825 quae
1076 1772 1126 1810 ad
1148 1778 1285 1810 nostra
1304 1772 1391 1811 sere
1417 1770 1575 1810 saecula

136 1852 263 1891 usque
287 1845 348 1878 tot
369 1838 600 1878 hominibus
628 1840 856 1892 disputandi
888 1854 1022 1879 ansam
1058 1840 1263 1893 praebuit,
1303 1840 1439 1892 inepta
1478 1853 1576 1892 pro-

68 1933 71 1936 -
136 1908 255 1957 fecto,
284 1921 375 1946 cum
395 1907 530 1959 potius
548 1908 822 1958 quaerendum
839 1909 891 1946 sit
910 1922 1002 1947 cum
1023 1909 1061 1947 L
1074 1909 1088 1947 i
1100 1908 1287 1947 chtenb
1301 1907 1463 1959 ergiO,
1495 1920 1575 1958 quo

138 1975 259 2014 modo
282 1976 433 2015 factum
452 1977 515 2024 sit,
545 1982 590 2014 ut
608 1976 762 2027 reliqua
783 1990 906 2028 aqua,
935 1983 1098 2029 praeter
1117 1976 1336 2022 marinam,
1364 1976 1416 2014 sit
1437 1974 1576 2021 dulcis,

134 2043 179 2082 id
203 2043 312 2096 quod
329 2043 480 2095 optime
500 2043 702 2095 explicare
723 2058 933 2097 possumus
952 2045 1088 2084 verbis
1110 2051 1267 2083 utentes
1290 2044 1465 2082 auctoris
1483 2043 1576 2082 libri

138 2111 187 2149 de
201 2113 363 2162 plantis
394 2111 485 2164 (II,
505 2116 544 2151 2.
575 2126 613 2164 p.
638 2115 730 2162 823,
747 2110 802 2167 b)
817 2144 828 2163 ‚
864 2115 906 2152 in
937 2127 1037 2165 quo,
1069 2113 1145 2152 etsi
1173 2126 1255 2150 non
1279 2112 1390 2160 talis,
1418 2112 1577 2163 qualem

139 2178 260 2217 hodie
286 2179 499 2224 habemus,
539 2182 588 2218 ab
617 2180 838 2220 Aristotele
867 2181 1114 2232 conscriptus
1144 2194 1229 2218 esse
1257 2186 1414 2231 potest,
1453 2180 1579 2217 multa

140 2253 274 2284 tamen
312 2246 567 2286 Aristotelica
618 2249 760 2299 procul
804 2248 926 2287 dubio
946 2279 956 2298 ‚
1014 2247 1207 2300 quidquid
1243 2253 1382 2286 contra
1419 2252 1581 2285 moneat
1630 2249 1633 2252 ”

141 2314 488 2364 Sprengelius
529 2317 693 2352 Histor.
728 2317 789 2353 rei
820 2314 989 2353 herbar.
1023 2316 1056 2354 Ι.
1087 2329 1127 2367 p.
1152 2318 1358 2365 60—62,
1397 2315 1467 2366 qui
1493 2315 1579 2353 sine

141 2381 286 2419 idonea
325 2394 438 2419 causa
479 2381 813 2421 Theodorum
854 2383 1195 2422 Metochitam
1243 2390 1450 2422 auctorem
1495 2397 1580 2421 esse

142 2447 295 2487 censuit
312 2446 370 2500 ³⁶),
398 2457 693 2489 remanserunt.
729 2450 802 2489 Ait
830 2449 863 2488 is
892 2451 920 2490 l.
938 2451 987 2490 l.:
1018 2446 1214 2503 Ξηραίνει
1240 2447 1317 2504 γὰρ
1347 2445 1503 2502 ὃῆλιος
1527 2447 1580 2490 τὰ

190 2592 226 2632 ²)
251 2590 308 2624 Ad
332 2590 461 2624 librum
482 2590 686 2627 Aristotelis
709 2595 751 2627 de
774 2596 895 2637 plantis
918 2595 947 2637 1,
966 2597 987 2629 7
1011 2600 1230 2638 provocatur
1252 2594 1291 2628 in
1315 2596 1493 2638 Geoponic.
1515 2595 1581 2637 111,

233 2649 268 2690 3,
292 2646 327 2690 4,
354 2647 416 2681 ubi
439 2648 514 2683 vid.
538 2649 701 2683 Niclas
725 2662 761 2694 p.
781 2653 849 2684 223
873 2662 926 2695 sq.
951 2651 1112 2695 quamvis
1135 2662 1208 2685 non
1229 2651 1313 2685 satis
1337 2657 1500 2686 accurate
1522 2652 1582 2686 fiat

234 2708 399 2749 totusque
423 2712 606 2750 praeterea
629 2708 731 2742 locus
756 2707 793 2741 in
809 2708 914 2742 MSS.
933 2708 1097 2743 Palatinis
1119 2708 1350 2742 desideretur.
1398 2708 1583 2743 Aristo·-

235 2762 377 2795 telem
416 2763 600 2807 scripsisse
631 2764 741 2799 libros
776 2766 821 2799 de
851 2765 985 2810 ,plantis
1017 2771 1118 2800 extra
1153 2765 1407 2801 dubitationem
1429 2765 1583 2811 positum

235 2816 400 2863 videtur,
446 2831 527 2854 cnm
558 2820 634 2866 ipse
667 2833 923 2867 saepenumero
959 2823 1003 2857 ad
1025 2823 1108 2858 illos
1130 2828 1319 2868 provocet.
1365 2821 1582 2857 Abd-Al-

237 2874 355 2908 latis
375 2889 406 2911 c.
429 2881 461 2911 2.
483 2879 595 2913 refert
617 2879 930 2915 Aristotelem
957 2881 1001 2915 de
1028 2892 1155 2925 persea
1178 2879 1338 2924 (lebakh)
1362 2880 1582 2923 disseruisse,
