1768 3152
226 324 378 367 XXlV
630 318 634 321 ⁵
721 322 1131 366 PRAEFATIO.

226 437 371 479 labore
393 436 582 492 Bagoli
596 438 648 477 ni
671 437 935 478 Veronensis.
965 437 1188 478 Continent
1205 447 1254 474 ea
1271 435 1485 474 versiones
1495 431 1636 473 Theo-

227 507 320 547 dori
350 505 512 555 Gazae,
558 502 722 545 Nico'lai
753 503 982 555 Thomaei,
1014 504 1185 558 Georgii
1202 500 1379 551 Vanae,
1406 499 1639 541 Alexandri

229 572 542 622 Chamaillardi,
563 572 775 629 Leonardi
794 572 976 623 Aretini,
1006 571 1257 613 Rei-nardini
1276 569 1447 619 Donati,
1465 567 1640 623 Georgii

229 639 521 694 Trapezuntii‚
551 639 763 679 Francisci
791 639 1055 696 Philosophi,
1086 639 1317 681 Alexandri
1347 637 1508 686 Paccii,
1537 634 1640 676 Bes-

229 709 421 756 sarionis,
453 705 649 746 Guilelmi
666 705 839 757 Budaei,
871 708 1053 748 Simonis
1072 708 1216 757 ponii,
1245 705 1457 747 Dominici
1479 708 1641 745 Monte-

230 776 357 824 sauri,
388 773 483 814 Iulii
502 773 702 815 Martiani
731 782 772 814 et
794 774 999 817 Bernardi
1022 774 1238 816 Feliciani.
1297 772 1401 821 Quis
1430 786 1530 811 vero
1550 770 1643 812 Me·
1676 804 1678 808 ,

230 841 580 897 teorologicorum
599 844 998 897 interpretationem,
1030 857 1134 898 quae
1150 841 1362 883 volumine
1384 843 1526 896 quinto
1545 853 1643 879 con-

230 912 409 962 tinetur,
447 911 608 951 dederit
638 924 840 965 nusquam
869 914 957 953 vidi
992 912 1220 952 indicatum
1247 909 1485 962 idcircoque
1516 907 1645 948 addu-

231 991 316 1028 cor,
346 987 392 1019 ut
416 986 598 1019 veterem
629 992 721 1018 eam
742 978 941 1020 Guilelmi
965 994 989 1019 a
1010 978 1269 1020 Moerbeckn
1296 977 1530 1016 versionem
1551 987 1645 1014 esse

231 1048 437 1100 suspicer,
467 1061 588 1102 quam
614 1045 823 1087 intellexit
847 1039 1006 1101 >‘absque
1033 1047 1160 1088 dubio
1189 1042 1513 1094 Morellius,
1553 1054 1647 1082 cum

231 1113 300 1154 hic
328 1114 415 1155 illic
445 1123 682 1155 veterem
711 1116 1067 1171 interpretem
1097 1117 1141 1155 in
1164 1128 1262 1155 suos
1291 1126 1392 1153 usus
1422 1110 1645 1161 conferret,

232 1180 399 1236 quicum
435 1182 588 1238 ubique
631 1185 713 1224 ista
753 1184 987 1224 consentire
1027 1181 1365 1238 deprehenditur.
1442 1179 1647 1233 Equidem

231 1249 384 1305 ubique
423 1266 514 1292 eam
546 1249 725 1301 contuli,
772 1252 950 1306 indeque
980 1250 1135 1302 multa,
1184 1264 1287 1305 quae
1317 1249 1524 1304 gravioris
1554 1260 1647 1287 esse

231 1321 431 1360 momenti
466 1320 658 1360 videntur
673 1349 686 1371 ,
734 1322 904 1374 repetii,
955 1334 1126 1375 eamque
1155 1319 1337 1359 indicavi
1366 1319 1487 1372 signo
1525 1314 1646 1370 Bag.

232 1400 325 1426 cum
354 1395 507 1428 certam
536 1403 672 1430 meam
701 1389 884 1429 nondum
917 1389 1097 1429 arbitrer
1127 1388 1420 1427 coniecturam.
1443 1407 1492 1415 -
1522 1379 1649 1424 Prae-

232 1462 295 1494 ter
323 1454 669 1498 Franciscum
699 1456 1156 1506 Vicomercatum‚
1188 1455 1238 1495 de
1259 1468 1339 1509 quo
1365 1451 1528 1504 §.VIIL
1551 1465 1650 1505 age-

232 1529 313 1571 tur,
345 1525 470 1564 etiam
499 1523 573 1564 alii
599 1523 930 1580 Meteorologica
952 1524 1083 1564 latine
1111 1523 1371 1576 interpretati
1398 1529 1508 1583 sunt,
1539 1521 1650 1560 inter

233 1604 335 1644 quos
371 1591 504 1644 primo
543 1590 637 1631 loco
680 1594 958 1634 nominandus
1000 1602 1063 1634 est
1107 1591 1246 1632 Fran
1261 1591 1438 1631 ciscus
1482 1589 1649 1630 Vata-

233 1657 353 1698 blus
369 1687 382 1708 ‚
436 1660 554 1699 cuius
591 1661 729 1700 versio
767 1668 904 1700 exstat
946 1661 990 1700 in
1028 1658 1282 1699 editionibus
1319 1657 1651 1698 Francofurtana

234 1726 334 1765 anni
353 1728 473 1775 1593,
505 1725 828 1777 Casauboni,
850 1725 1154 1767 Du-Vallii
1176 1726 1330 1779 (Lugd.
1348 1730 1466 1767 1619.
1488 1724 1647 1765 2Τοιη.

234 1791 307 1833 fol.
336 1793 467 1833 Paris.
493 1797 612 1835 1654.
632 1800 660 1834 4
675 1793 797 1834 Tom.
815 1792 930 1848 fol.)‚
961 1792 995 1833 B
1008 1793 1108 1832 ekk
1120 1807 1142 1832 e
1155 1795 1214 1832 ri.
1273 1792 1478 1840 Quartum
1495 1792 1651 1833 librum

236 1875 291 1901 ex
316 1862 657 1915 interpretatione
685 1861 869 1901 Franc.
898 1859 1127 1901 Vatabli
1163 1862 1342 1900 seorsim
1371 1861 1500 1900 edidit
1530 1859 1650 1900 Vite-

234 1927 389 1983 bergae
420 1933 540 1971 1543.
578 1933 617 1970 8.
658 1929 766 1982 apud
804 1928 894 1970 Ioh.
926 1927 1070 1983 Klug,
1116 1928 1459 1969 Hermannus
1497 1919 1650 1968 Tuli-

236 1996 415 2046 chius,
457 1998 518 2037 uti
544 1998 741 2038 discimus
771 2012 825 2037 ex
854 1999 1037 2037 carmine
1066 1999 1156 2037 eius
1185 1998 1430 2051 praemisso.
1487 1997 1534 2037 In
1564 1997 1651 2037 edi-

234 2064 416 2105 tionibus
444 2064 542 2105 Iul.
571 2066 745 2116 Pacii,
786 2066 837 2106 de
867 2064 1016 2119 quibus
1047 2065 1196 2106 deinde
1226 2066 1433 2115 dicemus,
1471 2063 1554 2105 alia
1584 2073 1648 2105 est

234 2134 545 2187 interpretatio,
576 2135 695 2174 cuius
721 2142 932 2174 auctorem
960 2134 1146 2173 indicare
1176 2135 1411 2188 nequimus.
1467 2133 1563 2173 Fuit
1590 2141 1651 2173 ta-

236 2215 332 2241 men
359 2202 448 2255 ipse
467 2201 645 2242 fortasse
669 2202 873 2252 Pacius,
904 2216 984 2257 quo
1004 2210 1171 2242 auctore
1202 2202 1443 2256 prodierunt
1469 2200 1650 2242 Franco·

236 2269 337 2310 furti
367 2272 485 2310 1601.
524 2273 571 2311 8:
619 2270 962 2311 Aristotelis
998 2269 1107 2311 libri
1139 2270 1192 2311 de
1225 2272 1366 2321 caelo,
1397 2270 1449 2310 de
1479 2275 1576 2310 orm
1606 2274 1651 2309 et

238 2342 432 2387 interitu,
453 2339 797 2393 meteorologica,
820 2338 872 2380 de
891 2338 1055 2388 mundo,
1068 2352 1212 2393 parva
1230 2340 1470 2388 naturalia,
1491 2338 1650 2392 g’raece

237 2412 281 2446 et
310 2408 445 2447 latine
467 2420 552 2460 per
580 2406 613 2446 I
618 2407 780 2448 ulium
809 2408 1046 2448 Pac-ium.
1106 2406 1483 2448 Praeterea‘latine
1512 2405 1650 2445 reddi-

237 2474 298 2513 dit
325 2472 653 2527 Meteorologica
679 2473 1002 2528 Alcyonius,
1034 2477 1153 2516 cuius
1182 2475 1466 2530 interpretatio
1494 2473 1650 2526 reperi-

237 2550 303 2582 tur
333 2542 377 2581 in
408 2541 588 2581 editione
618 2556 787 2596 operum
808 2542 1047 2586 Aristotelis
1073 2543 1227 2595 latina,
1256 2555 1361 2598 quae
1388 2541 1542 2595 prodiit
1567 2538 1649 2580 Ba-

239 2608 368 2650 sileae
388 2609 495 2662 apud
516 2607 747 2662 Oporinum
774 2615 893 2653 1548.
916 2610 1052 2652 2voll.
1078 2610 1151 2652 fol.
1182 2618 1226 2650 et
1243 2610 1420 2650 seorsim
1449 2609 1559 2648 edita
1585 2615 1649 2648 est

239 2679 324 2718 iam
344 2684 467 2717 antea
476 2675 672 2717 Venetiis
690 2682 809 2720 1521.
831 2677 905 2719 fol.
935 2679 1043 2734 apud
1069 2677 1331 2719 Bernardum
1347 2676 1398 2716 de
1412 2675 1645 2716 Vitalibus:

239 2746 491 2786 Aristotelis
530 2744 582 2784 de
609 2751 891 2799 generatione
927 2752 972 2786 et
998 2749 1180 2786 interitu
1207 2744 1313 2785 libri
1337 2744 1441 2793 dua,
1479 2744 1647 2785 Meteo-
