1820 3158
113 366 520 412 —p.354,b.13ekk.-—
591 367 761 406 LIBJI.
798 366 985 406 CARII.
1067 365 1434 410 —11.339‚F.Cas.-
1481 360 1540 403 67

113 481 237 534 δῆλον
266 479 328 522 ὅτι
358 477 464 520 κατὰ
493 477 564 520 τὸν
594 476 718 520 αὐτὸν
747 476 867 532 λόγον
905 478 970 519 καὶ
999 477 1088 533 περὶ
1115 476 1268 527 ὕδατος
1299 477 1450 534 ἀνάγκη
1481 482 1550 533 ζη-

112 553 207 589 τεῖν.
275 554 312 589 3.
359 549 558 588 Τοιοῦτον
587 544 629 586 δ’
655 544 772 588 οὐδὲν
802 545 901 588 ἄλλο
932 546 1117 602 φαίνεται
1148 549 1265 600 σῶμα
1294 547 1472 599 κείμενον
1501 546 1528 587 ἀ

113 614 272 671 θρόον,
319 612 453 670 ὥσπερ
481 618 562 656 τῶν
593 612 727 655 ἄλλων
757 615 986 667 στοιχείων,
1025 612 1130 667 πλὴν
1158 612 1204 655 τὸ
1236 612 1310 668 τὴς
1337 613 1551 668 θαλάττης

112 683 307 738 μέγεθος·
349 681 396 723 τὸ
426 680 502 738 γὰρ
532 685 614 723 τῶν
640 686 836 735 ποταμῶν
867 680 955 723 οὔτ’
992 680 1173 737 ἀθρόον,
1216 679 1307 723 οὔτε
1337 681 1548 735 στάσιμον,

114 749 207 791 ἀλλ’
234 748 289 798 ὡς
316 747 524 804 γινόμενον
555 749 614 791 ἀεὶ
645 751 828 805 φαίνεται
858 748 963 791 καθ’
998 746 1166 804 ἡμέραν.
1227 750 1266 789 4.
1304 747 1373 790 Ἐκ
1399 749 1552 804 ταύτης

114 818 165 872 δὴ
185 822 258 872 τῆς
280 817 454 873 ἀπορίας
482 819 547 858 καὶ
579 816 683 872 ἀρχὴ
713 821 795 858 τῶν
822 814 956 874 ὑγρῶν
984 816 1117 866 ἔδοξεν
1145 814 1244 858 εἶναι
1271 817 1338 857 καὶ
1356 820 1431 858 τοῦ
1449 833 1552 858 παν-

113 885 185 934 τὸς
211 884 362 933 ὕδατος
391 882 416 938 ἦ
446 884 652 926 θάλαττα.
702 883 765 927 διὸ
795 886 862 927 καὶ
891 884 988 934 τοὺς
1016 883 1228 938 ποταμοὺς
1264 883 1312 925 οὗ
1339 883 1468 937 μόνον
1497 885 1553 932 εἰς

113 953 279 1008 ταύτην,
311 952 416 994 ἀλλὰ
438 954 504 994 καὶ
535 953 579 994 ἐκ
599 950 752 1007 ταύτης
780 954 885 1008 φασί
911 968 1013 1001 τινες
1037 950 1143 1008 ῥεῖν·
1177 949 1451 1004 διηθούμενον
1473 950 1551 1007 γὰρ

112 1023 299 1078 γίνεσθαι
326 1020 373 1063 τὸ
399 1018 583 1076 ἁλμυρὸν
610 1019 784 1072 πότιμον
813 1019 1029 1061 ἀντίκειται
1060 1018 1101 1059 ‹5’
1126 1017 1243 1073 ἑτέρα
1270 1017 1373 1074 πρὸς
1398 1016 1552 1071 ταύτην

113 1091 189 1145 τὴν
231 1090 353 1140 δόξαν
392 1089 565 1143 ἀπορία,
620 1088 663 1129 τί
699 1086 749 1141 δή
787 1086 882 1128 ποτ’
917 1085 991 1128 οὔκ
1026 1085 1110 1128 ἔστι
1138 1085 1186 1127 τὸ
1218 1084 1410 1134 συνεστὸς
1437 1084 1551 1140 ὕδωρ

114 1163 236 1200 τοῦτο
275 1158 469 1211 πότιμον,
522 1154 631 1211 εἴπερ
670 1153 775 1209 ἀρχὴ
814 1158 889 1196 τοῦ
917 1153 1072 1203 παντός
1102 1154 1210 1195 ἐστιν
1239 1152 1411 1206 ὕδατος,
1454 1154 1546 1196 ἀλλ’

115 1223 322 1282 ἆλμυρόν;
373 1224 420 1266 τὸ
462 1222 503 1265 δ’
537 1222 665 1264 αἴτιον
704 1221 791 1276 ἅμα
827 1221 982 1277 ταύτης
1018 1239 1060 1264 τε
1101 1226 1175 1276 τῆς
1214 1220 1389 1277 ἀπορίας
1438 1221 1552 1271 λύσις

114 1293 240 1346 ἔσται’,
270 1292 448 1347 καὶπερὶ
476 1289 692 1345 θαλάττης
720 1290 795 1345 τὴν
823 1291 989 1346 πρώτην
1021 1293 1160 1342 λαβεῖν
1188 1286 1399 1343 ὑπόληψιν
1429 1289 1552 1345 ἀναγ-

112 1367 226 1403 καῖον
255 1359 397 1416 ὀρθῶς
469 1364 506 1401 5.
541 1362 628 1400 Τοῦ
647 1358 724 1414 γὰρ
742 1357 1001 1414 ὕδατοςπερὶ
1021 1358 1095 1413 τὴν
1123 1362 1195 1413 γῆν
1224 1359 1549 1413 περιτεταμένου,

112 1427 300 1485 καθάπερ
340 1429 431 1484 περὶ
467 1442 591 1494 τουπ-,9
619 1445 646 1481 η
677 1430 752 1469 τοῦ
782 1426 902 1478 ἀέρος
933 1433 1090 1483 σφαῖρα
1128 1427 1194 1468 καὶ
1223 1427 1313 1482 περὶ
1343 1426 1497 1482 ταύτην
1526 1425 1551 1482 ἦ

112 1496 302 1552 λεγομένη
335 1495 464 1553 πυρός
504 1485 651 1552 (i’fflo
678 1493 756 1550 γάρ
786 1494 870 1536 ἔστι
899 1493 1064 1536 πάντων
1094 1493 1265 1546 ἔσχατον
1302 1493 1386 1536 εἴθ
1429 1492 1485 1543 ὡς
1514 1495 1553 1537 οἱ

111 1568 290 1607 πλεῖστοι
320 1564 501 1619 λέγουσιν
529 1558 616 1604 ειθ·’
642 1560 697 1612 ὡς
723 1559 882 1617 ημεῖς),
912 1561 1137 1619 φερομένου
1158 1561 1203 1602 δὲ
1222 1564 1296 1602 τοῦ
1316 1559 1433 1615 ηλίου
1457 1567 1554 1604 τοῦ-

112 1649 183 1675 τον
211 1632 284 1675 τὸν
302 1630 468 1688 τρόπον,
499 1631 565 1672 καὶ
587 1629 654 1671 διὰ
681 1634 814 1671 ταῦτα
841 1633 913 1683 τῆς
940 1632 1171 1683 μεταβολῆς
1198 1630 1264 1670 καὶ
1294 1627 1484 1683 γενέσεως
1509 1646 1552 1672 τε

114 1770 233 1808 etiam
257 1768 479 1807 necessario
502 1780 587 1805 esse
606 1765 905 1818 inquirendum.
947 1769 985 1804 3.
1005 1766 1170 1805 Nullam
1189 1771 1321 1805 autem
1342 1768 1421 1806 tale
1442 1768 1552 1807 aliud

114 1838 326 1877 collectum
349 1849 498 1887 corpus
521 1841 683 1887 praeter
703 1834 824 1873 maris
842 1834 1090 1883 vastitatem,
1120 1840 1166 1872 ut
1187 1841 1438 1874 caeterorum
1466 1837 1552 1874 ele-

113 1911 356 1953 mentorum,
378 1904 556 1955 positum
574 1903 750 1941 videtur.
806 1902 1002 1941 Amnium
1031 1902 1138 1939 enim
1169 1915 1268 1953 aqua
1293 1916 1368 1941 nec
1389 1905 1552 1942 collecta

114 1980 196 2023 est,
236 1987 310 2011 nec
342 1979 496 2016 manet,
539 1970 611 2008 sed
649 1969 776 2009 veluti
813 1970 992 2021 quotidie
1029 1969 1162 2007 denuo
1199 1971 1330 2021 genita
1370 1978 1549 2023 apparet.

114 2040 153 2081 4.
180 2043 296 2080 Mare
313 2040 435 2091 igitur
456 2038 719 2076 humidorum
744 2043 784 2075 et
810 2038 931 2076 totius
955 2051 1080 2089 aquae
1100 2037 1349 2089 'principium
1385 2053 1470 2078 esse
1499 2040 1551 2078 ob

112 2108 214 2147 hanc
232 2108 520 2146 dubitationem
543 2106 676 2144 visum
699 2111 769 2144 est.
829 2106 1028 2156 Quoeirca
1048 2111 1088 2144 et
1107 2105 1275 2143 flumina
1294 2119 1377 2144 non
1396 2113 1550 2146 tantum

112 2178 155 2215 in
183 2177 336 2228 ipsum,
374 2175 444 2212 sed
477 2188 528 2213 ex
554 2174 642 2226 ipso
674 2187 833 2225 quoque
861 2172 1002 2220 fluere,
1033 2173 1217 2211 nonnulli
1245 2173 1368 2212 aiunt.
1427 2175 1551 2225 Quod

115 2244 222 2282 enim
251 2244 396 2281 salsum
420 2249 498 2291 est,
527 2243 558 2280 si
582 2242 757 2290 coletur,
787 2241 878 2279 fieri
900 2241 1088 2292 potabile.
1150 2241 1256 2279 Huic
1275 2247 1408 2279 autem
1433 2241 1550 2280 dubi-

115 2310 255 2350 tationi
279 2311 404 2348 altera
423 2310 654 2361 opponitur,
686 2309 783 2359 quid
803 2309 963 2347 tandem
983 2322 1121 2347 causae
1141 2309 1211 2358 sit,
1243 2323 1315 2347 cur
1332 2322 1433 2359 aqua
1453 2308 1551 2347 haec

115 2379 234 2418 simul
263 2383 369 2415 stans
396 2377 582 2428 potabilis
609 2389 692 2414 non
718 2377 788 2425 sit,
818 2376 890 2414 sed
913 2377 1034 2414 salsa:
1064 2375 1262 2428 siquidem
1282 2377 1405 2414 totius
1426 2389 1551 2426 aquae

113 2445 359 2500 principium
384 2450 455 2482 est.
514 2445 642 2482 Causa
665 2449 797 2481 autem
824 2444 942 2482 simul
965 2450 1004 2481 et
1026 2443 1146 2481 huius
1166 2443 1423 2481 dubitationis
1439 2444 1552 2482 solu-

115 2515 173 2554 tio
201 2514 278 2552 erit
307 2519 347 2551 et
375 2511 545 2558 efficiet,
587 2517 632 2549 ut
664 2511 834 2561 primam
871 2512 922 2549 de
954 2511 1056 2548 mari
1085 2510 1402 2561 propositionem
1440 2517 1552 2561 recte

114 2581 260 2635 procul
285 2579 406 2618 dubio
425 2591 639 2617 sumamus·
673 2579 710 2616 5.
733 2579 835 2617 Cum
856 2578 962 2616 enim
985 2590 1087 2628 aqua
1105 2578 1208 2615 circa
1228 2583 1389 2627 terram,
1409 2591 1550 2629 quem-

115 2648 332 2688 admodum
357 2653 395 2685 et
417 2648 520 2686 circa
539 2660 625 2684 eam
648 2646 750 2683 naris
780 2646 889 2683 orbis
919 2651 959 2684 et
988 2646 1093 2683 circa
1119 2643 1228 2682 hunc
1248 2645 1304 2694 is,
1349 2646 1416 2696 qui
1447 2646 1549 2696 ignis

116 2717 286 2763 dicitur,
319 2714 560 2753 obtendatur
589 2711 679 2767 (hic
700 2713 804 2751 enim
829 2713 1006 2751 omnium
1027 2719 1253 2759 extremus,
1282 2714 1368 2752 sive
1390 2720 1434 2752 ut
1455 2715 1544 2766 plu-

115 2785 211 2823 rimi
227 2783 462 2836 perhibent,
492 2783 579 2821 sive
605 2787 651 2819 ut
670 2781 780 2832 nos),
811 2781 882 2819 Sol
900 2787 1033 2819 autem
1052 2780 1128 2819 hoc
1148 2780 1270 2819 modo
1291 2782 1465 2827 feratur,
1496 2782 1548 2820 ob

117 2865 283 2904 eamque
301 2864 456 2890 causam
475 2850 643 2888 mutatio
663 2850 805 2887 existat
825 2854 865 2886 et
885 2854 997 2886 ortus
1017 2854 1134 2900 atque
1151 2849 1350 2898 interitus,
1376 2849 1420 2887 id
1440 2849 1548 2900 quod

1169 2918 1191 2954 5
1216 2913 1245 2942 ᾗ
