1820 3158
159 342 378 389 -p.3t11,b.
396 341 561 377 Bekk.—-
635 342 785 382 LIB.I.
817 341 1020 382 GARIV.
1094 338 1265 382 -1›.328,
1277 336 1324 371 D.
1345 335 1472 372 Cas.-
1525 329 1582 373 15

137 456 329 512 καπνώδη
346 471 356 480 ·
388 456 455 498 καὶ
476 453 637 497 τούτων
654 452 730 507 τὴν
752 453 829 507 μὲν
852 452 1124 508 πνευματώδη
1153 450 1407 503 ἐπιπολάζειν
1438 447 1505 490 διὰ
1534 446 1584 489 τὸ

139 530 314 582 κοῦφον,
345 525 420 580 τὴν
442 523 485 567 ‹5’
509 521 733 582 ὖγροτέραν
761 519 1022 579 ὑφίστασθαι
1051 521 1119 563 διὰ
1148 520 1203 580 τὸ,
1218 520 1364 577 βάρος.
1425 524 1466 560 3.
1498 516 1585 559 Καὶ

140 593 210 636 διὰ
237 598 367 636 ταῦτα
395 597 541 635 τοῦτον
570 591 644 634 τὸν
680 590 836 647 τρόπον
878 589 1125 645 κεκόσμηται
1162 588 1210 631 τὸ
1244 588 1382 645 πέριξ·
1423 589 1588 642 πρῶτον

137 663 214 717 μὲν
248 663 326 720 γὰρ
362 659 443 704 ὕπὸ
475 660 553 715 τὴν
587 657 795 719 ἐγκύκλιον
831 658 967 717 φοράν
1005 659 1092 701 ἔστι
1129 656 1178 700 τὸ
1216 655 1378 712 θερμὸν
1419 655 1487 697 καὶ
1519 656 1588 708 ξη-

139 730 237 787 ρόν,
279 729 302 774 ὃ
331 729 497 786 λέγομεν
521 732 602 786 πῦρ
638 721 882 785 (ἀνώνυμον
908 727 987 784 γὰρ
1015 726 1062 770 τὸ
1093 725 1231 769 κοινὸν
1257 725 1324 767 ἐπὶ
1351 721 1487 778 πάσης
1513 725 1590 777 τῆς

138 799 379 848 καπνώδους
404 798 663 853 διακρίσεως
703 795 816 849 ὅμως
842 796 887 837 δὲ
910 795 979 837 διὰ
1005 795 1054 838 τὸ
1083 794 1265 849 μάλιστα
1292 791 1512 850 πεφυκέναι
1538 790 1588 833 τὸ

135 871 322 910 τοιοῦτον
342 865 563 908 {sexdecem
583 867 666 907 τῶν
688 863 893 917 σωμάτων
911 863 1044 914 οὕτως
1060 863 1278 919 ἀναγκαῖον
1292 864 1482 918 χρῆσθαι
1503 865 1591 908 τοῖς

136 934 375 991 ὀνόμασιν),
414 932 493 975 ὑπὸ
524 932 570 974 δὲ
596 931 753 987 ταύτην
779 932 856 987 τὴν
884 931 1010 988 φύσιν
1037 929 1135 987 ἀήρ.
1193 932 1234 972 4.
1266 930 1351 972 Aa*
1375 929 1421 970 δὲ
1443 931 1589 982 νοῆσαι
1618 930 1644 968 4

136 1000 224 1045 οἷον
242 1000 481 1056 ὑπέκκαυμα
503 1004 626 1043 τοῦτο
649 999 671 1042 ὃ
692 1004 766 1042 νῦν
786 1000 951 1054 εἴπομεν
973 1003 1054 1055 πῦρ
1074 997 1370 1055 περιτετάσθαι
1396 995 1474 1051 τὴς
1499 997 1591 1052 περὶ

137 1070 212 1125 τὴν
237 1075 310 1127 γῆν
339 1070 520 1127 σφαίρας
546 1068 739 1122 ἔσχατον,
781 1066 886 1110 ὥστε
911 1071 1062 1124 μικρᾶς
1088 1066 1282 1122 κινήσεως
1312 1064 1439 1119 τυχὸν
1471 1063 1591 1106 ἐκκά-

139 1143 261 1181 εσθαι
290 1137 507 1188 πολλάκις,
546 1136 682 1192 ὥσπερ
711 1135 784 1178 τὸν
815 1135 994 1178 καπνόν·
1031 1135 1115 1178 ἔστι
1137 1135 1216 1191 γὰρ
1236 1132 1263 1190 ἦ
1285 1134 1393 1191 φλὸξ
1412 1132 1592 1187 πνεύμα-

135 1223 207 1255 τος
236 1209 362 1264 ξηροῦ
389 1206 516 1258 ζέσις·
577 1210 616 1248 5.
652 1198 729 1246 ³H2
756 1203 806 1246 ἂν
832 1203 1015 1259 μάλιστα
1044 1203 1242 1260 εὐκαίρως
1270 1202 1341 1260 ἔχη
1369 1200 1584 1257 ἡτοιαύτη

135 1274 348 1326 σύστασις,
381 1292 483 1317 οταν
502 1271 583 1317 ὕπὸ
602 1278 676 1329 τῆς
695 1277 925 1330 περιφορᾶς
942 1275 1097 1330 κινηθῇ
1123 1288 1224 1325 πως,
1255 1270 1588 1314 {nnciam-‹5102-

134 1343 246 1405 φέρει
276 1360 350 1386 ουν
377 1342 428 1398 δὴ
460 1342 565 1386 κατὰ
595 1342 671 1397 τὴν
692 1346 767 1384 τοῦ
794 1339 1110 1395 υπεκκαύματος
1135 1339 1292 1383 θέσιν
1276 1338 1302 1395 ἠ
1327 1338 1374 1381 τὸ
1395 1341 1585 1393 πλῆθος·

133 1409 184 1454 ἂν
202 1429 279 1465 μεν
298 1411 377 1469 γὰρ
406 1410 602 1460 πλάτος
588 1412 659 1468 ε’χῃ
684 1411 750 1453 καὶ
774 1414 907 1465 μῆκος
930 1408 978 1452 τὸ
1010 1407 1274 1464 υπὲκκαυμα,
1314 1406 1514 1456 πολλάκις
1543 1403 1588 1448 ὅ-

133 1483 254 1536 ρᾶται
282 1480 460 1535 καομένη
498 1479 605 1537 φλὸξ
636 1477 772 1536 ὥσπερ
803 1478 846 1521 ἐν
872 1476 1034 1538 ἆροῦρᾳ
1060 1476 1272 1533 καλάμης,
1317 1475 1368 1519 ἂν
1401 1475 1447 1518 δὲ
1484 1473 1588 1517 κατὰ

134 1630 236 1669 quae
265 1618 431 1671 spiritus
455 1624 643 1657 naturam
665 1616 813 1666 habet,
841 1622 1014 1669 propter
1036 1617 1244 1656 levitatem
1266 1615 1461 1663 emineat,
1491 1611 1589 1650 haec

133 1684 342 1725 humidior
355 1692 527 1739 propter
541 1686 782 1737 gravitatem
801 1685 1017 1723 inferiores
1033 1684 1220 1735 regiones
1237 1687 1417 1734 occupet.
1449 1685 1487 1719 3.
1498 1680 1588 1718 Hoc
1607 1681 1611 1683 “

133 1753 256 1805 igitur
274 1753 420 1793 ordine
440 1753 588 1805 gaudet
605 1753 664 1803 id,
696 1753 806 1806 quod
825 1760 977 1792 terram
996 1751 1133 1790 ambit.
1189 1752 1431 1791 Proximum
1453 1750 1588 1789 circu-

132 1821 210 1860 lari
235 1822 378 1861 lationi
399 1822 535 1861 locum
557 1827 728 1874 occupat
748 1821 922 1860 calidum
946 1821 1195 1871 siccumque,
1225 1820 1366 1872 quod
1353 1832 1490 1872 ignem
1508 1832 1588 1858 vo-

134 1902 268 1928 camus
297 1887 480 1943 (nomine
508 1890 617 1928 enim
645 1895 756 1929 caret
783 1889 848 1940 id,
886 1888 996 1941 quod
1022 1888 1134 1927 omni
1161 1888 1344 1928 fumidae
1373 1888 1588 1955 secrffioni

132 1971 348 1997 commune
368 1963 448 1997 est:
480 1971 573 1996 cum
594 1971 697 1998 vero
720 1958 830 1998 inter
854 1957 990 1997 omnia
1017 1971 1190 2010 corpora
1217 1957 1395 1996 maxime
1420 1954 1503 1996 tale
1521 1956 1587 2002 sit,

131 2033 178 2065 ut
196 2027 388 2066 facillime
411 2026 672 2076 incendatur,
699 2040 862 2066 necesse
889 2032 971 2074 est,
1010 2031 1058 2065 ut
1079 2025 1155 2064 hac
1174 2026 1331 2065 ratione
1355 2024 1589 2063 nominibus

131 2092 337 2145 utamur),
362 2094 603 2135 inferiorem
623 2096 702 2135 isto
730 2094 814 2135 ae'r.
882 2094 920 2134 4.
958 2096 1070 2134 Bene
1095 2100 1230 2134 antem
1262 2095 1487 2146 notandum
1516 2101 1588 2144 est,

130 2161 175 2200 id
201 2162 311 2214 quod
336 2163 416 2202 iam
441 2164 575 2216 ignem
605 2165 865 2210 vocavimus,
896 2162 1041 2202 ultimo
1061 2161 1279 2215 sphaerae,
1310 2177 1414 2216 quae
1433 2170 1585 2202 terram

132 2230 271 2279 ambit5
302 2231 393 2270 loco
413 2246 500 2272 esse
516 2234 695 2286 positum
712 2233 779 2282 ita,
809 2238 856 2271 ut
879 2231 1071 2283 exiguum
1090 2231 1161 2270 ubi
1177 2237 1317 2270 nactus
1338 2238 1397 2270 est
1415 2238 1587 2281 motum,

132 2310 254 2348 saepe
281 2298 385 2337 fumi
409 2299 590 2340 adinstar
616 2301 859 2340 exardescat.
916 2300 1100 2339 Flamma
1127 2300 1235 2338 enim
1254 2299 1358 2338 nihil
1382 2306 1443 2338 est
1465 2301 1586 2349 aliud,

134 2365 209 2404 nisi
244 2365 338 2403 sicci
368 2367 535 2418 spiritus
563 2358 719 2410 fei-vor.
787 2370 827 2408 5.
867 2367 978 2407 Talis
1005 2367 1129 2419 igitur
1160 2368 1384 2417 concretio,
1425 2368 1608 2419 quando‘

134 2446 211 2485 per
239 2434 548 2475 conversionem
575 2436 710 2488 aliqua
733 2435 892 2475 ratione
919 2441 1035 2473 motu
1054 2435 1250 2483 afficitur,
1281 2449 1359 2487 qua
1389 2449 1442 2474 ex
1470 2442 1588 2487 parte

132 2500 271 2540 ardori
299 2502 566 2555 concipiendo
596 2505 772 2543 maxime
799 2503 947 2542 idonea
974 2508 1057 2551 est,
1095 2502 1339 2542 incenditur.
1398 2504 1480 2542 Sed
1508 2519 1587 2557 pro

133 2570 337 2618 materiae,
367 2584 468 2622 quae
488 2573 711 2612 incensioni
738 2577 831 2624 apta
851 2577 925 2619 est,
955 2570 1070 2622 copia
1091 2576 1132 2608 et
1151 2571 1232 2609 situ
1249 2571 1476 2611 differentia
1496 2574 1586 2612 exi-

132 2639 231 2688 stit3
272 2640 431 2691 quando
470 2640 684 2679 latitudine
721 2645 763 2678 et
788 2638 1043 2690 longitudine
1076 2638 1241 2690 gaudet,
1293 2654 1584 2692 saepenumero

131 2705 292 2745 flamma
311 2707 457 2748 ardens
475 2709 668 2758 cernitur,
698 2707 827 2760 qualis
844 2706 892 2744 fit
911 2706 980 2745 ubi
997 2706 1039 2744 in
1058 2719 1157 2745 rure
1177 2708 1318 2746 calami
1337 2708 1585 2749 comburun-

132 2781 222 2814 tur:
261 2776 423 2829 quando
463 2784 598 2816 autem
627 2779 713 2816 sola
740 2774 995 2827 longitudine
1037 2774 1365 2828 [conspiciuntur
1402 2776 1585 2829 phaeno-

129 2843 284 2893 mena],
316 2857 416 2896 quae
433 2845 563 2893 faces,
592 2859 758 2898 caprae,
788 2849 829 2882 et
852 2843 990 2882 stellae
1021 2842 1338 2897 [transsilientes]
1365 2853 1580 2898 vocantur,

1620 1212 1645 1250 5
