1774 3198
264 384 358 426 540
478 393 922 432 COMMENTARIUS
953 394 1012 431 IN
1034 370 1435 436 METEOROLOG.

371 503 435 540 46.
455 501 687 554 στιπτηρίας
698 503 751 540 Ν.
779 503 903 541 Beck
916 516 966 540 m.
988 504 1187 542 BeitrJI.
1206 518 1246 556 p.
1261 508 1460 544 92—108.
1481 505 1659 557 Spren-

260 570 338 620 gel
359 570 408 606 ad
427 570 593 607 Diosc.
610 569 664 606 II.
684 581 723 619 p.
737 568 948 619 649sq.—-
976 565 1031 607 δι’
1054 562 1109 608 ὧν
1130 567 1287 609 καὶτὰ
1308 568 1571 622 διηθούμενα
1590 587 1661 612 ex-

225 628 234 637 'V
260 636 367 673 hibet
386 638 432 673 F.
467 635 533 685 qui
552 634 733 686 deinceps
751 635 874 673 verba
893 633 935 674 ἐν
959 637 1010 688 τῇ
1030 634 1218 689 Σικανικῇ
1237 638 1279 674 in
1296 638 1469 688 margine
1488 638 1661 681 exhibet.

261 698 410 753 Σικάνῃ
427 701 616 751 praebent
636 702 676 738 H
696 702 756 739 .N.
802 703 873 740 Est
891 708 1022 740 autem
1041 703 1149 753 regio
1170 701 1271 741 circa
1290 704 1560 755 Agrigentum.
1590 707 1661 744 cfr.

260 766 429 817 Steph.
451 769 659 817 Byzant.
686 781 722 817 p.
747 770 824 806 599
844 767 976 818 ibique
993 771 1168 820 Interpp.
1199 769 1662 821 Schweighaeuser

259 832 551 871 Animadvers.
570 834 614 871 in
632 833 810 871 Athen.
832 834 944 872 Tom.
957 835 990 873 I.
1013 848 1052 885 p.
1066 839 1159 874 303.
1189 837 1251 874 De
1271 837 1381 893 fonte
1402 838 1475 876 cfr.
1495 839 1660 889 Antig.

260 901 456 949 Caryst.
476 899 626 939 c.154:
655 898 800 939 Λύκον
830 897 873 938 δὲ
901 896 970 939 τᾶν
993 896 1170 953 Ῥηγῖνον
1198 899 1317 953 λέγειν
1345 917 1416 952 την
1443 901 1517 952 μὲν
1546 901 1586 942 ἓν
1612 905 1662 956 τῇ

259 965 438 1004 Σικανῶν
463 962 578 1024 χώρα
607 963 738 1018 φέρειν
767 963 867 1015 όξος,
897 957 1003 1021 ᾧπερ
1033 965 1096 1005 ἐπὶ
1123 970 1203 1009 τῶν
1226 965 1452 1019 ἐδεσμάτων
1475 971 1661 1026 χρῶνται.

259 1020 603 1082 Theophrast.
630 1032 735 1082 apud
759 1033 937 1071 Athen.
955 1035 1239 1085 Deipnosoplz.
1262 1037 1311 1074 ΙΙ.
1333 1050 1371 1087 p.
1386 1039 1462 1074 162
1481 1036 1661 1075 Schw

257 1098 464 1147 πολλαχοῦ
490 1094 530 1135 δ’
555 1096 629 1135 εἰσὶ
658 1100 799 1151 κρῆναι
826 1097 868 1138 αἶ
894 1098 968 1150 μὲν
996 1098 1263 1153 ποτιμώτεραι
1292 1101 1356 1140 καὶ
1373 1099 1660 1154 οινωὸέστεραι.

258 1158 313 1208 ὥς
339 1159 364 1214 ἡ
392 1161 480 1215 περὶ
496 1163 798 1216 Παφλαγονίαν,
828 1163 930 1219 πρὸς
955 1163 1004 1218 ἣν
1032 1181 1130 1220 φησι
1158 1164 1254 1213 τοὺς
1281 1166 1492 1221 ἓγχωριόὺς
1519 1163 1663 1206 ὑποπί-

257 1244 335 1268 νειν
363 1225 615 1281 προσιόντας.
651 1226 848 1281 ἁλμώδεις
877 1229 915 1270 δ’
942 1229 1027 1282 ἅμα
1044 1234 1101 1285 τῷ
1131 1230 1216 1287 ὀξεῖ
1240 1231 1281 1271 ἐν
1295 1233 1478 1280 Σικανοῖς
1505 1236 1576 1285 τῆς
1592 1233 1663 1272 Σι-

259 1294 400 1340 κελίας.
433 1296 581 1334 Prioris
601 1298 722 1335 fontis
743 1299 920 1336 meminit
941 1300 1057 1336 etiam
1080 1300 1357 1337 Vitruvius
1377 1302 1485 1350 VIH,
1500 1305 1523 1339 3
1537 1307 1661 1339 extr.:
1692 1347 1695 1356 l

260 1364 363 1400 Sunt
387 1363 513 1399 etiam
532 1362 703 1412 fontes,
733 1371 779 1401 ut
800 1366 897 1402 νίηο
927 1367 1072 1402 mixti.-
1111 1365 1446 1415 quemadmodum
1473 1380 1574 1404 unus
1601 1375 1662 1404 est

258 1428 603 1478 Paphlagoniae,
635 1442 684 1466 ex
702 1443 781 1479 quo
810 1432 938 1468 etiam
964 1432 1051 1467 sine
1070 1432 1166 1467 vino
1185 1438 1377 1478 potantes
1396 1431 1505 1483 fiunt
1532 1440 1661 1470 temu-

258 1494 371 1532 lenti.
430 1493 545 1530 Adde
574 1495 709 1533 Plin.
742 1497 897 1532 Histor-
925 1504 1056 1534 natur.
1083 1497 1136 1544 II,
1159 1498 1257 1534 106:
1287 1497 1501 1546 Lync-estis
1530 1511 1661 1549 aqua,

260 1573 365 1611 quae
384 1569 556 1598 vocatur
579 1561 769 1609 acidula,
799 1563 889 1599 vini
909 1562 1025 1599 modo
1047 1562 1283 1616 temulentus
1291 1561 1428 1617 fae-it.
1484 1564 1589 1602 Item
1616 1566 1661 1601 in

257 1625 556 1677 Paphlagonia
577 1635 617 1664 et
638 1629 683 1665 in
702 1640 804 1677 agro
827 1629 994 1666 Caleno.

367 1694 432 1730 47.
463 1689 634 1744 Λύγκην
654 1707 729 1744 pro
748 1691 916 1746 Λύγκον
936 1697 981 1732 F.
1038 1696 1108 1734 Est
1125 1695 1234 1745 regio
1259 1701 1298 1733 et
1315 1695 1409 1733 urbs
1430 1695 1559 1746 Epiri.
1588 1695 1660 1734 cfr.

258 1759 620 1800 Strabon..VII.
642 1774 682 1811 p·
704 1763 781 1799 503
805 1762 850 1798 Β.
891 1759 1127 1811 Stephan.
1156 1762 1422 1812 Byzantin.
1480 1758 1659 1812 Λύγκος,

257 1821 371 1870 πόλις
395 1822 609 1878 Ἠπείρου·
640 1823 685 1864 τὸ
717 1822 878 1865 ἓθνικὸν
906 1825 1157 1877 Λυγκησταί.
1212 1829 1276 1866 De
1296 1828 1406 1866 fonte
1431 1828 1526 1866 vide
1547 1829 1664 1866 Cal-

256 1891 457 1928 limach.
495 1893 598 1943 apud
637 1894 868 1943 Antigon.
905 1894 1101 1943 Caryst.
1144 1906 1177 1930 c.
1213 1897 1304 1931 180.
1335 1907 1370 1944 p.
1393 1897 1491 1932 122:
1523 1890 1590 1931 Ἐν
1618 1890 1662 1930 δὲ

257 1955 518 2007 Λυγκησταῖς
539 1955 794 2008 -Θεόπομπον
830 1954 996 2009 φάσκειν
1024 1972 1062 1996 τι
1091 1953 1188 1996 εἶναι
1215 1954 1325 2009 ὕδωρ
1356 1955 1448 2004 ὀξύ·
1494 1956 1589 2003 τοὺς
1616 1956 1661 1995 δὲ

257 2021 300 2061 ἐκ
328 2020 472 2061 τούτου
501 2022 708 2073 πίνοντας,
747 2020 877 2075 ὥσπερ
907 2022 969 2061 ἐπὶ
999 2025 1078 2062 τῶν
1107 2008 1247 2073 οἷ’νων,
1280 2021 1555 2062 ἀλλοιοῦσθαι.
1595 2022 1660 2062 καὶ

256 2086 380 2127 τοῦθ’
413 2070 490 2127 itm&
532 2087 722 2128 πλειόνων
759 2094 1039 2141 μαρτυρεῖται,
1088 2090 1157 2128 ubi
1197 2090 1552 2128 Beckmannus
1591 2089 1662 2126 ad-

258 2156 414 2207 scripsit
431 2156 554 2194 verba
584 2157 807 2194 Sotionis
837 2169 888 2193 ex
908 2158 1146 2205 Excerptist
1180 2152 1418 2206 ,Θεόπομπος
1437 2153 1478 2194 ἒν
1494 2154 1662 2206 Λυγκη-

259 2223 340 2274 στῷ
370 2221 467 2274 φησὶ
498 2219 624 2273 πηγὴν
650 2218 769 2268 εἶναι,
808 2224 857 2274 τῇ
884 2220 957 2271 μὲν
985 2218 1110 2273 γεύσει
1139 2218 1358 2269 ὀξίζουσαν.
1405 2218 1498 2267 τοὺς
1528 2218 1571 2259 δὲ
1598 2219 1663 2257 πί-

258 2301 401 2332 νοντας
427 2285 728 2337 μεθύσκεσθαι,
759 2283 814 2334 ὡς
842 2285 919 2327 ἀπὸ
951 2285 1072 2326 οἷ’νου.
1133 2288 1247 2326 Adde
1283 2289 1453 2326 Senec.
1493 2289 1658 2337 Quaest.

259 2361 347 2391 nat.
370 2355 454 2399 III,
474 2359 548 2403 20,
570 2357 613 2393 5:
643 2355 793 2405 Aquae
819 2355 938 2392 humo
965 2354 1186 2403 sulphurea
1212 2356 1274 2390 vis
1302 2353 1425 2390 habet
1458 2353 1660 2404 quoddam

260 2421 402 2457 acrius
429 2434 477 2457 ex
503 2421 597 2458 aiire
624 2423 748 2458 noxio
778 2423 914 2468 virus,
952 2421 1063 2471 quod
1088 2427 1259 2456 mentem
1294 2427 1369 2467 aut
1401 2421 1446 2456 in
1470 2418 1661 2468 furorem

260 2493 411 2532 movet,
444 2495 517 2524 aut
539 2501 685 2536 sopore
708 2489 918 2536 opprimit.
974 2485 1069 2533 Hoc
1092 2485 1218 2523 habet
1241 2486 1345 2523 mali
1364 2493 1403 2522 et
1419 2484 1660 2534 lyae-estius

260 2555 392 2589 amnis
408 2567 419 2588 .·
1131 2553 1133 2559 '

371 2619 498 2668 Quem
526 2620 752 2668 quicunque
773 2630 928 2667 parum
955 2617 1167 2654 moderato
1193 2623 1358 2667 guttere
1385 2616 1518 2652 traxit

368 2684 503 2721 Haud
529 2685 653 2721 aliter
683 2685 858 2731 titubat,
889 2697 1013 2734 quam
1041 2684 1077 2719 si
1096 2695 1212 2720 mera
1239 2683 1341 2719 vina
1371 2679 1551 2716 bibisset.

258 2751 409 2789 Versus
437 2756 528 2787 sunt
558 2750 739 2788 Ovidii
771 2752 945 2787 Metam.
978 2749 1084 2796 XV,
1120 2751 1196 2803 32¹
1226 2759 1284 2795 sq.
1325 2745 1373 2782 de
1398 2744 1534 2782 eadem
1564 2754 1661 2795 aqua

257 2815 464 2865 loquentis.
533 2815 709 2853 Similem
745 2816 827 2853 vim
864 2815 1091 2852 tribuebant
1121 2812 1259 2862 Sybari
1295 2811 1418 2855 fluvio
1430 2839 1440 2858 ‚
1492 2810 1541 2847 de
1582 2823 1660 2860 quo
