1774 3198
311 339 336 380 5
345 337 404 381 76
524 345 969 385 COMMENTARIUS
998 346 1059 384 IN
1078 345 1482 386 METEOROLOG.

311 457 523 509 respondet
539 455 617 494 230
638 451 681 497 -Ι-
697 428 775 532 {3}
794 470 848 491 =
870 456 947 495 560
964 453 1003 494 3¹
1022 457 1091 495 lat.
1100 455 1187 495 bor.
1208 456 1376 494 circulus
1392 458 1556 496 arcticus
1575 464 1711 496 contra

313 523 388 563 670
409 524 473 561 lat.
495 523 530 559 b.

423 593 457 627 9.
480 584 569 626 οὔτε
584 588 640 641 τῷ
658 584 837 642 θρασκίᾳ
859 587 990 625 omisit
1007 586 1056 624 N.
1076 587 1119 633 in
1137 587 1311 637 margine
1327 592 1480 636 ponunt
1498 588 1542 625 F.
1554 586 1605 625 H.
1633 589 1712 626 Pro

313 657 436 694 altero
457 651 544 693 οὔτε
562 655 613 692 N.
637 654 794 692 exhibet
810 651 914 692 οὗὸέ.
939 675 990 682 -
1020 652 1115 690 Post
1135 649 1234 691 κατὰ
1256 648 1468 702 διάμετρον
1489 652 1599 690 Cam.
1615 653 1710 691 P.S.

312 722 464 766 addunt
481 723 655 771 σημεῖον.
671 741 717 748 -
741 720 965 758 Articulum
985 726 1074 757 ante
1092 717 1271 773 θρασκιά
1288 719 1431 756 omittit
1448 720 1495 757 E.
1523 719 1581 756 uti
1601 718 1715 756 etiam

313 802 412 840 quae
434 801 528 825 mox
545 793 762 837 sequuntur
782 787 904 825 verba
923 783 1024 824 ἔπνει
1044 783 1119 837 γὰρ
1138 782 1195 823 ἄν.
1222 806 1259 812 -
1290 784 1515 823 Articulum
1534 790 1626 822 ante
1644 795 1718 835 ση-

311 857 422 904 μεῖον
441 854 584 892 omittit
600 840 712 890 Cam.
730 871 784 880 --
812 849 991 891 ἐνταῦθα
1010 866 1081 903 pro
1106 848 1168 889 ἀπ’
1192 847 1315 890 αὐτοῦ
1336 850 1496 889 exhibet
1514 849 1556 888 F.
1576 872 1631 879 --
1658 862 1721 894 τις

250 943 257 952 -
280 928 283 931 ’
314 923 404 959 πνεῖ
426 921 586 958 inverso
609 918 747 968 ord‘ipe
767 919 813 956 F.
851 915 932 968 ἔστι
960 933 1019 964 τις
1045 920 1093 957 Ε.
1115 920 1166 956 A.
1187 917 1305 957 Alex.
1326 937 1381 944 -
1419 914 1456 955 οἱ
1484 915 1602 969 περὶ
1630 912 1719 954 τὸν

313 982 470 1025 τόπον
495 984 710 1033 ἐκεῖνον.
741 985 809 1022 cfr.
829 985 879 1022 ad
898 987 931 1033 Ι,
956 989 1019 1032 13,
1044 987 1105 1022 15.

397 1050 408 1060 ’
428 1046 498 1091 1οἶ
517 1053 604 1090 ιΡΓο
624 1048 737 1089 τοῦδ>
760 1046 856 1089 εἶναι
879 1053 925 1089 F.
946 1052 1108 1101 praebet
1125 1047 1170 1088 τὸ
1194 1046 1233 1088 δ’
1252 1044 1369 1098 εἶναι,
1401 1049 1454 1087 Ν.
1477 1045 1523 1087 οὗ
1548 1045 1587 1087 δ’
1606 1044 1719 1087 εἶναι.

313 1141 367 1147 —-
396 1114 498 1170 πρὸς
516 1124 605 1155 ante
622 1116 875 1168 μεσημβρίαν
900 1119 1045 1155 omittit
1073 1119 1120 1154 E.
1149 1137 1202 1145 --
1231 1117 1494 1166 προσκεῖσθαι
1522 1105 1594 1165 pro
1620 1109 1721 1153 ὓπο-

314 1186 471 1223 κεῖσθαι
496 1198 557 1234 pr.
588 1196 708 1220 manu
737 1182 790 1220 N.
819 1203 874 1212 ·—-
915 1182 970 1227 εἰς
995 1184 1138 1221 τοῦτον
1166 1179 1236 1221 τὸν
1263 1178 1387 1221 τόπον
1414 1195 1490 1232 pro
1519 1180 1574 1227 εἷς
1600 1182 1720 1219 τοῦτο

313 1248 359 1289 τὸ
381 1248 503 1302 μέρος
530 1252 578 1288 F.
605 1267 658 1277 -—
686 1247 754 1287 καί
779 1254 869 1286 ante
894 1246 1219 1300 θερμαινομὲνων
1248 1248 1357 1285 deest
1378 1242 1422 1284 ¹in
1443 1247 1576 1285 codice
1595 1247 1644 1284 E.
1667 1268 1722 1275 —-

289 1337 291 1339 v
314 1319 415 1355 Mox
433 1315 498 1354 καὶ
519 1313 590 1365 την
609 1316 680 1365 γῆν
702 1328 776 1365 pro
797 1313 862 1352 καὶ
885 1316 956 1364 τῆς
985 1315 1055 1365 γῆς
1080 1317 1127 1352 F.
1151 1316 1203 1351 H.
1223 1316 1307 1352 Bas.
1329 1303 1450 1363 S-JE
1469 1311 1558 1350 Cas.
1576 1334 1631 1342 -—-
1659 1310 1721 1349 ἐπὶ

315 1384 497 1420 πλεῖστον
518 1378 641 1419 τόπον
654 1380 703 1419 A.
715 1379 840 1418 Alex.
854 1382 944 1427 105,
964 1394 997 1427 a,
1026 1393 1258 1431 perperam:
1286 1378 1493 1416 retinenda
1509 1379 1612 1416 enim
1630 1379 1723 1416 vul-

316 1455 401 1499 gata
424 1451 595 1499 propter
609 1453 873 1497 antegressum
894 1445 1028 1484 πλείω.
1084 1446 1145 1484 Ita
1165 1447 1266 1483 male
1282 1458 1344 1482 me
1363 1444 1481 1482 habet
1499 1444 1602 1494 apud
1629 1445 1655 1481 S
1669 1457 1724 1480 o-

315 1514 550 1565 phoclem
585 1513 775 1550 Trachin.
795 1515 892 1550 115:
920 1508 1030 1562 [ἐάντ’
1054 1509 1215 1549 ἐπίοντα
1233 1507 1264 1549 τ’
1279 1508 1369 1559 wne,
1386 1509 1724 1547 ubiscribendum

314 1577 425 1630 sscivt'
449 1575 641 1629 ἐπιβάντα
660 1577 688 1617 τ’
712 1576 802 1617 ἴδοι.
819 1598 873 1606 --
902 1581 1003 1617 Mox
1023 1592 1097 1629 pro
1116 1574 1182 1615 διὰ
1196 1572 1346 1626 ταύτην
1369 1571 1440 1626 τὴν
1461 1574 1590 1613 αἰτίαν
1606 1575 1723 1613 Alex.
1768 1599 1770 1602 v

316 1647 367 1685 A.
388 1647 430 1684 P.
450 1647 489 1684 S.
511 1647 596 1684 Cas.
623 1641 708 1696 (qui
731 1651 864 1683 tamen
884 1652 1058 1682 nostram
1075 1644 1285 1682 lectionem
1302 1642 1344 1679 in
1360 1642 1535 1692 margine
1552 1655 1728 1679 comme-

317 1709 505 1762 moravit)
531 1708 586 1749 δι’
610 1708 733 1762 αὐτὴν
761 1709 834 1763 τὴν
865 1710 1008 1753 αἰτίαν.

429 1782 494 1815 11.
526 1774 761 1827 πνευμάτων
790 1775 1034 1831 κυριώτατος
1059 1772 1206 1827 βορέας
1233 1773 1287 1812 Ν.
1319 1774 1469 1812 omisso
1493 1772 1635 1811 deinde
1657 1786 1727 1811 κυ-

319 1840 572 1895 ριώτατα.--
601 1841 681 1882 ἔστι
713 1842 756 1882 δὲ
784 1843 847 1882 καὶ
877 1845 957 1882 τῶν
986 1839 1201 1895 εἰρημένων
1229 1835 1464 1889 πνευμάτων
1492 1837 1727 1890 βορέαςῖμὲν

318 1906 339 1948 ὅ
359 1923 399 1947 τε
430 1909 522 1959 (scr.
544 1906 594 1946 τά
615 1907 673 1959 τε)
704 1906 927 1962 ἀπαρκτικοὶ
957 1908 1022 1948 καὶ
1053 1905 1252 1959 θρασκίας
1279 1904 1343 1944 καὶ
1372 1902 1497 1955 μέσης
1528 1905 1727 1956 Olymp-

319 1978 394 2021 42,
413 1976 450 2013 b.
508 1975 620 2013 Idem
649 1975 719 2013 fol.
741 1975 812 2024 43,
831 1989 874 2023 a,
911 1975 979 2025 ubi
1003 1975 1045 2012 in
1073 1973 1236 2023 reliquis
1259 1973 1457 2021 vulgatam
1492 1971 1727 2020 scripturam

319 2043 516 2094 sequitur,
548 2039 617 2080 καί
633 2041 720 2092 post·
746 2038 827 2083 ἔστι,
852 2039 898 2079 δέ
923 2041 1083 2080 retinet.
1108 2061 1163 2067 --
1190 2036 1254 2076 καὶ
1283 2034 1495 2088 θρασκίας
1511 2034 1574 2074 καὶ
1602 2034 1727 2086 μέσης

318 2109 510 2159 praebent
534 2108 652 2145 etiam
673 2106 789 2149 Alex.
810 2108 879 2145 fol.
900 2108 991 2154 105,
1010 2120 1043 2144 a.
1073 2105 1124 2143 A.
1153 2103 1218 2143 καὶ
1236 2099 1256 2142 ὃ
1275 2100 1478 2152 θρασκέας
1496 2100 1581 2153 (sic)
1603 2104 1649 2140 F.
1672 2123 1728 2132 —-—

320 2171 451 2219 κοινὸς
479 2170 671 2224 ἀργέστου
700 2174 887 2212 omittunt
914 2174 963 2213 Ε.
984 2174 1037 2210 H.
1058 2172 1112 2209 N.
1130 2191 1183 2200 —-
1211 2170 1354 2211 νει-ΒΕ,
1365 2167 1429 2207 καὶ
1446 2165 1568 2218 μέσον
1584 2194 1726 2206 .......

322 2237 551 2291 ἄπηλιώτου
570 2240 613 2277 in
633 2239 808 2291 margine
836 2240 967 2290 posuit
987 2241 1033 2277 F.
1057 2237 1199 2275 omisso
1218 2232 1361 2281 κοινός.
1419 2234 1538 2272 Unde
1558 2233 1728 2272 fortassis

319 2314 434 2345 totus-
451 2308 560 2344 locus
582 2306 638 2343 ita
657 2311 718 2343 est·
733 2305 1008 2356 refingendus:
1039 2300 1120 2342 ἔστι
1145 2300 1188 2340 δὲ
1216 2300 1282 2341 καὶ
1309 2302 1388 2340 τῶν
1413 2297 1627 2352 εἴρημένων
1653 2301 1728 2348 βο-

323 2372 417 2426 ρέας
449 2370 523 2424 μὲν
554 2368 575 2411 ὅ
594 2368 636 2410 τ’
662 2369 883 2424 ἀπαρκτίας
912 2367 1138 2423 κυριώτατα
1167 2367 1232 2413 καὶ
1260 2365 1463 2420 θρασκίας
1502 2363 1566 2404 καὶ
1592 2361 1727 2415 μέσης,

319 2442 362 2478 in
385 2440 525 2490 quibus
553 2436 625 2479 nal,
656 2444 810 2489 spectat,
836 2438 886 2475 ad
916 2443 1137 2487 antegressa
1165 2430 1281 2478 τοῦδ’
1313 2429 1411 2472 εἶναι
1447 2430 1604 2476 πλείους
1639 2427 1730 2469 ἀνέ-

320 2520 423 2555 μους
451 2501 530 2544 ἀπὸ
561 2506 641 2543 τῶν
668 2501 771 2557 πρὸς.
796 2500 942 2555 ἄρκτον
969 2499 1103 2541 τόπων
1134 2507 1174 2558 et
1192 2514 1229 2552 q.
1249 2514 1280 2538 s.
1306 2521 1361 2527 —-
1397 2498 1619 2537 Articulum
1640 2503 1730 2534 ante

323 2568 401 2610 ἀπὸ
430 2569 684 2623 μεσημβρίας
722 2571 870 2608 omittit
900 2572 973 2619 F.,
1015 2569 1081 2619 qui
1115 2580 1212 2605 mox
1247 2579 1322 2618 pro
1355 2561 1545 2617 ἀργέστης
1571 2562 1731 2600 exhibet

323 2635 503 2690 ἄργέτης.
1646 2664 1648 2666 .

436 2707 502 2742 12.
532 2698 681 2753 ὁμοίως
695 2716 770 2753 pro
792 2698 895 2747 ὅλως
917 2700 1083 2751 Olymp.
1102 2699 1172 2738 fol.
1193 2697 1311 2747 43‚b‚
1337 2708 1417 2734 non
1433 2693 1565 2732 minus
1583 2692 1729 2743 inepte,

320 2782 436 2820 quam
459 2769 566 2819 quod
593 2768 736 2807 deinde
763 2768 924 2807 exhibet
942 2762 1089 2806 τούτου
1108 2778 1182 2816 pro
1204 2761 1368 2802 τούτων.
1387 2780 1439 2789 -
1495 2761 1559 2798 De
1587 2772 1633 2797 re
1660 2758 1731 2797 cfr.
