1774 3198
412 369 637 409 LIBRUM
665 368 992 409 SECUNDUM.
1051 369 1168 411 CAP.
1190 369 1267 409 111.
1478 362 1570 408 535
1592 404 1593 407 ,

137 484 186 522 tit
208 484 253 522 F.
276 505 327 511 -—-
361 484 425 522 De
445 482 646 525 Chaoniae
671 483 783 521 fonte
812 482 943 524 obiter
970 482 1266 532 Antigonus
1295 481 1573 534 Carystius

136 566 170 590 c.
209 554 311 590 158:
354 547 397 590 ἐκ
429 548 473 589 δὲ
505 552 580 602 τῆς
617 548 707 603 περὶ
736 549 945 601 Χαονιάν,
993 545 1092 589 ὅταν
1131 546 1338 603 ἀφεψηθῇ
1370 545 1418 592 τὸ
1445 545 1499 588 {id
1536 563 1574 602 ρ,

137 614 240 664 ἅλας
269 617 468 671 γίνεσθαι.
527 618 658 660 Plin.
689 619 856 656 Hister.
878 626 1022 656 natur.
1052 617 1233 665 XXXI,
1256 620 1331 658 39:
1359 617 1412 663 In
1431 610 1494 661 Ch
1527 631 1574 656 0-

135 688 211 724 nia
229 694 465 738 excoquunt
485 700 644 738 aquam
661 673 1243 741 ekfontestefiigerandoque
1259 686 1393 731 salem
1395 685 1574 736 facium

135 755 308 793 inertem
325 768 400 792 nec
421 753 662 792 candidum.
1294 798 1298 799 ⁷

249 823 317 860 41.
349 819 395 861 οἱ
424 819 530 863 ἐκεῖ
553 822 624 859 cfr.
642 820 693 860 ad
710 823 745 867 1,-
764 823 830 870 13,
851 822 918 860 15.
941 841 997 849 —-
1021 814 1251 875 ιΗρακλέος
1267 821 1321 862 Ν.
1348 843 1384 849 —-
1421 817 1466 860 ἐκ
1483 826 1575 859 ante

135 891 210 941 τῆς
224 886 442 941 Ἐρυθείας
462 889 611 928 omittit
629 890 694 935 E„
726 890 768 927 in
790 872 869 940 quo
889 893 931 926 et
948 888 991 926 in
1005 889 1149 927 codice
1165 891 1213 928 F.
1237 889 1350 927 deest
1368 889 1486 927 etiam
1508 902 1575 928 ar·-

132 958 293 996 ticulus.
345 954 550 1006 Ἐριθειάς
578 959 626 1005 Ε.
651 956 774 995 Alex.
802 957 855 996 A.
885 952 1137 1008 Εὐρυσθέως
1174 956 1325 1008 Olym
1338 970 1379 1008 p.
1409 968 1576 1008 prorsus

133 1025 284 1076 inepte.
305 1046 361 1053 --
385 1027 450 1064 De
470 1026 603 1065 fabula
621 1025 696 1064 cfr.
720 1024 893 1063 Niclas
913 1023 966 1062 ad
983 1024 1252 1064 Aristotel.
1276 1025 1327 1063 de
1342 1022 1573 1069 mirabmb.

136 1093 362 1130 auscultat.
395 1106 438 1144 p.
460 1096 542 1132 298
563 1106 620 1144 sq.
646 1091 712 1131 ed.
745 1093 1059 1140 Beckmann,
1102 1092 1348 1131 Meineke
1388 1091 1439 1129 ad
1478 1092 1573 1134 Eu-

135 1159 376 1212 phorion.
408 1173 448 1211 p.
475 1160 554 1199 148
585 1165 626 1200 et
651 1173 751 1210 quos
773 1159 938 1198 laudant
966 1161 1151 1211 Heyne
1179 1158 1232 1198 ad
1260 1158 1571 1210 Apollodor.

133 1229 198 1276 II,
227 1230 275 1273 5,
307 1230 372 1265 10.
419 1226 736 1277 Bernhardy
764 1226 816 1264 ad
854 1226 1072 1278 Dionys.
1111 1227 1371 1278 Perieget.
1408 1239 1449 1277 p.
1476 1228 1572 1265 926.

132 1294 439 1346 intelligendam
469 1308 554 1332 esse
581 1294 632 1332 de
653 1292 829 1345 Erythia
853 1294 1084 1345 Epirotica,
1124 1295 1306 1346 quamvis
1336 1299 1492 1332 certum
1524 1293 1576 1331 sit

134 1363 270 1415 plures
291 1369 475 1402 auctores
496 1362 546 1400 de
569 1362 722 1401 Iberica
742 1362 955 1413 cogitasse,
982 1362 1109 1400 veluti
1141 1362 1271 1401 Plin.
1301 1362 1464 1400 His-tor.
1487 1367 1575 1399 nat.

132 1432 187 1477 V,
206 1434 276 1478 22,
310 1435 422 1482 patet
448 1443 501 1467 ex
529 1430 807 1469 Antonino
838 1429 1087 1469 Liberali
1116 1443 1149 1468 c.
1169 1423 1270 1468 4:1⁶>
1294 1425 1339 1470 δὲ
1363 1423 1576 1480 ςΗρακλῆς

132 1494 384 1537 ἀπεδείκνυεν
420 1493 671 1550 Ἀμβρακίαν
699 1511 742 1536 τε
771 1495 838 1536 καὶ
866 1493 939 1548 τὴν
970 1493 1189 1547 σύμπασαν
1220 1492 1420 1548 ’Ἠπειρον
1450 1487 1576 1535 οὖσαν

132 1561 294 1604 ἑαυτοῦ.
344 1563 657 1616 πολεμήσαντας
691 1560 769 1616 γάρ
797 1561 908 1618 αὐτῷ
938 1559 1122 1610 Κελτούς
1159 1564 1253 1614 (qui
1286 1564 1576 1606 dubitationem

132 1631 234 1671 mihi
252 1630 438 1683 movent)
467 1631 533 1671 καὶ
552 1628 725 1676 Χάονας
753 1630 818 1670 καὶ
834 1628 1109 1684 Θεσπρώτους
1137 1629 1204 1670 καὶ
1233 1627 1474 1682 σύμπαντας
1494 1628 1576 1670 'H-

133 1696 334 1752 πειρώτας
363 1694 428 1738 ὕπ’
451 1695 577 1738 αὐτοῦ
604 1700 877 1752 κρατηθῆναι,
918 1695 982 1738 ὅτι
1009 1695 1085 1745 τὰς
1113 1695 1325 1752 Γηρυόνου
1352 1700 1455 1750 βοῦς
1483 1711 1578 1739 συν-

134 1763 327 1813 ελθόντες
355 1763 583 1820 ἀφελέσθαι
612 1766 740 1819 (quod
759 1768 908 1807 iterum
934 1772 1174 1820 corruptum
1202 1781 1287 1811 esse
1310 1769 1384 1808 vix
1403 1767 1577 1820 dubito).

139 1855 189 1861 ——-
217 1834 378 1874 Deinde
408 1831 614 1890 ἀποτμίση
644 1848 720 1886 pro
741 1833 951 1889 ἀπατμίσῃ
976 1838 1025 1876 F.
1067 1836 1246 1895 xNostris
1273 1837 1578 1887 cogitationibus

135 1903 259 1954 magis
278 1903 388 1941 foret
408 1909 732 1950 consentaneum,
761 1904 796 1941 si
806 1905 1020 1955 'legeretur
1048 1899 1147 1943 ὅταν
1175 1900 1382 1957 ἀπενεχθῇ
1406 1901 1453 1943 τὸ
1476 1905 1579 1955 θερ-

133 1967 214 2021 μὸν
244 1966 332 2020 ἅμα
359 1971 418 2024 τῷ
443 1965 575 2025 ὑγρῷ,
605 1970 678 2010 sed
697 1984 795 2010 cave
822 1985 875 2012 ne
900 1971 998 2023 quid
1025 1971 1226 2010 emendes.
1258 1972 1333 2011 cfr.
1355 1972 1578 2010 ,Meteorol-

136 2046 262 2077 veter.
287 2038 360 2076 G'r.
391 2047 431 2076 et
453 2039 574 2076 Rom.
597 2039 672 2088 lv,
692 2038 756 2078 14.
789 2053 830 2090 p.
854 2042 918 2079 93.
943 2062 995 2068 -
1026 2040 1176 2084 Nivem
1197 2053 1288 2078 cum
1308 2052 1450 2090 spuma
1467 2053 1579 2078 com—

134 2106 295 2157 paravit
321 2105 655 2144 Aristoteles
691 2108 740 2145 de
765 2115 955 2159 generat.
985 2109 1160 2147 animal.
1184 2108 1249 2156 11,
1268 2111 1308 2149 2,
1337 2120 1379 2158 p.
1403 2109 1508 2156 735,
1529 2107 1576 2149 b:

134 2172 245 2210 unde
266 2178 399 2223 patet,
431 2174 528 2224 quid
547 2174 622 2212 sibi
642 2175 743 2213 velit
764 2174 973 2226 epitheton
994 2176 1152 2225 χαῦνοι.
1176 2194 1233 2202 --
1264 2175 1328 2212 De
1354 2179 1578 2216 structura:
1596 2221 1605 2230 A

137 2237 330 2291 γίνεται
360 2235 483 2285 ἅλες
511 2241 582 2279 cfr.
613 2241 932 2292 Hippocrat.>
951 2242 1001 2281 de
1025 2242 1132 2291 ah're,
1163 2256 1232 2292 aq.
1259 2248 1299 2279 et.
1317 2241 1421 2278 locis
1451 2240 1488 2289 §.
1509 2241 1578 2280 43.

137 2320 178 2358 p.
199 2310 252 2344 36
286 2306 350 2344 ed.
381 2308 578 2358 Coray:
619 2304 667 2346 τὸ
695 2305 770 2358 μὲν
796 2306 874 2361 γὰρ
904 2303 1089 2361 ἁλμυρόν
1118 2307 1294 2347 λείπεται
1323 2304 1468 2361 αὖτέου
1498 2303 1577 2348 ὕπὸ

139 2370 291 2424 πάχεος
318 2372 385 2412 καὶ
413 2371 563 2425 βάρεος
593 2373 659 2413 καὶ
688 2373 894 2427 γίνεται
933 2372 1081 2426 ἅλες,
1130 2371 1176 2415 τὸ
1207 2373 1253 2418 δὲ
1282 2372 1527 2419 λεπτότατον
1556 2370 1578 2415 ὃ

138 2437 254 2492 ἣλιος
283 2437 500 2494 ἀναρπάζει
527 2436 607 2480 ὑπὸ
637 2438 903 2496 κουφότητος.

254 2507 320 2547 42.
347 2522 389 2547 τε
410 2522 486 2560 pro
512 2506 559 2548 δέ
581 2510 634 2548 H.
657 2511 711 2548 N:
733 2532 789 2539 —
832 2511 955 2561 Quod
983 2512 1165 2563 sequitur
1187 2525 1230 2550 τε
1253 2499 1510 2555 οωίῑῑιιῃῑῈ.
1531 2512 1578 2550 Α.

141 2577 226 2616 Cas-
246 2576 291 2614 P.
323 2577 392 2627 qui
417 2589 515 2614 mox
530 2576 705 2616 ,exhibet
731 2574 964 2628 ἧδύνουσιν.
994 2601 1049 2607 -—
1089 2577 1175 2618 Καὶ
1205 2576 1247 2618 ἐν
1271 2575 1507 2632 Ὀμβρικοῖς
1535 2576 1580 2618 δὲ

140 2639 326 2683 τοιοῦτόν
366 2658 409 2683 τε
444 2641 580 2697 ἕτερον
615 2643 787 2698 γίγνεται
826 2653 979 2685 mutato
1008 2647 1229 2686 verborum
1264 2646 1408 2685 ordine
1437 2648 1486 2686 F.
1526 2666 1577 2674 —

142 2711 294 2750 Totum
333 2711 444 2750 hunc
487 2713 620 2750 locum
660 2719 851 2751 monente
893 2713 1227 2754 Schneidero
1276 2714 1424 2766 Eelog.
1455 2713 1579 2765 phys.

143 2779 262 2816 Tom.
280 2780 336 2818 Π.
365 2793 406 2830 p.
429 2783 482 2819 87
515 2781 717 2832 excerpsit
746 2780 976 2820 Michael
1003 2783 1062 2821 Ps
1074 2783 1209 2822 ellus
1239 2780 1450 2824 διδασκαλ.
1478 2795 1581 2820 παν-

144 2843 304 2898 τοδαπῇ
334 2847 439 2899 apud
471 2848 767 2888 Fabricium
808 2848 1016 2889 Biblioth.
1042 2864 1112 2901 gr.
1158 2851 1278 2889 Tom.
1308 2851 1362 2890 V.
1405 2863 1444 2901 p.
1477 2850 1579 2888 170:
