1820 3158
111 357 500 405 -p.361,a.Bekk.-
572 357 737 398 Lmn,
765 355 963 397 GAPJV.
1031 348 1254 396 -p.345,C.
1279 348 1407 385 σαι-
1452 341 1515 387 93

89 487 153 516 σιν
183 475 239 522 εἷς
272 470 406 526 ὀρθὸν
433 469 645 526 γινομένης
671 472 746 523 τῆς
774 465 1112 521 ἀναθυμιάσεως,
1143 464 1206 509 ὅτι
1234 468 1314 514 πᾶς
1331 462 1364 507 Δὃ
1387 462 1522 521 κύκλῳ

88 540 168 597 ἀήρ
199 540 410 583 συνέπεται
438 542 490 595 τῇ
515 541 640 597 φορᾷ.
700 539 770 579 24.
799 535 879 578 Διὸ
911 536 978 577 καὶ
1007 533 1245 589 ἀπορήσειεν
1273 532 1324 576 ι’ίν
1350 548 1414 582 τις
1439 533 1578 574 ποο24

87 609 270 666 τέρωθεν
298 605 323 663 ἦ
356 605 460 663 ἀρχὴ
491 609 573 648 τῶν
603 604 844 660 πνευμάτων
872 603 977 652 ἐστι’,
1017 601 1190 658 πότερον
1219 600 1380 644 ἄνωθεν
1408 599 1527 655 ἢκά-

87 681 246 720 τωθεν·
285 674 310 731 ἡ
343 676 418 730 μὲν
446 672 522 730 γὰρ
553 675 708 728 κίνησις
739 671 900 715 ἄνωθεν
931 672 998 713 καὶ
1026 672 1121 728 πρὶν
1150 677 1281 724 πνεῖν,
1323 667 1345 712 ὅ
1376 667 1418 711 δ’
1442 667 1523 725 ἀὴρ

89 745 300 799 ἐπίδηλος,
349 741 424 785 κᾶν
462 737 489 799 ᾗ
526 741 649 798 νέφος
682 739 707 796 ἢ
738 736 885 794 ἇχλῦς·
949 740 1133 794 σημαίνει
1171 738 1249 796 γὰρ
1290 736 1526 791 κινουμένην

87 811 318 866 πνεύματος
361 810 489 867 ἀρχὴν
527 812 622 866 πρὶν
660 812 845 866 φανερῶς
883 807 1124 862 ἐληλυθέναι
1153 806 1226 849 τὸν
1254 805 1425 860 ἄνεμον,
1473 801 1529 853 ῶς

88 880 251 923 ἄνωθεν
281 878 416 922 αὐτῶν
446 878 622 933 ἐχόντων
652 878 728 933 τὴν
759 875 903 934 ἀρχήν.
961 881 1029 920 25.
1054 875 1163 918 Ἐπεὶ
1184 874 1224 917 δ’
1248 875 1357 916 ἐστὶν
1386 871 1408 915 ὅ
1429 872 1583 915 &ve-25

87 965 166 1003 μος
203 946 368 1002 πλῆθός
406 964 445 989 τι
483 951 556 1002 τῆς
595 947 639 988 ἔκ
666 951 741 1002 γῆς
780 948 905 1001 ξηρᾶς
944 943 1261 997 ἀναθυμιάσεως
1296 940 1530 995 κινούμενον

88 1018 179 1072 περὶ
209 1016 284 1070 τὴν
312 1020 404 1070 γῆν,
457 1016 582 1070 δῆλον
614 1013 677 1057 ὅτι
706 1018 780 1068 τῆς
805 1013 881 1067 μὲν
910 1011 1105 1066 κινήσεως
1138 1010 1163 1066 ἦ
1203 1010 1309 1068 ἀρχὴ
1350 1009 1526 1058 ἄνωθεν,

87 1089 163 1138 τῆς
192 1084 231 1125 δ’
265 1082 367 1138 ὕλης
393 1084 460 1125 καὶ
488 1087 563 1137 τῆς
589 1082 778 1138 γενέσεως
805 1079 1016 1122 κάτωθεν·
1059 1073 1086 1136 ᾗ
1114 1079 1190 1133 μὲν
1220 1079 1298 1135 γὰρ
1330 1077 1529 1135 ρευσεΐται

87 1151 136 1193 τὸ
163 1150 300 1204 ἀνιόν,
331 1151 486 1194 ἐκεῖθεν
513 1150 560 1193 τὸ
593 1150 741 1192 αἴτιον·
773 1146 898 1204 ἡγὰρ
928 1147 1039 1205 φορὰ
1069 1151 1152 1190 τῶν
1179 1146 1429 1203 πορρωτέρω
1457 1161 1530 1187 κυ-

90 1220 159 1275 ριά
194 1223 266 1274 τῆς
301 1223 398 1274 γῆς·
456 1220 523 1261 καὶ
564 1217 650 1273 ἅμα
689 1216 879 1260 κάτωθεν
916 1217 993 1271 μὲν
1020 1217 1076 1266 εἷς
1106 1215 1240 1273 ὀρθὸν
1270 1214 1528 1271 ἀναφέρεται,

89 1287 157 1328 καὶ
187 1289 266 1328 πᾶν
296 1284 422 1340 ἰσχύει
448 1289 605 1341 μᾶλλον
633 1284 770 1342 ἐγγύς,
809 1283 836 1341 ἦ
870 1285 924 1345 δὲ.
943 1288 1018 1340 τῆς
1051 1284 1241 1341 γενέσεως
1269 1282 1373 1339 ἀρχὴ
1405 1284 1531 1337 δῆλον

43 1354 47 1356 ’
89 1351 218 1403 οὖς-ἔκ
244 1357 319 1408 τῆς
345 1358 418 1410 γῆς
446 1353 567 1397 ἐστίν.
638 1360 707 1398 26.
740 1352 833 1396 “Ota
863 1352 905 1395 δ’
940 1353 983 1395 ἐκ
1012 1356 1174 1396 πολλῶν
1202 1350 1522 1406 ἀναθυμιάσεων
1533 1355 1587 1392 26

89 1424 314 1463 συνιουσῶν
342 1421 446 1465 κατὰ
468 1421 636 1479 μικρόν,
676 1421 812 1478 ὥσπερ
842 1421 885 1463 αἱ
912 1425 994 1464 τῶν
1019 1425 1216 1476 ποταμῶν
1246 1421 1372 1476 πηγαὶ
1399 1420 1528 1474 γίνον-

88 1505 155 1531 ται
184 1489 418 1544 νοτιζούσης
445 1494 520 1545 τῆς
546 1494 639 1546 γῆς,
681 1492 808 1545 δῆλον
836 1490 904 1532 καὶ
933 1490 998 1531 ἐπὶ
1026 1493 1108 1532 τῶν
1137 1489 1286 1546 ἔργων·
1324 1487 1426 1529 ὅθεν
1453 1484 1531 1540 γὰρ

89 1554 278 1600 ἑκάστοτε
316 1557 525 1611 πνέουσιν,
575 1558 780 1612 ἐλάχιστοι
817 1556 965 1606 πάντες
1003 1558 1105 1608 εἶσί,
1152 1557 1362 1614 προϊόντες
1391 1554 1436 1595 δὲ
1465 1553 1532 1594 καὶ

90 1694 276 1745 obliquus
295 1700 364 1733 est.
406 1695 580 1746 Quando
600 1696 708 1734 enim
729 1693 930 1733 exhalatio
949 1702 1059 1734 recta
1079 1693 1298 1741 adscendit,
1314 1687 1431 1731 ‘circa
1450 1697 1534 1730 ter-

90 1775 178 1800 ram
197 1762 365 1813 spirant,
395 1762 556 1814 quando
574 1763 840 1801 circumfusus
860 1764 990 1803 omnis
1012 1762 1085 1802 ae'r
1102 1762 1410 1801 conversionem
1437 1773 1535 1797 con-

90 1829 284 1881 sequitur.
339 1829 408 1869 24.
441 1831 640 1881 Quocirca
666 1831 769 1869 etin
788 1829 956 1869 dubium
985 1832 1073 1882 quis
1094 1829 1374 1877 revocaverit,
1404 1827 1536 1866 unde-

90 1910 183 1936 nam
211 1903 428 1936 ventorum
447 1898 706 1951 principium
735 1904 795 1936 est
825 1913 847 1937 e
877 1912 1080 1951 supe-rone
1107 1899 1198 1938 loco
1225 1911 1276 1936 an
1307 1910 1359 1935 ex
1386 1895 1534 1934 infero.

91 1967 229 2005 Motus
257 1965 362 2004 enim
388 1980 411 2004 e
430 1980 578 2018 supero
598 1972 682 2016 est,
712 1972 753 2005 et
773 1972 986 2018 antequam
1009 1967 1185 2018 spirant,
1210 1967 1432 2005 illustratus
1450 1962 1536 2009 ae'r,

92 2034 211 2071 etiam
241 2034 275 2071 si
294 2034 477 2083 nubilus,
505 2041 574 2073 aut
594 2035 830 2086 caliginosus
851 2035 988 2074 fuerit.
1045 2035 1151 2073 Nam
1174 2034 1408 2086 priusquam
1433 2046 1538 2070 ven-

93 2107 156 2140 tus
183 2102 392 2140 manifeste
418 2102 550 2152 venit,
578 2102 695 2142 flatus
714 2103 962 2155 principium
996 2103 1154 2141 moveri
1183 2101 1402 2153 significat,
1432 2107 1540 2138 tam-

94 2181 211 2219 quam
240 2168 412 2221 desuper
443 2169 616 2209 habeant
642 2171 897 2222 principium.
956 2174 1021 2209 25.
1054 2171 1256 2221 Quoniam
1282 2176 1416 2208 autem
1435 2181 1538 2207 ven—

87 2240 157 2286 ⁴tus
185 2236 377 2286 quaedam
406 2243 466 2275 est
492 2236 758 2277 exhalationis
787 2239 913 2278 siccae
932 2252 954 2276 e
973 2245 1082 2277 terra
1110 2238 1388 2276 adscendentis
1414 2237 1539 2287 copia,

94 2314 196 2353 quae
215 2302 319 2341 circa
335 2310 487 2342 terram
508 2312 708 2354 movetur,
737 2306 992 2357 perspicuum
1011 2312 1071 2344 est
1089 2305 1277 2343 motionis
1294 2305 1540 2357 principium

96 2383 119 2407 e
137 2381 283 2420 supero
303 2383 408 2408 esse:
439 2373 630 2410 materiae
649 2379 785 2411 autem
805 2379 847 2411 et
868 2373 1135 2423 generationis
1158 2386 1211 2410 ex
1230 2373 1374 2411 infero.
1433 2372 1540 2410 Nam

97 2450 174 2488 qua
196 2450 248 2475 ex
266 2444 383 2489 parte
405 2438 449 2476 id
474 2439 584 2490 quod
612 2439 819 2479 adscendit
855 2439 978 2489 fluet,
1019 2439 1117 2478 inde
1157 2446 1217 2478 est
1245 2454 1371 2478 causa.
1429 2440 1541 2479 Con-

96 2504 231 2543 versio
270 2505 378 2543 enim
412 2506 480 2556 iis,
517 2520 619 2559 quae
651 2521 675 2545 a
702 2514 812 2546 terra
844 2508 1001 2558 longius
1040 2506 1209 2556 distant,
1258 2509 1447 2560 propria,
1495 2521 1540 2544 ac

97 2572 216 2611 simul
242 2586 295 2610 ex
322 2574 456 2612 infero
483 2574 573 2612 loco
596 2581 707 2613 recta
728 2575 916 2622 effertur,
946 2580 1165 2626 cunctaque
1182 2575 1273 2626 plus
1292 2576 1443 2614 virium
1467 2574 1541 2613 ha-

97 2640 217 2686 bent,
247 2654 337 2679 cum
357 2642 398 2679 in
417 2642 650 2693 propinquo
681 2647 787 2680 sunt.
848 2642 975 2680 Ortus
1004 2648 1138 2680 autem
1165 2643 1411 2695 principium
1442 2657 1541 2681 con-

100 2713 175 2745 stat
197 2721 248 2745 ex
266 2713 374 2747 terra
403 2723 497 2747 esse.
565 2713 631 2748 26.
673 2709 813 2748 Multis
842 2722 969 2760 porro
999 2709 1319 2749 exhalationibus
1349 2712 1541 2763 paulatim

100 2774 336 2814 coeuntibus
369 2790 435 2815 eos
463 2777 657 2826 existere,
691 2791 774 2815 non
793 2777 910 2815 aliter
930 2783 1049 2828 atque
1067 2778 1246 2817 amnium
1270 2779 1404 2817 fontes
1432 2785 1542 2817 terra

101 2840 315 2881 humorem
330 2846 572 2884 scaturiente
590 2845 705 2895 fiunt,
720 2859 766 2884 re
785 2845 904 2883 etiam
924 2846 1011 2896 ipsa
1029 2847 1288 2899 perspicuum
1309 2853 1380 2885 est.
1422 2846 1543 2884 Unde
