<?xml version="1.0" encoding="UTF-8"?>
<!DOCTYPE html PUBLIC "-//W3C//DTD XHTML 1.0 Transitional//EN"
    "http://www.w3.org/TR/xhtml1/DTD/xhtml1-transitional.dtd">
<html xmlns="http://www.w3.org/1999/xhtml" xml:lang="en" lang="en">
 <head>
  <title>
</title>
<meta http-equiv="Content-Type" content="text/html;charset=utf-8" />
  <meta name='ocr-system' content='tesseract 3.04.00' />
  <meta name='ocr-capabilities' content='ocr_page ocr_carea ocr_par ocr_line ocrx_word'/>
</head>
<body>
  <div class='ocr_page' id='page_1' title='image "./meteorologicorum01arisuoft_0653.png"; bbox 0 0 1774 3198; ppageno 0'>
   <div class='ocr_carea' id='block_1_1' title="bbox 380 395 1542 448">
    <p class='ocr_par' dir='ltr' id='par_1_1' title="bbox 380 395 1542 448">
     <span class='ocr_line' id='line_1_1' title="bbox 380 395 1542 448; baseline -0.009 0"><span class='ocrx_word' id='word_1_1' title='bbox 380 407 601 448; x_wconf 88' lang='lat' dir='ltr'>LIBRUM</span> <span class='ocrx_word' id='word_1_2' title='bbox 632 406 957 446; x_wconf 88' lang='lat' dir='ltr'><strong>SECUNDUM.</strong></span> <span class='ocrx_word' id='word_1_3' title='bbox 1017 402 1139 444; x_wconf 81' lang='lat' dir='ltr'><strong>CAP.</strong></span> <span class='ocrx_word' id='word_1_4' title='bbox 1164 405 1242 445; x_wconf 86' lang='lat' dir='ltr'><strong>lx.</strong></span> <span class='ocrx_word' id='word_1_5' title='bbox 1445 395 1542 438; x_wconf 86' lang='lat'><strong>613</strong></span> 
     </span>
    </p>
   </div>
   <div class='ocr_carea' id='block_1_2' title="bbox 94 519 1545 1524">
    <p class='ocr_par' dir='ltr' id='par_1_2' title="bbox 102 519 1545 848">
     <span class='ocr_line' id='line_1_2' title="bbox 104 519 1544 576; baseline -0.005 -13"><span class='ocrx_word' id='word_1_6' title='bbox 104 538 145 576; x_wconf 92' lang='lat' dir='ltr'><strong>p.</strong></span> <span class='ocrx_word' id='word_1_7' title='bbox 167 527 246 563; x_wconf 88' lang='lat'><strong>187</strong></span> <span class='ocrx_word' id='word_1_8' title='bbox 256 537 340 576; x_wconf 86' lang='lat' dir='ltr'><strong>sqq.</strong></span> <span class='ocrx_word' id='word_1_9' title='bbox 360 544 415 552; x_wconf 91' lang='grc'><strong>-</strong></span> <span class='ocrx_word' id='word_1_10' title='bbox 458 522 706 573; x_wconf 81' lang='lat' dir='ltr'><strong>Ligysticam</strong></span> <span class='ocrx_word' id='word_1_11' title='bbox 728 535 840 560; x_wconf 88' lang='lat' dir='ltr'><strong>oram</strong></span> <span class='ocrx_word' id='word_1_12' title='bbox 861 521 1043 559; x_wconf 80' lang='lat' dir='ltr'><strong>nominat</strong></span> <span class='ocrx_word' id='word_1_13' title='bbox 1063 532 1236 571; x_wconf 74' lang='lat' dir='ltr'><strong>campoe,</strong></span> <span class='ocrx_word' id='word_1_14' title='bbox 1254 519 1322 570; x_wconf 78' lang='lat' dir='ltr'><strong>qui</strong></span> <span class='ocrx_word' id='word_1_15' title='bbox 1340 530 1447 557; x_wconf 84' lang='lat' dir='ltr'><strong>nune</strong></span> <span class='ocrx_word' id='word_1_16' title='bbox 1468 532 1544 557; x_wconf 86' lang='lat' dir='ltr'><strong>vo-</strong></span> 
     </span>
     <span class='ocr_line' id='line_1_3' title="bbox 104 586 1545 643; baseline -0.005 -12"><span class='ocrx_word' id='word_1_17' title='bbox 104 597 247 643; x_wconf 52' lang='lat' dir='ltr'><strong>cartir</strong></span> <span class='ocrx_word' id='word_1_18' title='bbox 267 593 385 630; x_wconf 80' lang='lat' dir='ltr'><strong>Grau</strong></span> <span class='ocrx_word' id='word_1_19' title='bbox 405 589 578 628; x_wconf 83' lang='lat' dir='ltr'><strong>d’Arles</strong></span> <span class='ocrx_word' id='word_1_20' title='bbox 595 591 704 628; x_wconf 87' lang='lat' dir='ltr'><strong>inter</strong></span> <span class='ocrx_word' id='word_1_21' title='bbox 724 589 946 629; x_wconf 81' lang='lat' dir='ltr'><strong>Massiliam</strong></span> <span class='ocrx_word' id='word_1_22' title='bbox 965 594 1004 627; x_wconf 90' lang='lat' dir='ltr'><strong>et</strong></span> <span class='ocrx_word' id='word_1_23' title='bbox 1014 587 1202 627; x_wconf 85' lang='lat' dir='ltr'><strong>Rhodani</strong></span> <span class='ocrx_word' id='word_1_24' title='bbox 1215 586 1326 636; x_wconf 81' lang='lat' dir='ltr'><strong>ostia,</strong></span> <span class='ocrx_word' id='word_1_25' title='bbox 1345 586 1545 638; x_wconf 78' lang='lat' dir='ltr'><strong>lapidibus</strong></span> 
     </span>
     <span class='ocr_line' id='line_1_4' title="bbox 102 655 1541 712; baseline -0.003 -14"><span class='ocrx_word' id='word_1_26' title='bbox 102 660 295 712; x_wconf 90' lang='lat' dir='ltr'><strong>repletos.</strong></span> <span class='ocrx_word' id='word_1_27' title='bbox 352 658 462 699; x_wconf 83' lang='lat' dir='ltr'><strong>Vide</strong></span> <span class='ocrx_word' id='word_1_28' title='bbox 491 658 734 698; x_wconf 83' lang='lat' dir='ltr'><strong>strabon.</strong></span> <span class='ocrx_word' id='word_1_29' title='bbox 762 659 836 698; x_wconf 94' lang='lat' dir='ltr'><strong>IV.</strong></span> <span class='ocrx_word' id='word_1_30' title='bbox 866 672 907 711; x_wconf 89' lang='lat' dir='ltr'><strong>p.</strong></span> <span class='ocrx_word' id='word_1_31' title='bbox 930 661 1013 697; x_wconf 87' lang='lat'><strong>277</strong></span> <span class='ocrx_word' id='word_1_32' title='bbox 1044 657 1095 696; x_wconf 88' lang='lat' dir='ltr'><strong>A.</strong></span> <span class='ocrx_word' id='word_1_33' title='bbox 1152 657 1397 707; x_wconf 90' lang='lat' dir='ltr'><strong>Pompon.</strong></span> <span class='ocrx_word' id='word_1_34' title='bbox 1427 655 1541 694; x_wconf 87' lang='lat' dir='ltr'><strong>Mel.</strong></span> 
     </span>
     <span class='ocr_line' id='line_1_5' title="bbox 102 722 1544 779; baseline -0.003 -14"><span class='ocrx_word' id='word_1_35' title='bbox 102 728 151 766; x_wconf 85' lang='lat' dir='ltr'><strong>de</strong></span> <span class='ocrx_word' id='word_1_36' title='bbox 170 730 258 766; x_wconf 79' lang='lat' dir='ltr'><strong>situ</strong></span> <span class='ocrx_word' id='word_1_37' title='bbox 277 727 365 766; x_wconf 87' lang='lat' dir='ltr'><strong>orb.</strong></span> <span class='ocrx_word' id='word_1_38' title='bbox 388 728 443 775; x_wconf 86' lang='grc' dir='ltr'><strong>ΙΙ,</strong></span> <span class='ocrx_word' id='word_1_39' title='bbox 468 729 492 766; x_wconf 88' lang='grc'>5</span> <span class='ocrx_word' id='word_1_40' title='bbox 523 732 564 765; x_wconf 90' lang='lat' dir='ltr'><strong>et</strong></span> <span class='ocrx_word' id='word_1_41' title='bbox 581 739 682 779; x_wconf 89' lang='lat' dir='ltr'><strong>quae</strong></span> <span class='ocrx_word' id='word_1_42' title='bbox 698 727 838 766; x_wconf 88' lang='lat' dir='ltr'><strong>monui</strong></span> <span class='ocrx_word' id='word_1_43' title='bbox 859 724 1076 765; x_wconf 80' lang='lat' dir='ltr'><strong>Meteorol.</strong></span> <span class='ocrx_word' id='word_1_44' title='bbox 1098 732 1176 763; x_wconf 72' lang='lat' dir='ltr'><strong>vet.</strong></span> <span class='ocrx_word' id='word_1_45' title='bbox 1200 723 1272 761; x_wconf 79' lang='lat' dir='ltr'><strong>Gr.</strong></span> <span class='ocrx_word' id='word_1_46' title='bbox 1294 730 1336 761; x_wconf 83' lang='lat' dir='ltr'><strong>et</strong></span> <span class='ocrx_word' id='word_1_47' title='bbox 1354 723 1477 762; x_wconf 85' lang='lat' dir='ltr'><strong>Rom.</strong></span> <span class='ocrx_word' id='word_1_48' title='bbox 1492 722 1544 772; x_wconf 89' lang='lat'><strong>11,</strong></span> 
     </span>
     <span class='ocr_line' id='line_1_6' title="bbox 103 795 475 848; baseline 0 -14"><span class='ocrx_word' id='word_1_49' title='bbox 103 799 142 834; x_wconf 91' lang='lat'><strong>7.</strong></span> <span class='ocrx_word' id='word_1_50' title='bbox 171 809 210 848; x_wconf 92' lang='lat' dir='ltr'><strong>p.</strong></span> <span class='ocrx_word' id='word_1_51' title='bbox 230 795 299 834; x_wconf 87' lang='grc'><strong>41.</strong></span> <span class='ocrx_word' id='word_1_52' title='bbox 331 801 414 834; x_wconf 88' lang='lat' dir='ltr'><strong>not.</strong></span> <span class='ocrx_word' id='word_1_53' title='bbox 437 798 475 834; x_wconf 89' lang='grc'><strong>8.</strong></span> 
     </span>
    </p>

    <p class='ocr_par' dir='ltr' id='par_1_3' title="bbox 95 856 1543 1389">
     <span class='ocr_line' id='line_1_7' title="bbox 213 856 1543 915; baseline -0.005 -13"><span class='ocrx_word' id='word_1_54' title='bbox 213 863 280 902; x_wconf 88' lang='grc'><strong>48.</strong></span> <span class='ocrx_word' id='word_1_55' title='bbox 313 861 492 909; x_wconf 81' lang='grc' dir='ltr'><em>ποντίοις</em></span> <span class='ocrx_word' id='word_1_56' title='bbox 519 876 595 915; x_wconf 91' lang='lat' dir='ltr'><strong>pro</strong></span> <span class='ocrx_word' id='word_1_57' title='bbox 612 860 795 909; x_wconf 77' lang='grc' dir='ltr'><em>ποντίαις</em></span> <span class='ocrx_word' id='word_1_58' title='bbox 813 862 864 901; x_wconf 89' lang='grc' dir='ltr'><strong>Η.</strong></span> <span class='ocrx_word' id='word_1_59' title='bbox 895 867 942 901; x_wconf 90' lang='lat' dir='ltr'><strong>ut</strong></span> <span class='ocrx_word' id='word_1_60' title='bbox 959 861 1078 900; x_wconf 84' lang='lat' dir='ltr'><strong>etiam</strong></span> <span class='ocrx_word' id='word_1_61' title='bbox 1098 861 1132 906; x_wconf 81' lang='lat'><strong>§.</strong></span> <span class='ocrx_word' id='word_1_62' title='bbox 1154 862 1230 900; x_wconf 84' lang='lat'><strong>49:</strong></span> <span class='ocrx_word' id='word_1_63' title='bbox 1259 856 1451 904; x_wconf 86' lang='grc' dir='ltr'><strong>ποντίους</strong></span> <span class='ocrx_word' id='word_1_64' title='bbox 1465 871 1543 910; x_wconf 88' lang='lat' dir='ltr'><strong>pro</strong></span> 
     </span>
     <span class='ocr_line' id='line_1_8' title="bbox 100 925 1543 981; baseline -0.003 -11"><span class='ocrx_word' id='word_1_65' title='bbox 100 929 282 981; x_wconf 85' lang='grc' dir='ltr'><strong>ποντίας,</strong></span> <span class='ocrx_word' id='word_1_66' title='bbox 313 932 384 970; x_wconf 91' lang='lat' dir='ltr'><strong>ubi</strong></span> <span class='ocrx_word' id='word_1_67' title='bbox 404 931 556 970; x_wconf 85' lang='lat' dir='ltr'><strong>accedit</strong></span> <span class='ocrx_word' id='word_1_68' title='bbox 575 930 629 970; x_wconf 88' lang='lat' dir='ltr'><strong>N.</strong></span> <span class='ocrx_word' id='word_1_69' title='bbox 646 954 703 960; x_wconf 90' lang='lat'><em>-</em></span> <span class='ocrx_word' id='word_1_70' title='bbox 730 930 924 970; x_wconf 85' lang='lat' dir='ltr'><strong>Discessit</strong></span> <span class='ocrx_word' id='word_1_71' title='bbox 944 930 993 968; x_wconf 82' lang='lat' dir='ltr'><strong>ab</strong></span> <span class='ocrx_word' id='word_1_72' title='bbox 1013 927 1234 968; x_wconf 81' lang='lat' dir='ltr'><strong>Aristotele</strong></span> <span class='ocrx_word' id='word_1_73' title='bbox 1256 925 1543 967; x_wconf 85' lang='lat' dir='ltr'><strong>Callisthe-</strong></span> 
     </span>
     <span class='ocr_line' id='line_1_9' title="bbox 99 995 1543 1051; baseline -0.004 -13"><span class='ocrx_word' id='word_1_74' title='bbox 99 1013 188 1038; x_wconf 85' lang='lat' dir='ltr'><strong>nes</strong></span> <span class='ocrx_word' id='word_1_75' title='bbox 218 999 327 1051; x_wconf 86' lang='lat' dir='ltr'><strong>apud</strong></span> <span class='ocrx_word' id='word_1_76' title='bbox 353 1001 528 1038; x_wconf 87' lang='lat' dir='ltr'><strong>Senec.</strong></span> <span class='ocrx_word' id='word_1_77' title='bbox 566 1000 739 1051; x_wconf 82' lang='lat' dir='ltr'><strong>Quaest.</strong></span> <span class='ocrx_word' id='word_1_78' title='bbox 757 1007 901 1037; x_wconf 80' lang='lat' dir='ltr'><strong>natur.</strong></span> <span class='ocrx_word' id='word_1_79' title='bbox 932 999 1015 1046; x_wconf 89' lang='lat' dir='ltr'><strong>VI,</strong></span> <span class='ocrx_word' id='word_1_80' title='bbox 1043 1001 1120 1044; x_wconf 87' lang='grc'><strong>26,</strong></span> <span class='ocrx_word' id='word_1_81' title='bbox 1143 995 1192 1034; x_wconf 83' lang='grc'><strong>4;</strong></span> <span class='ocrx_word' id='word_1_82' title='bbox 1227 995 1289 1034; x_wconf 88' lang='lat' dir='ltr'><strong>Ob</strong></span> <span class='ocrx_word' id='word_1_83' title='bbox 1313 995 1392 1033; x_wconf 78' lang='lat' dir='ltr'><strong>lzoc</strong></span> <span class='ocrx_word' id='word_1_84' title='bbox 1414 998 1543 1033; x_wconf 80' lang='lat' dir='ltr'><strong>etiam</strong></span> 
     </span>
     <span class='ocr_line' id='line_1_10' title="bbox 100 1064 1542 1118; baseline -0.003 -13"><span class='ocrx_word' id='word_1_85' title='bbox 100 1066 263 1105; x_wconf 71' lang='lat' dir='ltr'><strong>insulas</strong></span> <span class='ocrx_word' id='word_1_86' title='bbox 289 1081 374 1105; x_wconf 81' lang='lat' dir='ltr'><strong>esse</strong></span> <span class='ocrx_word' id='word_1_87' title='bbox 400 1069 596 1105; x_wconf 82' lang='lat' dir='ltr'><strong>certioris</strong></span> <span class='ocrx_word' id='word_1_88' title='bbox 617 1067 719 1115; x_wconf 78' lang='lat' dir='ltr'><strong>soli,</strong></span> <span class='ocrx_word' id='word_1_89' title='bbox 749 1065 950 1118; x_wconf 71' lang='lat' dir='ltr'><strong>urbesque</strong></span> <span class='ocrx_word' id='word_1_90' title='bbox 969 1079 1015 1103; x_wconf 87' lang='lat' dir='ltr'><strong>eo</strong></span> <span class='ocrx_word' id='word_1_91' title='bbox 1038 1066 1236 1110; x_wconf 77' lang='lat' dir='ltr'><strong>tutiores,</strong></span> <span class='ocrx_word' id='word_1_92' title='bbox 1269 1078 1350 1115; x_wconf 83' lang='lat' dir='ltr'><strong>quo</strong></span> <span class='ocrx_word' id='word_1_93' title='bbox 1364 1064 1542 1114; x_wconf 67' lang='lat' dir='ltr'><strong>propius</strong></span> 
     </span>
     <span class='ocr_line' id='line_1_11' title="bbox 100 1133 1540 1182; baseline -0.003 -10"><span class='ocrx_word' id='word_1_94' title='bbox 100 1134 162 1172; x_wconf 80' lang='lat' dir='ltr'><strong>ad</strong></span> <span class='ocrx_word' id='word_1_95' title='bbox 175 1148 295 1172; x_wconf 84' lang='lat' dir='ltr'><strong>mare</strong></span> <span class='ocrx_word' id='word_1_96' title='bbox 319 1142 596 1173; x_wconf 77' lang='lat' dir='ltr'><strong>accesserunt.</strong></span> <span class='ocrx_word' id='word_1_97' title='bbox 654 1136 806 1174; x_wconf 82' lang='lat' dir='ltr'><strong>Contra</strong></span> <span class='ocrx_word' id='word_1_98' title='bbox 834 1134 966 1173; x_wconf 87' lang='lat' dir='ltr'><strong>Plin.</strong></span> <span class='ocrx_word' id='word_1_99' title='bbox 997 1134 1060 1182; x_wconf 85' lang='grc' dir='ltr'><strong>ΙΙ,</strong></span> <span class='ocrx_word' id='word_1_100' title='bbox 1091 1135 1166 1179; x_wconf 89' lang='lat'><strong>80,</strong></span> <span class='ocrx_word' id='word_1_101' title='bbox 1199 1134 1274 1170; x_wconf 87' lang='lat'><strong>82:</strong></span> <span class='ocrx_word' id='word_1_102' title='bbox 1305 1133 1540 1169; x_wconf 77' lang='lat' dir='ltr'><strong>Maritima</strong></span> 
     </span>
     <span class='ocr_line' id='line_1_12' title="bbox 99 1197 1541 1254; baseline -0.003 -14"><span class='ocrx_word' id='word_1_103' title='bbox 99 1209 241 1240; x_wconf 83' lang='lat' dir='ltr'><strong>autem</strong></span> <span class='ocrx_word' id='word_1_104' title='bbox 269 1205 452 1240; x_wconf 82' lang='lat' dir='ltr'><strong><em>maxime</em></strong></span> <span class='ocrx_word' id='word_1_105' title='bbox 482 1203 748 1254; x_wconf 75' lang='lat' dir='ltr'><strong>quatiantur.</strong></span> <span class='ocrx_word' id='word_1_106' title='bbox 779 1224 832 1231; x_wconf 93' lang='lat'><strong>--</strong></span> <span class='ocrx_word' id='word_1_107' title='bbox 862 1200 1039 1254; x_wconf 82' lang='grc' dir='ltr'><strong>γίνονται</strong></span> <span class='ocrx_word' id='word_1_108' title='bbox 1070 1197 1230 1249; x_wconf 77' lang='grc' dir='ltr'><strong>σεισμοί</strong></span> <span class='ocrx_word' id='word_1_109' title='bbox 1254 1198 1541 1252; x_wconf 39' lang='grc' dir='ltr'><strong>ΡτοιείηὲυΙπί</strong></span> 
     </span>
     <span class='ocr_line' id='line_1_13' title="bbox 97 1262 1542 1321; baseline -0.003 -13"><span class='ocrx_word' id='word_1_110' title='bbox 97 1271 144 1309; x_wconf 85' lang='lat' dir='ltr'><strong>F.</strong></span> <span class='ocrx_word' id='word_1_111' title='bbox 167 1291 218 1299; x_wconf 92' lang='lat'><strong>—-</strong></span> <span class='ocrx_word' id='word_1_112' title='bbox 248 1265 446 1321; x_wconf 79' lang='grc' dir='ltr'><em>ἀναψύχει</em></span> <span class='ocrx_word' id='word_1_113' title='bbox 465 1283 542 1321; x_wconf 89' lang='lat' dir='ltr'><strong>pro</strong></span> <span class='ocrx_word' id='word_1_114' title='bbox 559 1265 787 1321; x_wconf 78' lang='grc' dir='ltr'><strong><em>καταψύχει</em></strong></span> <span class='ocrx_word' id='word_1_115' title='bbox 808 1270 858 1308; x_wconf 90' lang='grc' dir='ltr'><strong>Ε.</strong></span> <span class='ocrx_word' id='word_1_116' title='bbox 882 1291 938 1297; x_wconf 93' lang='grc'><strong>-</strong></span> <span class='ocrx_word' id='word_1_117' title='bbox 969 1267 1107 1307; x_wconf 85' lang='lat' dir='ltr'><strong>Verba</strong></span> <span class='ocrx_word' id='word_1_118' title='bbox 1127 1264 1194 1306; x_wconf 83' lang='grc' dir='ltr'><strong>καὶ</strong></span> <span class='ocrx_word' id='word_1_119' title='bbox 1213 1262 1260 1305; x_wconf 79' lang='grc' dir='ltr'><strong>οὗ</strong></span> <span class='ocrx_word' id='word_1_120' title='bbox 1279 1264 1425 1305; x_wconf 74' lang='grc' dir='ltr'><strong>σείεται</strong></span> <span class='ocrx_word' id='word_1_121' title='bbox 1447 1271 1542 1317; x_wconf 88' lang='lat' dir='ltr'><strong>post</strong></span> 
     </span>
     <span class='ocr_line' id='line_1_14' title="bbox 95 1333 906 1389; baseline -0.005 -12"><span class='ocrx_word' id='word_1_122' title='bbox 95 1333 335 1389; x_wconf 82' lang='grc' dir='ltr'><em>πνευμάτων</em></span> <span class='ocrx_word' id='word_1_123' title='bbox 362 1338 476 1389; x_wconf 88' lang='lat' dir='ltr'><strong>ponit</strong></span> <span class='ocrx_word' id='word_1_124' title='bbox 496 1339 546 1375; x_wconf 92' lang='lat' dir='ltr'><strong>N.</strong></span> <span class='ocrx_word' id='word_1_125' title='bbox 889 1340 906 1360; x_wconf 75' lang='lat'><strong><em>‘</em></strong></span> 
     </span>
    </p>

    <p class='ocr_par' dir='ltr' id='par_1_4' title="bbox 94 1397 1541 1523">
     <span class='ocr_line' id='line_1_15' title="bbox 207 1397 1541 1480; baseline -0.003 -36"><span class='ocrx_word' id='word_1_126' title='bbox 207 1406 276 1445; x_wconf 89' lang='grc'><strong>49.</strong></span> <span class='ocrx_word' id='word_1_127' title='bbox 319 1419 360 1444; x_wconf 91' lang='grc' dir='ltr'><strong>αι</strong></span> <span class='ocrx_word' id='word_1_128' title='bbox 391 1402 506 1458; x_wconf 73' lang='grc' dir='ltr'><em>ἐγγὺς</em></span> <span class='ocrx_word' id='word_1_129' title='bbox 540 1402 588 1444; x_wconf 76' lang='grc' dir='ltr'><strong>δέ</strong></span> <span class='ocrx_word' id='word_1_130' title='bbox 622 1418 699 1457; x_wconf 90' lang='lat' dir='ltr'><strong>pro</strong></span> <span class='ocrx_word' id='word_1_131' title='bbox 740 1400 782 1443; x_wconf 80' lang='grc' dir='ltr'><strong>αἶ</strong></span> <span class='ocrx_word' id='word_1_132' title='bbox 813 1400 856 1442; x_wconf 74' lang='grc' dir='ltr'><strong>δ’</strong></span> <span class='ocrx_word' id='word_1_133' title='bbox 885 1399 999 1456; x_wconf 75' lang='grc' dir='ltr'><em>ἐγγύς</em></span> <span class='ocrx_word' id='word_1_134' title='bbox 1034 1404 1080 1442; x_wconf 97' lang='lat' dir='ltr'><strong>F.</strong></span> <span class='ocrx_word' id='word_1_135' title='bbox 1122 1424 1178 1431; x_wconf 91' lang='lat'><strong>——</strong></span> <span class='ocrx_word' id='word_1_136' title='bbox 1233 1402 1330 1440; x_wconf 85' lang='lat' dir='ltr'><strong>Post</strong></span> <span class='ocrx_word' id='word_1_137' title='bbox 1371 1397 1541 1480; x_wconf 75' lang='grc' dir='ltr'><em>ἠπείρου</em></span> 
     </span>
     <span class='ocr_line' id='line_1_16' title="bbox 94 1465 1541 1524; baseline -0.004 -11"><span class='ocrx_word' id='word_1_138' title='bbox 94 1474 215 1513; x_wconf 85' lang='lat' dir='ltr'><strong>Alex.</strong></span> <span class='ocrx_word' id='word_1_139' title='bbox 233 1473 306 1512; x_wconf 88' lang='lat' dir='ltr'><strong>fol.</strong></span> <span class='ocrx_word' id='word_1_140' title='bbox 325 1473 476 1523; x_wconf 89' lang='lat' dir='ltr'><strong>100,b.</strong></span> <span class='ocrx_word' id='word_1_141' title='bbox 499 1474 551 1512; x_wconf 91' lang='lat' dir='ltr'><strong>A.</strong></span> <span class='ocrx_word' id='word_1_142' title='bbox 580 1472 736 1511; x_wconf 82' lang='lat' dir='ltr'><strong>addunt</strong></span> <span class='ocrx_word' id='word_1_143' title='bbox 764 1472 893 1523; x_wconf 76' lang='grc' dir='ltr'><strong>νῆσοι.</strong></span> <span class='ocrx_word' id='word_1_144' title='bbox 924 1493 974 1499; x_wconf 91' lang='lat'><strong>—-</strong></span> <span class='ocrx_word' id='word_1_145' title='bbox 1009 1466 1261 1524; x_wconf 80' lang='grc' dir='ltr'><strong><em>σμικρότητα</em></strong></span> <span class='ocrx_word' id='word_1_146' title='bbox 1290 1482 1369 1520; x_wconf 88' lang='lat' dir='ltr'><strong>pro</strong></span> <span class='ocrx_word' id='word_1_147' title='bbox 1397 1465 1541 1520; x_wconf 79' lang='grc' dir='ltr'><strong><em>μικρό-</em></strong></span> 
     </span>
    </p>
   </div>
   <div class='ocr_carea' id='block_1_3' title="bbox 93 1543 1538 1662">
    <p class='ocr_par' dir='ltr' id='par_1_5' title="bbox 93 1543 1538 1662">
     <span class='ocr_line' id='line_1_17' title="bbox 93 1543 274 1582; baseline -0.011 0"><span class='ocrx_word' id='word_1_148' title='bbox 93 1557 116 1582; x_wconf 85' lang='grc' dir='ltr'><strong><em>τ</em></strong></span> <span class='ocrx_word' id='word_1_149' title='bbox 146 1555 198 1581; x_wconf 83' lang='grc' dir='ltr'><strong>τα</strong></span> <span class='ocrx_word' id='word_1_150' title='bbox 225 1543 274 1581; x_wconf 90' lang='lat' dir='ltr'><strong>F.</strong></span> 
     </span>
     <span class='ocr_line' id='line_1_18' title="bbox 117 1557 1538 1662; baseline -0.003 -14"><span class='ocrx_word' id='word_1_151' title='bbox 117 1557 142 1594; x_wconf 75' lang='grc' dir='ltr'><em>η</em></span> <span class='ocrx_word' id='word_1_152' title='bbox 208 1611 276 1649; x_wconf 85' lang='grc'><strong>50.</strong></span> <span class='ocrx_word' id='word_1_153' title='bbox 309 1609 406 1648; x_wconf 87' lang='lat' dir='ltr'><strong>Post</strong></span> <span class='ocrx_word' id='word_1_154' title='bbox 435 1604 557 1662; x_wconf 69' lang='grc' dir='ltr'><strong><em>φύσις</em></strong></span> <span class='ocrx_word' id='word_1_155' title='bbox 585 1609 709 1659; x_wconf 83' lang='lat' dir='ltr'><strong>vulgo</strong></span> <span class='ocrx_word' id='word_1_156' title='bbox 739 1606 894 1646; x_wconf 84' lang='lat' dir='ltr'><strong>addunt</strong></span> <span class='ocrx_word' id='word_1_157' title='bbox 913 1603 1062 1656; x_wconf 80' lang='grc' dir='ltr'><strong><em>αὐτῶν,</em></strong></span> <span class='ocrx_word' id='word_1_158' title='bbox 1090 1606 1200 1657; x_wconf 87' lang='lat' dir='ltr'><strong>quod</strong></span> <span class='ocrx_word' id='word_1_159' title='bbox 1221 1605 1427 1644; x_wconf 85' lang='lat' dir='ltr'><strong>omisimus</strong></span> <span class='ocrx_word' id='word_1_160' title='bbox 1448 1619 1538 1644; x_wconf 86' lang='lat' dir='ltr'><strong>cum</strong></span> 
     </span>
    </p>
   </div>
   <div class='ocr_carea' id='block_1_4' title="bbox 94 1672 842 1726">
    <p class='ocr_par' dir='ltr' id='par_1_6' title="bbox 94 1672 842 1726">
     <span class='ocr_line' id='line_1_19' title="bbox 94 1672 842 1726; baseline -0.004 -9"><span class='ocrx_word' id='word_1_161' title='bbox 94 1679 142 1718; x_wconf 91' lang='grc' dir='ltr'><strong>Ε.</strong></span> <span class='ocrx_word' id='word_1_162' title='bbox 161 1677 280 1717; x_wconf 78' lang='lat' dir='ltr'><strong>Alex.</strong></span> <span class='ocrx_word' id='word_1_163' title='bbox 298 1677 350 1716; x_wconf 89' lang='lat' dir='ltr'><strong>A.</strong></span> <span class='ocrx_word' id='word_1_164' title='bbox 374 1697 430 1706; x_wconf 94' lang='lat'><strong>—-</strong></span> <span class='ocrx_word' id='word_1_165' title='bbox 459 1672 604 1726; x_wconf 73' lang='grc' dir='ltr'><strong><em>σχεδόν</em></strong></span> <span class='ocrx_word' id='word_1_166' title='bbox 626 1675 774 1714; x_wconf 83' lang='lat' dir='ltr'><strong>omittit</strong></span> <span class='ocrx_word' id='word_1_167' title='bbox 791 1676 842 1715; x_wconf 85' lang='lat' dir='ltr'><strong>E.</strong></span> 
     </span>
    </p>
   </div>
   <div class='ocr_carea' id='block_1_5' title="bbox 696 1809 934 1848">
    <p class='ocr_par' dir='ltr' id='par_1_7' title="bbox 696 1809 934 1848">
     <span class='ocr_line' id='line_1_20' title="bbox 696 1809 934 1848; baseline -0.008 0"><span class='ocrx_word' id='word_1_168' title='bbox 696 1809 766 1848; x_wconf 57' lang='lat' dir='ltr'><strong>CA</strong></span> <span class='ocrx_word' id='word_1_169' title='bbox 777 1821 814 1847; x_wconf 71' lang='lat'><strong>12.</strong></span> <span class='ocrx_word' id='word_1_170' title='bbox 854 1809 934 1848; x_wconf 85' lang='lat' dir='ltr'><strong>IX.</strong></span> 
     </span>
    </p>
   </div>
   <div class='ocr_carea' id='block_1_6' title="bbox 92 1907 1537 2573">
    <p class='ocr_par' dir='ltr' id='par_1_8' title="bbox 92 1907 1537 2573">
     <span class='ocr_line' id='line_1_21' title="bbox 208 1907 1537 1962; baseline -0.003 -14"><span class='ocrx_word' id='word_1_171' title='bbox 208 1910 404 1961; x_wconf 85' lang='lat' dir='ltr'><strong>Quamvis</strong></span> <span class='ocrx_word' id='word_1_172' title='bbox 428 1911 611 1962; x_wconf 89' lang='lat' dir='ltr'><strong>sequenti</strong></span> <span class='ocrx_word' id='word_1_173' title='bbox 639 1910 802 1949; x_wconf 84' lang='lat' dir='ltr'><strong>demum</strong></span> <span class='ocrx_word' id='word_1_174' title='bbox 825 1909 930 1948; x_wconf 87' lang='lat' dir='ltr'><strong>libro</strong></span> <span class='ocrx_word' id='word_1_175' title='bbox 957 1908 1007 1947; x_wconf 86' lang='lat' dir='ltr'><strong>de</strong></span> <span class='ocrx_word' id='word_1_176' title='bbox 1033 1907 1220 1946; x_wconf 88' lang='lat' dir='ltr'><strong>omnibus</strong></span> <span class='ocrx_word' id='word_1_177' title='bbox 1246 1908 1331 1946; x_wconf 88' lang='lat' dir='ltr'><strong>istis</strong></span> <span class='ocrx_word' id='word_1_178' title='bbox 1355 1907 1537 1958; x_wconf 84' lang='lat' dir='ltr'><strong>phaeno—</strong></span> 
     </span>
     <span class='ocr_line' id='line_1_22' title="bbox 94 1976 1536 2030; baseline -0.003 -13"><span class='ocrx_word' id='word_1_179' title='bbox 94 1979 222 2018; x_wconf 87' lang='lat' dir='ltr'><strong>menis</strong></span> <span class='ocrx_word' id='word_1_180' title='bbox 238 1978 415 2028; x_wconf 87' lang='lat' dir='ltr'><strong>disserat,</strong></span> <span class='ocrx_word' id='word_1_181' title='bbox 437 1992 538 2030; x_wconf 88' lang='lat' dir='ltr'><strong>quae</strong></span> <span class='ocrx_word' id='word_1_182' title='bbox 556 1992 665 2017; x_wconf 88' lang='lat' dir='ltr'><strong>nunc</strong></span> <span class='ocrx_word' id='word_1_183' title='bbox 690 1977 887 2017; x_wconf 84' lang='lat' dir='ltr'><strong>electricis</strong></span> <span class='ocrx_word' id='word_1_184' title='bbox 905 1976 1231 2022; x_wconf 85' lang='lat' dir='ltr'><strong>adnumeramus,</strong></span> <span class='ocrx_word' id='word_1_185' title='bbox 1260 1988 1382 2027; x_wconf 87' lang='lat' dir='ltr'><strong>pauca</strong></span> <span class='ocrx_word' id='word_1_186' title='bbox 1403 1981 1536 2013; x_wconf 88' lang='lat' dir='ltr'><strong>tamen</strong></span> 
     </span>
     <span class='ocr_line' id='line_1_23' title="bbox 92 2037 1536 2098; baseline -0.004 -12"><span class='ocrx_word' id='word_1_187' title='bbox 92 2047 185 2086; x_wconf 89' lang='lat' dir='ltr'><strong>huic</strong></span> <span class='ocrx_word' id='word_1_188' title='bbox 202 2046 308 2085; x_wconf 91' lang='lat' dir='ltr'><strong>libro</strong></span> <span class='ocrx_word' id='word_1_189' title='bbox 326 2046 376 2085; x_wconf 86' lang='lat' dir='ltr'><strong>de</strong></span> <span class='ocrx_word' id='word_1_190' title='bbox 394 2047 553 2098; x_wconf 86' lang='lat' dir='ltr'><strong>fulgure</strong></span> <span class='ocrx_word' id='word_1_191' title='bbox 571 2053 611 2086; x_wconf 89' lang='lat' dir='ltr'><strong>et</strong></span> <span class='ocrx_word' id='word_1_192' title='bbox 628 2048 784 2085; x_wconf 91' lang='lat' dir='ltr'><strong>tonitru</strong></span> <span class='ocrx_word' id='word_1_193' title='bbox 803 2040 927 2095; x_wconf 56' lang='lat' dir='ltr'><strong>a‘ddit,</strong></span> <span class='ocrx_word' id='word_1_194' title='bbox 956 2046 1048 2097; x_wconf 86' lang='lat' dir='ltr'><strong>quia</strong></span> <span class='ocrx_word' id='word_1_195' title='bbox 1067 2051 1114 2083; x_wconf 87' lang='lat' dir='ltr'><strong>ut</strong></span> <span class='ocrx_word' id='word_1_196' title='bbox 1130 2044 1224 2095; x_wconf 85' lang='lat'><strong>§.21</strong></span> <span class='ocrx_word' id='word_1_197' title='bbox 1257 2049 1395 2081; x_wconf 87' lang='lat' dir='ltr'><strong>monet</strong></span> <span class='ocrx_word' id='word_1_198' title='bbox 1423 2037 1536 2094; x_wconf 68' lang='grc' dir='ltr'><em>ἡμεῖς</em></span> 
     </span>
     <span class='ocr_line' id='line_1_24' title="bbox 93 2106 1535 2168; baseline -0.005 -14"><span class='ocrx_word' id='word_1_199' title='bbox 93 2112 142 2154; x_wconf 79' lang='grc' dir='ltr'><strong>δέ</strong></span> <span class='ocrx_word' id='word_1_200' title='bbox 167 2128 300 2168; x_wconf 84' lang='grc' dir='ltr'><strong><em>φαμεν</em></strong></span> <span class='ocrx_word' id='word_1_201' title='bbox 328 2110 404 2166; x_wconf 85' lang='grc' dir='ltr'><strong>τὴν</strong></span> <span class='ocrx_word' id='word_1_202' title='bbox 434 2110 560 2166; x_wconf 71' lang='grc' dir='ltr'><strong><em>αὐτὴν</em></strong></span> <span class='ocrx_word' id='word_1_203' title='bbox 589 2109 689 2153; x_wconf 76' lang='grc' dir='ltr'><strong><em>εἶναι</em></strong></span> <span class='ocrx_word' id='word_1_204' title='bbox 719 2110 843 2168; x_wconf 73' lang='grc' dir='ltr'><strong><em>φύσιν</em></strong></span> <span class='ocrx_word' id='word_1_205' title='bbox 873 2111 936 2151; x_wconf 73' lang='grc' dir='ltr'><strong>ἐπὶ</strong></span> <span class='ocrx_word' id='word_1_206' title='bbox 965 2109 1040 2163; x_wconf 74' lang='grc' dir='ltr'><strong>μὲν</strong></span> <span class='ocrx_word' id='word_1_207' title='bbox 1070 2113 1142 2162; x_wconf 75' lang='grc' dir='ltr'><strong>τῆς</strong></span> <span class='ocrx_word' id='word_1_208' title='bbox 1178 2112 1252 2163; x_wconf 81' lang='grc' dir='ltr'><strong>γῆς</strong></span> <span class='ocrx_word' id='word_1_209' title='bbox 1280 2106 1450 2160; x_wconf 79' lang='grc' dir='ltr'><strong>ἄνεμον,</strong></span> <span class='ocrx_word' id='word_1_210' title='bbox 1493 2107 1535 2148; x_wconf 74' lang='grc' dir='ltr'><strong>ἐν</strong></span> 
     </span>
     <span class='ocr_line' id='line_1_25' title="bbox 93 2172 1534 2236; baseline -0.004 -15"><span class='ocrx_word' id='word_1_211' title='bbox 93 2180 138 2221; x_wconf 80' lang='grc' dir='ltr'><strong>δὲ</strong></span> <span class='ocrx_word' id='word_1_212' title='bbox 167 2184 217 2236; x_wconf 84' lang='grc' dir='ltr'><strong>τῇ</strong></span> <span class='ocrx_word' id='word_1_213' title='bbox 245 2183 296 2235; x_wconf 68' lang='grc' dir='ltr'><strong>γῇ</strong></span> <span class='ocrx_word' id='word_1_214' title='bbox 326 2177 503 2232; x_wconf 82' lang='grc' dir='ltr'><strong><em>σεισμόν,</em></strong></span> <span class='ocrx_word' id='word_1_215' title='bbox 534 2178 576 2219; x_wconf 75' lang='grc' dir='ltr'><strong>ἓν</strong></span> <span class='ocrx_word' id='word_1_216' title='bbox 597 2179 642 2219; x_wconf 77' lang='grc' dir='ltr'><strong>δὲ</strong></span> <span class='ocrx_word' id='word_1_217' title='bbox 671 2185 757 2227; x_wconf 89' lang='grc' dir='ltr'><strong>τοΐς</strong></span> <span class='ocrx_word' id='word_1_218' title='bbox 784 2178 921 2234; x_wconf 76' lang='grc' dir='ltr'><strong><em>νέφεσι</em></strong></span> <span class='ocrx_word' id='word_1_219' title='bbox 950 2175 1151 2232; x_wconf 76' lang='grc' dir='ltr'><strong>βροντήν·</strong></span> <span class='ocrx_word' id='word_1_220' title='bbox 1184 2176 1318 2216; x_wconf 79' lang='grc' dir='ltr'><strong><em>πάντα</em></strong></span> <span class='ocrx_word' id='word_1_221' title='bbox 1337 2174 1414 2230; x_wconf 82' lang='grc' dir='ltr'><strong>γὰρ</strong></span> <span class='ocrx_word' id='word_1_222' title='bbox 1436 2172 1534 2215; x_wconf 74' lang='grc' dir='ltr'><strong><em>εἶναι</em></strong></span> 
     </span>
     <span class='ocr_line' id='line_1_26' title="bbox 92 2241 1536 2300; baseline -0.003 -12"><span class='ocrx_word' id='word_1_223' title='bbox 92 2250 224 2289; x_wconf 81' lang='grc' dir='ltr'><strong><em>ταῦτα</em></strong></span> <span class='ocrx_word' id='word_1_224' title='bbox 251 2245 325 2300; x_wconf 75' lang='grc' dir='ltr'><strong>τὴν</strong></span> <span class='ocrx_word' id='word_1_225' title='bbox 355 2245 495 2287; x_wconf 82' lang='grc' dir='ltr'><strong><em>οὗσιάν</em></strong></span> <span class='ocrx_word' id='word_1_226' title='bbox 523 2245 698 2296; x_wconf 76' lang='grc' dir='ltr'><strong><em>ταύτόν,</em></strong></span> <span class='ocrx_word' id='word_1_227' title='bbox 742 2244 1020 2298; x_wconf 73' lang='grc' dir='ltr'><strong><em>ἀναθυμίασιν</em></strong></span> <span class='ocrx_word' id='word_1_228' title='bbox 1049 2241 1189 2298; x_wconf 77' lang='grc' dir='ltr'><strong>ξηράν.</strong></span> <span class='ocrx_word' id='word_1_229' title='bbox 1254 2247 1454 2285; x_wconf 86' lang='lat' dir='ltr'><strong>Veterum</strong></span> <span class='ocrx_word' id='word_1_230' title='bbox 1486 2244 1536 2283; x_wconf 84' lang='lat' dir='ltr'><strong>de</strong></span> 
     </span>
     <span class='ocr_line' id='line_1_27' title="bbox 93 2313 1534 2367; baseline -0.003 -12"><span class='ocrx_word' id='word_1_231' title='bbox 93 2317 310 2357; x_wconf 84' lang='lat' dir='ltr'><strong>fulminum</strong></span> <span class='ocrx_word' id='word_1_232' title='bbox 341 2316 645 2367; x_wconf 86' lang='lat' dir='ltr'><strong>tonitruumque</strong></span> <span class='ocrx_word' id='word_1_233' title='bbox 673 2316 838 2367; x_wconf 87' lang='lat' dir='ltr'><strong>origine,</strong></span> <span class='ocrx_word' id='word_1_234' title='bbox 869 2314 1096 2362; x_wconf 88' lang='lat' dir='ltr'><strong>effectibus,</strong></span> <span class='ocrx_word' id='word_1_235' title='bbox 1127 2313 1322 2365; x_wconf 83' lang='lat' dir='ltr'><strong>noxisque</strong></span> <span class='ocrx_word' id='word_1_236' title='bbox 1337 2326 1534 2351; x_wconf 87' lang='lat' dir='ltr'><strong>averrun-</strong></span> 
     </span>
     <span class='ocr_line' id='line_1_28' title="bbox 94 2380 1532 2435; baseline -0.003 -12"><span class='ocrx_word' id='word_1_237' title='bbox 94 2384 230 2423; x_wconf 79' lang='lat' dir='ltr'><strong>caudis</strong></span> <span class='ocrx_word' id='word_1_238' title='bbox 258 2384 750 2435; x_wconf 69' lang='lat' dir='ltr'><strong>sententias0exponemus</strong></span> <span class='ocrx_word' id='word_1_239' title='bbox 787 2384 829 2421; x_wconf 92' lang='lat' dir='ltr'><strong>in</strong></span> <span class='ocrx_word' id='word_1_240' title='bbox 861 2381 1156 2420; x_wconf 79' lang='lat' dir='ltr'><strong>commentariis</strong></span> <span class='ocrx_word' id='word_1_241' title='bbox 1193 2380 1243 2420; x_wconf 90' lang='lat' dir='ltr'><strong>ad</strong></span> <span class='ocrx_word' id='word_1_242' title='bbox 1278 2381 1427 2419; x_wconf 87' lang='lat' dir='ltr'><strong>librum</strong></span> <span class='ocrx_word' id='word_1_243' title='bbox 1454 2383 1532 2425; x_wconf 82' lang='lat' dir='ltr'>III:</span> 
     </span>
     <span class='ocr_line' id='line_1_29' title="bbox 93 2445 1531 2505; baseline -0.003 -13"><span class='ocrx_word' id='word_1_244' title='bbox 93 2454 286 2505; x_wconf 87' lang='lat' dir='ltr'><strong>pleraque</strong></span> <span class='ocrx_word' id='word_1_245' title='bbox 314 2452 495 2504; x_wconf 81' lang='lat' dir='ltr'><strong>exposita</strong></span> <span class='ocrx_word' id='word_1_246' title='bbox 523 2452 784 2503; x_wconf 89' lang='lat' dir='ltr'><strong>reperiuntur</strong></span> <span class='ocrx_word' id='word_1_247' title='bbox 813 2450 1032 2489; x_wconf 83' lang='lat' dir='ltr'><strong>Meteorol.</strong></span> <span class='ocrx_word' id='word_1_248' title='bbox 1063 2456 1145 2488; x_wconf 67' lang='lat' dir='ltr'><strong>vet.</strong></span> <span class='ocrx_word' id='word_1_249' title='bbox 1174 2448 1324 2487; x_wconf 80' lang='lat' dir='ltr'><strong>Graec.</strong></span> <span class='ocrx_word' id='word_1_250' title='bbox 1347 2456 1388 2486; x_wconf 86' lang='lat' dir='ltr'><strong>et</strong></span> <span class='ocrx_word' id='word_1_251' title='bbox 1410 2445 1531 2487; x_wconf 86' lang='lat' dir='ltr'><strong>Rom.</strong></span> 
     </span>
     <span class='ocr_line' id='line_1_30' title="bbox 94 2515 1533 2573; baseline -0.006 -11"><span class='ocrx_word' id='word_1_252' title='bbox 94 2521 185 2562; x_wconf 89' lang='lat' dir='ltr'><strong>VH.</strong></span> <span class='ocrx_word' id='word_1_253' title='bbox 217 2519 255 2570; x_wconf 89' lang='lat'><strong>§.</strong></span> <span class='ocrx_word' id='word_1_254' title='bbox 279 2523 477 2560; x_wconf 83' lang='lat'><strong>32—38.</strong></span> <span class='ocrx_word' id='word_1_255' title='bbox 502 2534 544 2573; x_wconf 91' lang='lat' dir='ltr'><strong>p.</strong></span> <span class='ocrx_word' id='word_1_256' title='bbox 569 2520 717 2560; x_wconf 87' lang='grc'>154-</span> <span class='ocrx_word' id='word_1_257' title='bbox 736 2518 818 2559; x_wconf 85' lang='grc'><strong>174</strong></span> <span class='ocrx_word' id='word_1_258' title='bbox 840 2515 890 2570; x_wconf 64' lang='grc'><strong>*).</strong></span> <span class='ocrx_word' id='word_1_259' title='bbox 958 2517 1186 2556; x_wconf 77' lang='lat' dir='ltr'><strong>Aristotelis</strong></span> <span class='ocrx_word' id='word_1_260' title='bbox 1216 2516 1411 2555; x_wconf 83' lang='lat' dir='ltr'><strong>sententia</strong></span> <span class='ocrx_word' id='word_1_261' title='bbox 1442 2530 1533 2555; x_wconf 86' lang='lat' dir='ltr'><strong>cum</strong></span> 
     </span>
    </p>
   </div>
   <div class='ocr_carea' id='block_1_7' title="bbox 95 2620 370 2628">
    <p class='ocr_par' dir='ltr' id='par_1_9' title="bbox 95 2620 370 2628">
     <span class='ocr_line' id='line_1_31' title="bbox 95 2620 370 2628; baseline 0 570"><span class='ocrx_word' id='word_1_262' title='bbox 95 2620 370 2628; x_wconf 95' lang='lat' dir='ltr'><strong> </strong></span> 
     </span>
    </p>
   </div>
   <div class='ocr_carea' id='block_1_8' title="bbox 140 2672 1533 2950">
    <p class='ocr_par' dir='ltr' id='par_1_10' title="bbox 140 2672 1533 2950">
     <span class='ocr_line' id='line_1_32' title="bbox 140 2672 1532 2724; baseline -0.004 -13"><span class='ocrx_word' id='word_1_263' title='bbox 140 2675 175 2721; x_wconf 75' lang='lat'><strong>¹¹²)</strong></span> <span class='ocrx_word' id='word_1_264' title='bbox 200 2679 242 2712; x_wconf 87' lang='lat' dir='ltr'><strong>In</strong></span> <span class='ocrx_word' id='word_1_265' title='bbox 263 2678 504 2724; x_wconf 83' lang='lat' dir='ltr'><strong>paragrapho,</strong></span> <span class='ocrx_word' id='word_1_266' title='bbox 529 2688 598 2722; x_wconf 87' lang='lat' dir='ltr'><strong>qua</strong></span> <span class='ocrx_word' id='word_1_267' title='bbox 622 2679 666 2712; x_wconf 90' lang='lat' dir='ltr'><strong>de</strong></span> <span class='ocrx_word' id='word_1_268' title='bbox 682 2676 870 2716; x_wconf 80' lang='lat' dir='ltr'><strong>fulminum</strong></span> <span class='ocrx_word' id='word_1_269' title='bbox 896 2675 1002 2710; x_wconf 82' lang='lat' dir='ltr'><strong>noxis</strong></span> <span class='ocrx_word' id='word_1_270' title='bbox 1026 2672 1302 2709; x_wconf 83' lang='lat' dir='ltr'><strong>averruncandis</strong></span> <span class='ocrx_word' id='word_1_271' title='bbox 1327 2672 1404 2720; x_wconf 85' lang='lat' dir='ltr'><strong>egi,</strong></span> <span class='ocrx_word' id='word_1_272' title='bbox 1428 2672 1461 2717; x_wconf 85' lang='lat'><strong>§.</strong></span> <span class='ocrx_word' id='word_1_273' title='bbox 1475 2675 1532 2708; x_wconf 86' lang='grc'><strong>38.</strong></span> 
     </span>
     <span class='ocr_line' id='line_1_33' title="bbox 184 2728 1532 2782; baseline -0.004 -13"><span class='ocrx_word' id='word_1_274' title='bbox 184 2737 299 2782; x_wconf 53' lang='grc'><strong>9472</strong></span> <span class='ocrx_word' id='word_1_275' title='bbox 323 2735 499 2779; x_wconf 83' lang='lat' dir='ltr'><strong>docuique</strong></span> <span class='ocrx_word' id='word_1_276' title='bbox 522 2735 612 2769; x_wconf 85' lang='lat' dir='ltr'><strong>nihil</strong></span> <span class='ocrx_word' id='word_1_277' title='bbox 635 2747 676 2770; x_wconf 85' lang='lat' dir='ltr'><strong>ea</strong></span> <span class='ocrx_word' id='word_1_278' title='bbox 701 2735 746 2768; x_wconf 88' lang='lat' dir='ltr'><strong>de</strong></span> <span class='ocrx_word' id='word_1_279' title='bbox 771 2745 812 2768; x_wconf 89' lang='lat' dir='ltr'><strong>re</strong></span> <span class='ocrx_word' id='word_1_280' title='bbox 835 2732 1018 2769; x_wconf 81' lang='lat' dir='ltr'><strong>veteribus</strong></span> <span class='ocrx_word' id='word_1_281' title='bbox 1041 2730 1250 2773; x_wconf 85' lang='lat' dir='ltr'><strong>innotuisse,</strong></span> <span class='ocrx_word' id='word_1_282' title='bbox 1275 2731 1421 2764; x_wconf 84' lang='lat' dir='ltr'><strong>laudans</strong></span> <span class='ocrx_word' id='word_1_283' title='bbox 1443 2728 1532 2763; x_wconf 90' lang='lat' dir='ltr'><strong>Pli—</strong></span> 
     </span>
     <span class='ocr_line' id='line_1_34' title="bbox 185 2789 1533 2835; baseline -0.004 -9"><span class='ocrx_word' id='word_1_284' title='bbox 185 2790 255 2825; x_wconf 77' lang='lat' dir='ltr'><strong>nii</strong></span> <span class='ocrx_word' id='word_1_285' title='bbox 275 2793 387 2827; x_wconf 77' lang='lat' dir='ltr'><strong>verba</strong></span> <span class='ocrx_word' id='word_1_286' title='bbox 414 2795 506 2827; x_wconf 73' lang='lat' dir='ltr'><strong>Hist.</strong></span> <span class='ocrx_word' id='word_1_287' title='bbox 531 2799 599 2827; x_wconf 76' lang='lat' dir='ltr'><strong>nat.</strong></span> <span class='ocrx_word' id='word_1_288' title='bbox 627 2793 674 2835; x_wconf 90' lang='lat' dir='ltr'><strong>II,</strong></span> <span class='ocrx_word' id='word_1_289' title='bbox 698 2791 763 2826; x_wconf 80' lang='lat'><strong>54:</strong></span> <span class='ocrx_word' id='word_1_290' title='bbox 790 2792 954 2834; x_wconf 81' lang='lat' dir='ltr'><strong>Imperari</strong></span> <span class='ocrx_word' id='word_1_291' title='bbox 976 2795 1140 2831; x_wconf 77' lang='lat' dir='ltr'><strong>naturae,</strong></span> <span class='ocrx_word' id='word_1_292' title='bbox 1165 2789 1303 2822; x_wconf 69' lang='lat' dir='ltr'><strong>audacis</strong></span> <span class='ocrx_word' id='word_1_293' title='bbox 1330 2794 1378 2821; x_wconf 78' lang='lat' dir='ltr'><strong>est</strong></span> <span class='ocrx_word' id='word_1_294' title='bbox 1401 2789 1533 2821; x_wconf 79' lang='lat' dir='ltr'><strong>credere</strong></span> 
     </span>
     <span class='ocr_line' id='line_1_35' title="bbox 187 2844 1529 2894; baseline -0.003 -12"><span class='ocrx_word' id='word_1_295' title='bbox 187 2853 223 2882; x_wconf 87' lang='lat' dir='ltr'><strong>et</strong></span> <span class='ocrx_word' id='word_1_296' title='bbox 243 2849 471 2892; x_wconf 81' lang='lat' dir='ltr'><strong>proverbium</strong></span> <span class='ocrx_word' id='word_1_297' title='bbox 490 2850 583 2894; x_wconf 81' lang='lat' dir='ltr'><strong>apud</strong></span> <span class='ocrx_word' id='word_1_298' title='bbox 606 2847 879 2882; x_wconf 65' lang='lat' dir='ltr'><strong>Maon-obium</strong></span> <span class='ocrx_word' id='word_1_299' title='bbox 902 2853 1083 2882; x_wconf 81' lang='lat' dir='ltr'><strong>servatum</strong></span> <span class='ocrx_word' id='word_1_300' title='bbox 1104 2847 1273 2879; x_wconf 78' lang='lat' dir='ltr'><strong>saturnal.</strong></span> <span class='ocrx_word' id='word_1_301' title='bbox 1288 2845 1336 2888; x_wconf 94' lang='lat' dir='ltr'><strong>V,</strong></span> <span class='ocrx_word' id='word_1_302' title='bbox 1345 2846 1379 2880; x_wconf 87' lang='lat'><strong>3.</strong></span> <span class='ocrx_word' id='word_1_303' title='bbox 1396 2856 1431 2889; x_wconf 84' lang='lat' dir='ltr'><strong>p.</strong></span> <span class='ocrx_word' id='word_1_304' title='bbox 1446 2844 1529 2880; x_wconf 83' lang='lat'>315:</span> 
     </span>
     <span class='ocr_line' id='line_1_36' title="bbox 190 2905 1532 2950; baseline -0.004 -12"><span class='ocrx_word' id='word_1_305' title='bbox 190 2907 389 2950; x_wconf 75' lang='lat' dir='ltr'><strong>Impossibile</strong></span> <span class='ocrx_word' id='word_1_306' title='bbox 411 2911 464 2941; x_wconf 81' lang='lat' dir='ltr'><strong>vel</strong></span> <span class='ocrx_word' id='word_1_307' title='bbox 485 2908 559 2941; x_wconf 84' lang='grc' dir='ltr'><strong>Ῑουί</strong></span> <span class='ocrx_word' id='word_1_308' title='bbox 578 2905 729 2949; x_wconf 80' lang='lat' dir='ltr'><strong>fulmen,</strong></span> <span class='ocrx_word' id='word_1_309' title='bbox 752 2908 806 2940; x_wconf 77' lang='lat' dir='ltr'><strong>vel</strong></span> <span class='ocrx_word' id='word_1_310' title='bbox 824 2906 966 2939; x_wconf 79' lang='lat' dir='ltr'><strong>Herculi</strong></span> <span class='ocrx_word' id='word_1_311' title='bbox 991 2907 1132 2946; x_wconf 79' lang='lat' dir='ltr'><strong>clavam,</strong></span> <span class='ocrx_word' id='word_1_312' title='bbox 1161 2906 1214 2937; x_wconf 80' lang='lat' dir='ltr'><strong>vel</strong></span> <span class='ocrx_word' id='word_1_313' title='bbox 1237 2905 1383 2936; x_wconf 79' lang='lat' dir='ltr'><strong>Homero</strong></span> <span class='ocrx_word' id='word_1_314' title='bbox 1404 2914 1532 2936; x_wconf 82' lang='lat' dir='ltr'><strong>versum</strong></span> 
     </span>
    </p>
   </div>
  </div>
 </body>
</html>
