1774 3184
105 367 122 383 x
186 349 262 388 ET
290 346 504 388 OLYMP.
533 346 596 386 IN
623 345 807 386 ARIST.
829 343 1158 384 METEOROL.
1185 343 1290 382 LIB.
1307 343 1342 382 Ι.
1413 334 1503 377 195

73 459 347 516 γάλακτος.
397 455 629 512 ἰδικώτερον
666 454 711 497 δὲ
748 454 814 496 καὶ
851 451 1009 495 τούτων
1048 453 1216 502 ἕκαστος
1242 456 1301 510 τῷ
1330 452 1506 507 σχήματι

48 532 147 587 ,τῆς
176 523 492 580 ἀναθυμιάσεως
526 523 680 580 πρέπον
707 521 868 577 εἴληφεν
898 519 1042 573 ὄνομα.
1082 521 1118 562 εἴ
1142 519 1218 573 μέν
1246 521 1507 576 σφαιροειδὴς

72 592 98 649 ἦ
118 594 393 647 ἀναθυμίασις
421 586 524 634 ουσα
550 588 663 644 τύχοι
691 593 847 645 μικρῶν
876 586 976 642 αὕτη
1005 587 1325 643 παρηρτημένων
1352 587 1505 638 ἔξωθεν

72 659 268 703 τοιούτων
289 659 534 712 συστάσεων,
566 656 798 712 ῗδικώτερον
826 654 872 698 τὸ
905 659 1042 737 σχέἷμια
1070 659 1190 696 τοῦτο
1221 659 1398 698 καλεῖται
1426 673 1505 698 κο-

22 726 28 731 ’
72 745 209 784 μητη
223 744 262 779 ς,
293 725 427 780 ἐπειδὴ
457 724 563 782 κόμῃ
581 724 830 782 προσέοικεν.
861 723 903 773 ἐξ
924 723 970 764 οὗ
989 721 1279 773 πλεονάζοντος
1306 725 1373 765 καὶ
1400 722 1504 766 πάν-

73 812 148 845 τας
175 794 282 838 ου’τω
311 797 514 837 καλοῦσιν.
552 793 622 835 ἐὰν
652 793 697 835 δὲ
726 788 924 844 ἐπιμήκης
951 789 1010 844 εἴη
1041 789 1109 831 καὶ
1134 788 1276 843 μόνον,
1321 792 1506 840 δοκίας

72 867 262 905 καλεῖται.
291 852 579 919 τριγωνίζουσα
593 860 648 911 δέ,
670 858 942 915 πωγωνίας
970 852 1213 910 ὠνόμασται.
1243 859 1430 907 πιθιάς
1459 858 1507 901 δέ

71 946 133 979 τις
160 930 295 986 ε’τερος
323 931 388 971 καὶ
416 928 538 977 άλλος
565 926 743 970 άλλοθεν
773 925 872 968 ἄλλο
900 941 940 967 τι
969 924 1199 1006 συμφώνως
1226 928 1285 983 τῷ
1311 923 1501 980 σχήματι.

70 1000 352 1052 Philopon.
382 999 454 1038 fol
480 1001 549 1045 98,
560 1012 604 1037 a.

183 1062 505 1118 V11‚4.T1rJv
533 1061 636 1118 πρὸς
665 1060 822 1115 ἄλληλα
851 1059 1054 1115 διαφορὰν
1091 1062 1174 1100 τιῦν
1207 1057 1397 1113 κομήτων
1434 1061 1502 1101 καὶ

70 1135 153 1174 τῶν
181 1130 429 1191 διᾳττόντων
457 1090 635 1172 διδάσκει
664 1129 730 1170 καὶ
759 1132 845 1170 νῦν.
896 1125 1030 1182 ὥσπερ
1069 1124 1146 1182 γάρ
1177 1141 1302 1182 φησιν
1334 1123 1356 1168 r‘
1390 1127 1502 1183 φορὰ

70 1204 144 1254 τῆς
170 1198 362 1253 τοιαύτης
389 1195 703 1250 ἀναθυμιάσεως
730 1194 832 1237 καθ’
866 1193 914 1236 ὃν
944 1193 1099 1250 εἴρηται
1138 1193 1323 1248 γινομένη
1360 1210 1403 1237 τε
1433 1196 1501 1236 καὶ

71 1266 315 1327 ἐξαπτομένη
339 1263 502 1321 τρόπον,
525 1263 701 1319 ἀστέρος
728 1261 825 1306 εἶναι
853 1264 967 1305 δοκεῖ’
990 1258 1190 1318 διαδρομή
1220 1278 1263 1304 τε
1293 1263 1359 1304 καὶ
1388 1264 1501 1317 κίνη-

70 1348 154 1385 σις,
191 1333 290 1388 ὅπερ
319 1333 496 1375 ἐκαλεῖτο
528 1330 716 1390 διᾴττων.
771 1328 878 1373 οὕτω
913 1330 980 1371 καὶ
1007 1327 1032 1383 ἢ
1062 1329 1167 1384 μονὴ
1207 1334 1282 1384 τῆς
1318 1329 1502 1384 ἐξάψεως

67 1407 141 1457 τῆς
158 1400 367 1456 τοιαύτης,
398 1399 506 1449 ἔδοξε
528 1405 615 1448 τοῖς
643 1395 790 1454 δρῶσιν
820 1397 989 1452 ἀστέρος
1014 1395 1111 1439 εἶναι
1137 1396 1258 1451 μονή.
1303 1402 1425 1439 τοῦτο
1457 1397 1505 1439 δέ

68 1472 167 1513 εἰσιν
196 1469 234 1512 οἶ
263 1472 435 1522 κομῆται
471 1465 730 1523 γενικώτερον
769 1464 875 1507 οὕτω
914 1463 1168 1518 καλούμενοι.
1216 1464 1339 1506 πάλιν
1377 1465 1422 1506 δὲ
1451 1464 1499 1507 τδ

66 1537 273 1594 γινόμενον
303 1535 481 1578 διδάσκει
513 1533 653 1583 πάθος
683 1532 739 1575 δι’
769 1530 1077 1587 ὖποδείγματος.
1129 1529 1185 1580 ὡς
1210 1531 1287 1585 γὰρ
1314 1533 1370 1580 εἷς
1399 1530 1501 1584 ἀχύ-

69 1621 151 1662 ρων
181 1605 282 1661 φησὶ
310 1606 488 1657 θημῶνα
517 1601 643 1643 δαλὸν
674 1598 853 1654 ὠθήσειέ
876 1615 955 1648 τις,
986 1597 1155 1653 ἢμικρά
1182 1613 1244 1646 τις
1272 1597 1376 1653 ἀρχη
1405 1597 1502 1640 τού-

67 1688 126 1729 τῳ
156 1670 283 1726 πυρὸς
306 1669 485 1723 ἐμπέσοι,
515 1665 602 1710 οἷον
619 1666 823 1722 σπινθήρ,
854 1665 986 1719 βραχύ
1014 1681 1053 1706 τι
1082 1663 1238 1706 τούτων
1266 1663 1426 1719 ἐξάψειε
1454 1663 1500 1707 τὸ

68 1742 231 1794 πρῶτον
259 1736 440 1792 ἐξαφθὲν
468 1739 549 1778 τῶν
579 1733 740 1790 ἀχύρων
766 1732 891 1788 μέρος
917 1736 975 1789 τῷ
1006 1730 1097 1786 ἑξῆς
1122 1733 1390 1786 μεταδίδωσι,
1433 1734 1501 1775 καὶ

67 1805 200 1862 τούτῳ
229 1803 276 1847 τὸ
305 1803 455 1858 μεταξῦ
479 1807 553 1854 τοῦ
582 1805 745 1858 πρῶτον
772 1798 1022 1855 ἐξαφθέντος
1052 1799 1320 1853 σβεννυμένου
1339 1799 1406 1841 διὰ
1426 1799 1501 1854 τὴν

68 1871 294 1926 λεπτότητα
319 1875 394 1925 τῆς
421 1869 523 1924 ὕλης
548 1870 614 1911 καὶ
647 1866 776 1916 οὕτως
806 1866 961 1922 ἐφεξῆς,
993 1865 1069 1915 ἕως
1091 1865 1140 1908 ἂν
1160 1866 1326 1922 ἐξαφθῇ
1346 1864 1392 1908 τὸ
1415 1866 1502 1908 ἐπι-

66 1940 225 1995 τήδειον
255 1938 363 1981 ἅπαν
392 1939 457 1980 καὶ
492 1937 633 1980 λοιπὸν
659 1933 801 1990 μηκέτι
830 1933 889 1988 εἴη
918 1933 965 1975 τὸ
996 1932 1281 1987 ἐξαπτόμενον.
1310 1937 1432 1975 τοῦτο
1455 1934 1501 1976 δὲ

67 2014 153 2057 τοῖς
179 2007 253 2061 μὲν
281 2005 544 2060 πλησιάζουσι
576 2003 699 2060 δῆλόν
727 2003 826 2054 ἐστι,
855 2004 942 2050 πῶς
964 2002 1123 2057 γίνεται.
1152 2007 1238 2050 τοῖς
1267 2001 1312 2043 δὲ
1340 1999 1502 2056 πόρρω-

68 2079 144 2117 θεν
172 2073 388 2128 βλέπουσιν
415 2078 513 2128 μιᾶς
542 2072 692 2129 φλογὸς
721 2072 874 2124 κίνησις
901 2066 1000 2110 εἶναι
1031 2069 1145 2110 δοκεῖ
1177 2068 1244 2109 καὶ
1282 2068 1498 2123 διαδρομή.

68 2145 188 2184 τοῦτο
218 2143 284 2183 καὶ
314 2141 376 2182 ἐπὶ
405 2145 486 2182 τῶν
515 2140 763 2199 διᾳττόντων
793 2137 1014 2191 συμβαίνει.
1046 2135 1114 2177 διὰ
1129 2135 1206 2191 γὰρ
1235 2134 1310 2190 τὴν
1331 2133 1507 2191 εὐφυΐαν

70 2210 171 2264 φησὶ
198 2213 270 2250 τοῦ
295 2205 601 2259 ὑπεκκαύματος
629 2206 810 2249 τουτέστι
839 2204 913 2258 τὴν
941 2202 1246 2257 ἐπιτηδειότητα
1286 2202 1360 2256 τὴν
1397 2201 1502 2255 πρὸς

69 2275 229 2328 ἔξαψιν,
259 2273 356 2315 ἄλλο
382 2274 474 2327 μετ’
499 2272 597 2315 ἄλλο
625 2273 775 2316 τούτου
802 2272 928 2327 μέρος
953 2269 1223 2323 ἐξαπτόμενον
1251 2269 1355 2311 κατὰ
1386 2269 1502 2311 συνέ-

66 2359 201 2396 χειαν,
241 2345 314 2382 τοῦ
343 2356 384 2381 τε
413 2340 743 2395 προεξαφθέντος
771 2338 1040 2393 σβεννυμένου
1070 2337 1138 2378 διὰ
1166 2336 1212 2378 τὸ
1245 2336 1397 2394 ῥᾳδίως
1426 2338 1501 2378 δα-

69 2411 280 2451 πανᾶσθαι
311 2401 367 2456 εἷς
395 2406 524 2461 ἀστὴρ
560 2407 627 2447 ἐπί
649 2423 687 2448 τι
716 2410 845 2460 μῆκος
871 2405 1092 2460 διατρέχειν
1121 2405 1241 2444 δοκεῖ.
1291 2402 1395 2457 ἀρχὴ
1424 2403 1500 2457 μὲν

70 2472 142 2519 οὖν
180 2476 263 2516 ἐστι
304 2479 376 2528 τῆς
415 2471 613 2527 δοκούσης
647 2471 835 2527 κινήσεως
870 2469 943 2521 τό,
987 2470 1088 2512 ὅθεν
1114 2469 1266 2525 ἤρξατο
1297 2471 1499 2522 καίεσθαι,

69 2544 184 2592 τέλος
211 2542 255 2584 δὲ
284 2541 354 2592 τό,
395 2539 473 2595 ὅπη
504 2539 671 2581 παύεται
705 2540 770 2581 διὰ
804 2539 850 2580 τὸ
879 2538 936 2592 μὴ
967 2535 1064 2578 εἶναι
1102 2535 1242 2578 λοιπὸν
1271 2537 1500 2591 ἐπιτηδείαν

68 2609 170 2664 ὕλην
197 2607 298 2664 πρὸς
323 2607 481 2661 ἔξαψιν.
511 2608 546 2649 εἷ
575 2607 631 2658 δέ,
663 2607 706 2648 ἐν
733 2610 790 2664 τῷ
820 2605 1039 2660 διατρέχειν
1061 2601 1136 2658 τὴν
1158 2601 1316 2660 φλόγα,
1346 2604 1500 2659 ἐμπέσῃ

69 2676 294 2731 πυκνοτέρα
327 2692 388 2724 τις
414 2675 480 2717 καὶ
508 2680 653 2727 παχεῖα
680 2672 757 2728 ῧλη
797 2674 862 2715 καὶ
904 2669 1050 2728 στέγειν
1092 2670 1291 2724 δυναμένη
1338 2669 1384 2712 τὸ
1425 2673 1499 2711 τοῦ

69 2743 200 2799 πυρὸς
228 2740 352 2795 εἶδος,
393 2745 465 2783 τοῦ
495 2741 571 2794 μὲν
602 2740 836 2799 διᾴττοντος
872 2737 992 2782 τοῦτό
1032 2739 1116 2780 ἐστι
1139 2738 1285 2790 πέρας,
1324 2740 1399 2778 τοῦ
1428 2753 1499 2778 κο-

69 2810 202 2866 μήτου
233 2807 275 2851 δ’
300 2808 416 2866 ἀρχή.
443 2809 551 2863 μένει
578 2808 654 2863 γὰρ
677 2806 702 2863 ἶ]
724 2807 829 2864 φλὸξ
855 2808 896 2848 ἐν
924 2805 1057 2864 τούτῳ
1085 2804 1226 2847 λοιπὸν
1256 2805 1319 2845 ἐπὶ
1345 2802 1498 2860 χρόνον

1135 2879 1185 2914 13
1205 2875 1223 2892 ¹⁸
