1820 3178
357 376 454 419 410
573 385 1017 424 COMMENTARIUS
1044 385 1104 424 IN
1124 386 1525 427 METEOROLOG.

355 509 444 534 cum
468 495 666 532 stellarum
693 507 902 532 numerum
929 494 1094 534 definire
1112 495 1254 546 agressi
1279 496 1357 534 sint
1383 497 1638 535 Besselius
1660 499 1748 537 alii-

354 574 429 611 que
441 561 460 597 ?
514 560 656 608 Neque
674 573 743 597 sua
760 565 885 598 aetate
908 562 1070 612 amplius
1096 561 1288 600 dubitavit
1315 564 1459 600 From
1472 562 1631 600 ondus
1657 565 1749 601 Me-

356 626 492 662 teorol.
514 627 572 673 Π,
594 629 631 663 3.
660 638 700 676 p.
723 629 799 664 122
818 638 905 676 sqq.
943 627 1009 677 qui
1036 629 1325 666 Democriti
1361 629 1540 666 insistens
1576 629 1748 679 vestigiis

352 692 516 728 lacteam
541 691 644 729 viam
666 690 766 728 nihil
787 692 894 729 aliud
921 706 1002 731 esse
1021 694 1206 743 coniecit,
1237 708 1351 745 quam
1368 695 1591 732 innumeras
1610 695 1748 743 stellas,

352 757 569 808 brevesque
589 770 743 802 ornnem,
772 771 869 809 quae
893 759 1015 810 spisso
1034 765 1162 797 tractu
1176 760 1216 798 in
1236 774 1358 798 unum
1375 761 1577 805 collectae,
1605 761 1749 811 spatiis,

353 835 450 872 quae
473 824 738 874 angustissima
765 824 1016 875 interiacent,
1053 826 1200 875 opertis
1221 826 1373 864 vicinae
1398 827 1470 864 sibi
1491 826 1681 877 undique,
1710 832 1750 864 et

352 887 442 925 ideo
469 890 612 939 passim
641 889 801 927 diffusae
822 890 918 928 lucis
937 891 1168 942 adspergine
1191 892 1418 930 continuum
1445 893 1567 930 iuncti
1591 893 1749 930 luminis

353 966 495 1005 corpus
513 956 735 993 ostendunt.
795 957 876 994 Cfr.
905 958 1124 995 Macrob.
1155 955 1288 996 Somn.
1311 959 1420 1007 Scip.
1451 959 1482 1006 Ι,
1505 960 1567 996 15.
1597 958 1750 995 Mani-

351 1021 452 1058 lius
469 1022 698 1059 Astronom.
730 1023 768 1069 I,
791 1025 871 1061 753
891 1035 973 1074 sqq.
1002 1023 1104 1062 inter
1124 1024 1216 1062 alias
1239 1024 1288 1062 de
1305 1024 1430 1062 lactea
1447 1024 1512 1063 via
1531 1024 1748 1075 propositas

352 1088 579 1135 sententias,
609 1089 760 1138 quaerit
781 1091 918 1127 etiam:

514 1153 634 1190 Anne
663 1158 794 1205 magis
823 1156 951 1193 densa
977 1157 1187 1194 stellarum
1215 1157 1339 1194 turba
1368 1170 1520 1195 corona

520 1220 718 1257 Contexit
736 1221 941 1269 flammas
949 1250 963 1267 ,
1009 1230 1048 1259 et
1081 1235 1216 1259 crasso
1247 1223 1397 1259 lumine
1427 1223 1588 1270 candet,

517 1283 571 1321 Et
591 1285 757 1336 fulgore
786 1288 888 1324 nitet
916 1287 1066 1324 collato
1094 1288 1250 1325 clarior
1279 1286 1418 1324 orbis?

351 1350 400 1387 ad
428 1352 467 1388 D
479 1365 548 1388 em
559 1364 582 1387 o
594 1352 777 1389 critum
807 1359 941 1403 aperte
960 1353 1146 1401 alludens,
1174 1367 1249 1404 qua
1263 1353 1312 1391 de
1328 1367 1373 1392 re
1390 1355 1508 1405 paulo
1524 1358 1614 1404 post
1624 1352 1748 1390 fusius

352 1417 610 1455 monebimus.
670 1419 775 1455 Alias
807 1419 1085 1470 explicationes
1124 1419 1278 1457 silentio
1305 1421 1584 1470 pertransimus
1627 1415 1691 1471 (v.
1712 1433 1747 1457 c.

350 1483 567 1521 fabulosam
597 1484 776 1522 Ovidii
806 1486 979 1522 Metam.
999 1485 1031 1532 I,
1054 1484 1148 1536 168)
1159 1485 1216 1536 *),
1244 1498 1370 1535 neque
1386 1486 1652 1536 subiungimus
1675 1486 1750 1523 nisi

350 1549 621 1586 Posidonii
661 1550 908 1600 opinionem,
956 1564 1070 1602 quam
1111 1551 1276 1601 exponit
1311 1552 1605 1589 Macrobius
1640 1552 1667 1589 l.
1697 1553 1748 1589 l.:

352 1616 435 1652 Sed
451 1613 715 1664 Posidonius,
743 1618 856 1653 cuius
876 1616 1111 1664 definitioni
1132 1614 1313 1668 plurium
1335 1629 1547 1654 consensus
1569 1618 1749 1665 accessit,

352 1682 418 1717 ait
445 1682 555 1718 Lac
567 1688 615 1718 te
627 1697 651 1718 u
663 1696 703 1719 m
731 1682 882 1720 caloris
913 1695 994 1719 esse
1021 1682 1172 1719 siderei
1201 1682 1444 1733 infusionem
1453 1697 1469 1728 ,·
1506 1696 1632 1733 quam
1658 1682 1748 1719 ideo

350 1747 527 1784 adversa
544 1748 731 1804 ssodiaco
754 1749 939 1785 curvitas
958 1747 1189 1798 obliquavit
1197 1762 1213 1793 ;
1243 1756 1299 1795 ut,
1323 1750 1520 1799 quoniam
1535 1746 1618 1796 Sol,
1645 1762 1750 1786 nun-

351 1826 477 1863 quam
499 1813 677 1851 Zodiaci
697 1814 916 1851 excedendo
939 1816 1143 1861 terminos,
1163 1822 1368 1863 expertum
1375 1815 1544 1865 favoris
1563 1817 1628 1852 sui
1638 1828 1749 1864 par-

350 1887 431 1917 tem
451 1880 557 1917 caeli
574 1877 778 1929 reliquum
798 1878 1016 1924 deserebat,
1038 1879 1104 1916 hic
1123 1880 1299 1916 circulus
1321 1893 1347 1916 a
1363 1881 1431 1916 υἰα
1450 1881 1558 1917 Solis
1581 1882 1626 1917 in
1645 1881 1746 1918 obli..

351 1960 471 1996 quum
486 1945 680 1991 recedem,
701 1945 935 1982 universum
946 1945 1070 1992 flexu
1090 1942 1225 1981 calido
1247 1952 1498 1994 temperaret.
1526 1946 1599 1983 cfr.
1621 1946 1746 1986 Plut.

393 2085 426 2131 *)
450 2086 683 2121 Conferanmr
705 2084 806 2119 etiam
829 2086 937 2120 verba
960 2085 1160 2119 Achillis
1183 2085 1307 2120 Tatii
1335 2090 1463 2128 Isagog.
1478 2088 1510 2118 in
1526 2086 1748 2119 AraiiPhae-

436 2155 560 2176 nomen.
594 2154 624 2176 c.
650 2139 705 2174 24.
740 2154 773 2184 p.
796 2142 859 2175 86:
897 2139 1012 2184 ἕτεροι
1037 2138 1076 2174 δέ
1098 2154 1224 2185 φασιν,
1256 2138 1306 2176 ὧν
1327 2139 1402 2175 ἐστι
1425 2144 1485 2175 καὶ
1513 2138 1703 2184 Οἰνοπίδης
1726 2138 1749 2175 o‘

437 2199 538 2237 Χῖος,
562 2194 621 2231 ὅτι
645 2192 822 2239 πρότερον
844 2193 935 2229 narni
961 2192 1085 2231 τούτου
1109 2195 1253 2241 ἐφέρετο
1275 2195 1294 2230 ἆ
1312 2193 1427 2240 ἥλιος,
1448 2194 1508 2229 διὰ
1532 2194 1568 2230 δὲ
1589 2194 1633 2230 τὰ
1662 2198 1748 2231 Θυέ-

436 2265 535 2287 στεια
559 2249 682 2284 δεῖπνα
705 2248 919 2294 οἷπεστροὶφη
945 2255 1003 2284 καὶ
1026 2249 1091 2294 τήν
1113 2253 1278 2286 ἐναντίαν
1299 2250 1413 2294 τούτῳ
1434 2254 1624 2295 πεποίηται
1646 2263 1748 2297 περι-

438 2304 574 2351 φοράν,
612 2303 655 2349 ἢν
680 2304 742 2340 νῦν
766 2303 978 2351 περιγράφει
999 2305 1019 2339 ὁ
1042 2305 1224 2349 ζῳδιακός,
1268 2305 1342 2341 ἔστι
1372 2304 1410 2341 δὲ
1443 2303 1608 2350 μυθῶδες
1641 2305 1746 2341 ’τοῦτο

436 2367 496 2397 καὶ
521 2360 665 2405 ψεῦδος·
703 2364 740 2397 τί
766 2360 834 2405 γὰρ
858 2359 996 2404 ἐροῦσιν
1017 2359 1054 2394 οἱ
1074 2361 1189 2396 ταῦτα
1224 2361 1382 2407 λέγοντες
1412 2366 1493 2406 περὶ
1515 2358 1577 2405 τῆς
1599 2359 1748 2404 σελήνης

436 2415 588 2451 καὶτῶν
613 2419 720 2451 πέντε
744 2413 925 2461 α’στέρωνς
962 2413 1005 2449 οὗ
1027 2414 1095 2460 γὰρ
1123 2414 1167 2460 δή
1198 2421 1257 2451 καὶ
1285 2414 1383 2451 οὗτοι
1413 2414 1472 2450 διαὶ
1500 2415 1545 2450 τὰ
1580 2417 1746 2450 Θνέστεια

437 2471 562 2507 δεῖπνα
586 2469 868 2515 ἀνεστράφησαν.
909 2472 1061 2506 Omnino
1082 2474 1220 2506 fabulae
1243 2474 1286 2506 de
1303 2472 1412 2506 Atreo
1436 2478 1470 2506 et
1486 2472 1640 2513 Thyeste
1665 2482 1745 2504 cum

391 2540 397 2550 ·
438 2528 678 2561 astronomicis
711 2527 841 2570 mythis
873 2533 967 2561 arcte
997 2529 1204 2569 cohaerent;
1244 2540 1325 2561 nam
1347 2528 1489 2561 Atreum
1518 2526 1608 2560 Solis
1640 2527 1744 2560 etiam

437 2594 575 2616 cursum
602 2583 692 2617 coeli
715 2583 940 2618 conversioni
963 2584 1146 2617 adversum
1173 2583 1332 2616 docuisse
1356 2583 1505 2624 ideoque
1526 2592 1643 2626 regem
1668 2593 1744 2616 esse

438 2639 566 2672 factum
582 2644 697 2672 narrat
719 2638 970 2682 Euripides,
994 2640 1084 2681 apud
1109 2649 1210 2683 quem
1233 2639 1275 2671 de
1299 2648 1336 2671 se
1358 2636 1530 2680 praedicat
1551 2637 1697 2671 Atreus:

659 2693 786 2734 Δείξας
808 2691 876 2738 γὰρ
900 2690 1040 2737 ἄστρων
1061 2690 1128 2736 τῆν
1150 2691 1315 2727 ἐναντίαν
1335 2688 1416 2725 ὁδὸν

662 2745 802 2791 Δήμους
826 2744 857 2781 τ’
878 2746 991 2781 ἔσωσα
1016 2751 1077 2781 καὶ
1099 2744 1263 2791 τύραννος
1284 2743 1431 2790 ι’ζόμην·

438 2801 509 2836 cfr.
535 2802 750 2837 Strabon.
773 2805 801 2836 Ι.
824 2814 857 2846 p.
878 2801 923 2836 43
945 2803 991 2836 A.
1027 2819 1073 2826 —-
1115 2803 1216 2836 Adde
1242 2803 1414 2845 Geoponic.
1434 2803 1499 2845 XI,
1526 2804 1579 2838 19.
1606 2814 1642 2846 p.
1661 2803 1740 2837 822.

434 2856 548 2891 Plin.
572 2860 662 2891 msc.
684 2865 750 2891 nai.
773 2858 907 2899 XVIII,
931 2860 986 2891 29.
