1774 3184
200 376 274 415 ET
306 372 524 414 OLYMP.
553 371 613 411 ΙΝ
642 371 822 410 ARIST.
846 366 1178 415 METEOROL.
1206 365 1306 414 LIB.
1326 366 1359 404 I.
1430 358 1520 399 171

87 484 139 528 τὰ
168 485 214 527 δὲ
240 485 383 541 πόρρω
410 482 517 526 πάνυ
546 481 646 525 ὄντα
674 479 808 534 ἐπειδὴ
838 478 979 522 λοιπὸν
1008 476 1128 520 οἱονεὶ
1157 477 1214 526 εἷς
1241 475 1410 530 ἀχανίαν
1435 472 1526 517 τινὰ

89 553 298 609 λήγουσιν,
340 552 390 595 οὐ
418 551 522 594 κατὰ
552 550 672 606 λόγον
702 545 1062 602 περιλαμβάνουσι.
1110 546 1176 587 καὶ
1207 543 1276 586 διὰ
1301 548 1424 586 τοῦτο
1451 542 1525 586 οὐκ

89 620 268 676 ἀκριβῶς
304 618 699 674 ἀντιλαμβάνονται,
745 615 850 670 πλὴν
885 614 934 657 τὸ
971 612 1136 656 ὀπτικὸν
1173 610 1374 669 θεώρημα
1394 612 1527 668 ,α’κρι-

88 689 280 745 βέστερον
321 686 501 744 εὑρήσεις
541 687 583 730 ἐν
622 689 681 743 τῷ
718 684 810 740 περὶ
848 681 989 737 ὄψεως
1010 683 1061 738 *).
1154 682 1524 739 Olympiodor.

90 759 158 798 fol.
184 763 221 809 9,
239 773 274 798 a.
310 763 347 806 9,
365 759 406 797 b.

201 849 274 898 IV,
306 852 345 887 2.
408 844 511 900 Τὴν
542 843 914 896 ἀναθυμίασιν
945 839 1237 896 ἀναγκαῖον
1268 867 1422 880 .....
1452 839 1529 879 δι-

89 913 247 968 πλῆν]
278 914 516 955 Αἶνίττεται
541 912 585 954 δὲ
604 913 661 961 εἷς
676 909 898 952 Πλάτωνα.
927 901 1048 957 οὗτος
1068 906 1144 964 γὰρ
1171 906 1244 949 οὒκ
1272 905 1400 962 ἔλεγεν
1429 903 1531 948 εἶναι

88 981 163 1036 τήν
191 980 383 1036 καπνώδη
414 981 708 1035 ἀναθυμίασιν.
749 975 884 1031 ἐπειδή
915 990 1039 1033 φησιν
1069 975 1088 1016 ἔ
1098 992 1122 1017 κ
1149 978 1240 1029 τῆς
1265 977 1355 1029 γῆς
1378 973 1531 1015 οὐδὲν

90 1050 379 1092 ἐκδίδοται.
435 1047 568 1103 δόγμα
611 1046 688 1102 γὰρ
728 1044 857 1086 αὐτοῦ
895 1044 1004 1086 ἐστιν
1033 1044 1076 1085 ἐν
1109 1043 1270 1099 Τιμαίῳ
1301 1040 1529 1097 λεγόμενον,

90 1117 154 1160 ὅτι
182 1116 316 1160 πάντα
343 1116 419 1170 μὲν
447 1114 499 1157 τὰ
526 1119 703 1168 στοιχεῖα
737 1114 794 1162 εἷς
830 1115 904 1168 γῆν
938 1110 1265 1166 μεταβάλλουσι,
1314 1113 1365 1165 γῆ
1403 1109 1448 1151 δὲ
1476 1110 1533 1158 εἲς

91 1184 211 1227 οὐδὲν
249 1189 331 1227 τῶν
369 1184 588 1237 στοιχείων.
649 1180 824 1237 εὐλόγως
863 1175 936 1222 οὗν
975 1178 1104 1233 ἔλεγεν
1142 1177 1261 1220 οὐδὲν
1291 1177 1532 1219 ἐκδίδοσθαι

90 1253 134 1303 ἐξ
153 1252 277 1307 αὐτῆς
291 1251 433 1306 μόνης.
468 1251 534 1293 καὶ
556 1249 619 1292 ὅτι
648 1251 750 1306 φησὶ
778 1252 901 1291 τοῦτο
932 1246 1103 1302 ἀληθές,
1135 1247 1258 1301 δηλοῖ
1281 1245 1327 1288 τὸ
1357 1244 1415 1300 μὴ
1445 1246 1534 1287 καί-

89 1324 212 1362 εσθαι
239 1319 313 1373 τὴν
341 1319 496 1374 τέφραν
525 1318 676 1374 κυρίως
702 1321 776 1373 γῆν
800 1311 1008 1371 οὗσαν**).
1038 1313 1143 1369 πλὴν
1172 1314 1307 1372 τούτῳ
1337 1317 1396 1371 τῷ
1426 1312 1533 1370 λόγῳ

89 1386 220 1429 πολλὰ
257 1387 420 1428 ἕπονται
459 1385 606 1435 ἄτοπα.
651 1389 816 1441 πρῶτον
851 1383 929 1439 γὰρ
969 1382 1046 1425 ἔδει
1082 1382 1157 1437 τὴν
1194 1386 1267 1437 γῆν
1305 1381 1348 1424 ἐκ
1378 1384 1535 1423 πολλοῦ

90 1454 256 1511 ἄπειρον
285 1452 384 1496 εἶναι
413 1453 546 1496 πάντα
574 1454 649 1508 μὲν
676 1450 994 1506 ὑποδεχομένην,
1025 1450 1156 1505 μηδὲν
1185 1450 1230 1492 δὲ
1260 1448 1535 1492 ἀπολύουσαν.

90 1524 158 1564 καὶ
186 1521 291 1563 ἄλλα
319 1522 364 1563 δὲ
391 1521 523 1563 πολλὰ
554 1519 656 1576 ἅπερ
688 1519 736 1562 οὐ
767 1518 975 1575 πρόκειται
1002 1522 1074 1560 νῦν
1104 1519 1247 1572 ζητεῖν.
1279 1517 1301 1560 ὃ
1334 1513 1406 1559 οὗν
1433 1531 1536 1573 φησι

91 1588 278 1631 τοιοῦτόν
300 1589 422 1634 ἔστιν.
453 1587 516 1630 ὅτι
539 1587 614 1642 οὐχ
643 1586 752 1642 ἁπλῆ
781 1586 1080 1639 ἀναθυμίασις,
1111 1584 1217 1626 ἀλλὰ
1238 1586 1382 1638 διπλῆ·
1414 1583 1536 1639 ἡμὲν

92 1646 328 1710 καπνώδης,
369 1653 394 1709 ἦ
427 1654 467 1696 δ’
501 1655 750 1709 ἀτμιδώὸης.
800 1654 866 1694 καὶ
897 1650 986 1694 ἰδοὺ
1016 1651 1115 1707 ὅπερ
1144 1655 1536 1708 προαναφωνοῦμεν,

94 1722 157 1766 ὅτι
184 1726 364 1779 προσεχῆ
394 1728 571 1776 στοιχεῖα
598 1721 769 1779 ὕστερον
802 1721 905 1778 ἐρεῖ,
946 1723 1020 1762 νῦν
1059 1722 1205 1776 σαφῶς
1241 1721 1535 1777 παραδίδωσιν.

95 1793 298 1846 Olymp.
328 1793 399 1832 fol.
422 1796 457 1842 9,
476 1793 517 1831 b.
1535 1790 1537 1793 '

204 1883 278 1932 IV,
310 1885 346 1921 6.
402 1880 508 1934 Περὶ
538 1883 611 1934 τῆς
637 1882 718 1921 τῶν
750 1877 998 1936 διᾳττόντων
1028 1878 1070 1920 ἒν
1097 1877 1258 1927 τούτοις
1286 1875 1307 1920 ὃ
1330 1876 1450 1933 λόγος
1474 1894 1538 1934 γε-

93 1947 260 1996 νέσεως·
303 1946 378 2000 τὴν
404 1946 480 2000 μὲν
510 1941 583 1988 οὗν
610 1943 751 2000 ὕλικὴν
780 1947 914 1988 αἰτίαν
944 1944 1079 1988 αὐτῶν
1106 1949 1178 1988 νῦν
1208 1944 1452 2001 ἀπήγγειλεν,
1484 1943 1539 1995 ὥς

94 2015 158 2056 δεῖ
180 2014 256 2069 τὴν
285 2013 584 2067 ἀναθυμίασιν,
626 2014 669 2064 ἐξ
697 2007 746 2068 ’ἧς
773 2015 972 2070 γίνονται,
1008 2013 1067 2069 μὴ
1100 2012 1200 2057 εἶναι
1230 2016 1400 2067 συνεχῆ,
1433 2012 1538 2055 ἀλλὰ

94 2080 197 2123 κατὰ
225 2081 352 2138 μικρὰ
383 2081 677 2137 διεσπαρμένην
690 2084 768 2135 Μ’)
797 2082 902 2124 κατὰ
927 2086 1059 2136 μῆκος
1087 2083 1153 2124 καὶ
1182 2080 1337 2129 πλάτος
1364 2082 1430 2122 καὶ
1458 2080 1539 2133 βά-

93 2152 188 2198 θος.
228 2148 412 2191 τουτέστι
441 2148 545 2192 κατὰ
574 2153 709 2193 πᾶσαν
738 2154 812 2193 τοῦ
842 2148 973 2193 τόπου
1003 2148 1237 2200 διάστασιν,
1277 2150 1319 2191 ἓν
1346 2143 1380 2207 ᾧ
1407 2151 1539 2205 γίνον-

139 2306 181 2352 ἥ)
203 2309 288 2342 Duo
311 2310 394 2350 περὶ
418 2305 538 2352 ὅψεως
565 2308 677 2342 libros
709 2308 752 2341 ab
762 2343 765 2346 ,
776 2308 972 2343 Aristotele
1003 2310 1185 2353 profectos
1210 2315 1376 2344 recenset
1407 2310 1442 2343 A
1453 2322 1478 2344 n
1490 2321 1538 2345 0-

185 2375 341 2408 nymus
366 2364 586 2410 Menagii:
615 2364 779 2409 idemque
807 2365 1035 2400 consentiens
1060 2377 1142 2399 cum
1164 2365 1252 2399 Dio
1263 2377 1344 2412 gen
1357 2377 1376 2400 e
1402 2367 1432 2400 L
1443 2370 1538 2401 aer-

187 2421 255 2455 tio
282 2422 328 2464 V,
341 2422 387 2455 26
411 2419 540 2454 librum
562 2420 707 2454 unicum
729 2421 937 2466 inscriptum
957 2417 1130 2456 Ὀπτικόν
1139 2447 1148 2464 ,
1173 2433 1277 2466 quem
1303 2434 1323 2456 a
1346 2434 1385 2457 se
1407 2424 1539 2457 lectum

187 2477 321 2511 indicat
343 2476 378 2510 A
389 2488 414 2510 n
426 2477 447 2510 d
459 2488 477 2510 ι·
490 2488 509 2511 e
521 2488 540 2510 a
552 2489 568 2511 s
595 2478 625 2511 B
636 2489 655 2511 e
668 2478 681 2510 l
694 2478 740 2511 lu
750 2489 772 2511 n
787 2490 806 2512 e
817 2490 839 2512 n
852 2479 920 2512 sis
933 2504 944 2521 ,
983 2478 1194 2513 Avicennae
1221 2478 1397 2522 interpres
1406 2505 1415 2521 ,
1448 2485 1539 2514 teste

188 2536 251 2569 Nu
261 2546 286 2568 n
296 2546 319 2567 n
329 2545 349 2568 e
361 2533 429 2567 sio
454 2535 547 2578 apud
574 2535 631 2568 Fa
641 2533 841 2568 bricium
866 2538 955 2569 Bibl.
976 2548 1026 2577 gr.
1053 2536 1115 2578 111,
1141 2537 1174 2569 6.
1201 2536 1284 2570 Vol.
1310 2528 1373 2579 ΙΙΙ,
1400 2548 1434 2580 p.
1459 2539 1538 2573 399.

189 2593 246 2626 ed.
275 2593 310 2625 H
322 2603 341 2625 a
351 2603 370 2625 r
381 2593 424 2624 le
437 2602 466 2625 s.
525 2579 684 2637 Quatuor
716 2594 801 2635 περὶ
830 2588 950 2632 ὅψεως
983 2591 1096 2625 libros
1133 2592 1343 2636 conscripsit
1379 2595 1447 2627 Th
1461 2605 1481 2628 e
1494 2604 1540 2628 o-

192 2650 450 2693 phrastus,
488 2653 632 2681 auctore
662 2648 786 2682 eodem
811 2648 1039 2695 Diogene
1063 2649 1109 2692 V,
1133 2647 1179 2684 49
1210 2655 1245 2684 et
1270 2649 1538 2685 chalcidio

189 2705 226 2739 in
250 2706 418 2740 Platon.
446 2708 532 2739 Tim.
558 2718 593 2749 p.
608 2706 688 2740 361.

146 2783 203 2826 **)
228 2783 304 2818 cfr.
331 2784 528 2819 Comment.
549 2785 593 2818 ad
616 2785 653 2817 h.
674 2785 697 2818 l.
724 2785 752 2826 l,
776 2782 811 2827 4,
835 2787 868 2817 2.
895 2789 930 2817 et
953 2783 1188 2828 Philopon.
1214 2785 1257 2818 ad
1283 2786 1311 2827 1,
1336 2788 1372 2829 3,
1389 2789 1446 2820 21.

148 2862 218 2904 m,

243 2863 326 2897 Ald.
348 2860 623 2908 διεσπασμένην.
