1774 3198
400 371 623 429 LIBRUM
651 351 984 419 sEcUNmm.
1041 380 1159 422 cAP.
1181 383 1235 422 11.
1445 371 1542 418 513

93 493 173 532 sint
194 491 308 543 salsi,
339 498 380 531 et
397 491 638 545 respondet:
667 488 815 544 ἢδιότι
842 480 992 546 γίνεται
1020 487 1100 532 ὗπό
1130 490 1322 545 κινήσεως
1349 491 1416 534 καὶ
1437 495 1540 548 θερ-

90 556 271 612 μότητος
309 556 606 613 ἀποκρινοῦσης
645 556 742 599 ὅσον
772 556 988 613 ἀλλότριον
1020 556 1172 600 ἔνεστιν
1200 558 1243 600 ἓν
1270 562 1322 615 τῇ
1351 560 1538 616 προσφύ-

94 637 152 666 σει
180 629 255 679 τῆς
282 629 440 681 τροφῆς
467 624 572 682 πρὸς
599 623 703 679 αἷμα
732 626 797 667 καὶ
819 623 894 674 τὰς
915 624 1095 681 σάρκας;
1126 629 1248 667 τοῦτο
1268 625 1345 681 γὰρ
1365 626 1538 680 τάχιστα

92 692 314 748 ἀφίσταται
345 692 413 734 διὰ
442 692 487 735 τὸ
516 691 574 748 μὴ
603 695 749 735 οἰκεῖον
777 690 875 734 εἶναι
920 694 987 734 καὶ
1017 692 1094 742 ἔξω
1124 693 1336 747 ἔξικμάζει.
1386 692 1538 748 Ἁλμυ-

93 759 167 815 ρὸς
196 760 236 801 δ’
261 761 346 802 ἐστὶ
379 760 446 801 διὰ
484 759 530 802 τὸ
559 760 808 816 γλυκύτατον
853 761 918 802 καὶ
957 760 1215 817 κουφότατον
1246 762 1308 810 εἷς
1337 761 1384 803 τὸ
1418 766 1537 815 σῶμα

92 828 344 881 ἀνηλῶσθαι,
375 828 422 869 τὸ
444 827 489 869 δὲ
511 827 839 884 ἀλλοτριώτατον
866 829 931 869 καὶ
953 827 1234 870 ἀπεπτὸτατον
1263 827 1535 873 ἀπολύεσθαι.

94 893 156 936 Τὸ
188 899 374 936 τοιοῦτον
404 895 447 936 δὲ
477 895 520 936 ἐν
546 896 622 949 μὲν
649 901 700 953 τῇ
731 896 840 938 κάτω
868 892 1089 938 ὑποστάσει
1119 890 1244 952 οὖρον
1272 899 1462 949 καλεῖται,
1495 897 1538 939 ἓν

91 961 136 1003 δὲ
170 963 289 1018 σαρκὶ
327 961 466 1018 ἱδρώς.
528 962 654 1019 ἄμφω
692 965 738 1006 δὲ
780 962 941 1020 ἁλμυρὰ
991 963 1060 1005 διὰ
1101 962 1176 1017 τὴν
1216 962 1343 1018 αὐτὴν
1389 966 1536 1008 αἲτιάν.

91 1031 447 1085 Theophrast.
487 1034 536 1071 de
563 1031 748 1074 sudorib.
783 1035 819 1085 §.
847 1039 885 1073 2.
923 1048 964 1087 p.
997 1037 1103 1073 811:
1145 1028 1330 1087 ἁλμυρὸς
1357 1032 1432 1085 μὲν
1463 1027 1538 1075 οὖν

90 1097 261 1151 γίνεται,
303 1095 408 1139 διότι
436 1096 484 1138 τὸ
515 1097 729 1154 ἀλλότριον
751 1099 972 1154 ἐκκρίνεται
1002 1097 1105 1152 πρὸς
1133 1097 1257 1153 φύσιν
1284 1102 1360 1152 τῆς
1388 1099 1539 1156 σαρκὸς

91 1165 397 1219 ἐξανηλωμένου
425 1168 498 1206 τοῦ
526 1166 780 1220 γλυκυτάτου
808 1167 874 1207 καὶ
905 1165 1178 1221 κουφοτάτου.
1218 1164 1265 1206 τὸ
1294 1164 1372 1221 γὰρ
1400 1171 1538 1209 τοιοῦ-

89 1248 162 1273 τον
191 1232 234 1273 ἐν
261 1232 336 1285 μὲν
365 1235 416 1288 τῇ
445 1229 666 1274 ὑποστάσει
694 1237 746 1289 τῇ
776 1232 879 1275 κατὰ
906 1230 979 1287 τὴν
1007 1231 1146 1274 κύστιν
1175 1226 1318 1287 οὖρον,
1348 1234 1391 1275 ἒν
1410 1235 1456 1275 δὲ
1485 1238 1536 1291 τῇ

94 1299 211 1352 σαρκὶ
242 1298 369 1355 ἱδρὼς
397 1301 588 1341 καλεῖται.
646 1303 727 1342 Ista
746 1316 848 1342 vero
874 1299 1009 1356 τροφὴ
1039 1301 1285 1341 εἰσελθοῦσα
1312 1316 1388 1355 per
1410 1317 1454 1342 os
1471 1305 1537 1343 in-

88 1369 293 1421 greditur:
323 1370 424 1407 cutis
442 1370 548 1407 enim
569 1383 663 1409 vasa
691 1370 878 1410 resorb
890 1371 1028 1409 entia
1055 1372 1193 1422 ignota
1212 1372 1537 1410 erantAristo-

89 1437 210 1486 teli,
255 1437 439 1489 quamvis
478 1438 844 1487 exsorbentia,
889 1451 992 1489 quae
1022 1434 1333 1488 ἓξικμαζόμενα,
1374 1435 1537 1489 ἐξατμί-

90 1504 211 1553 ζοντα
239 1504 415 1554 vocavit,
445 1505 575 1556 probe
602 1519 693 1543 eum
713 1506 876 1544 novisse
896 1511 1062 1544 constet.
1121 1505 1206 1543 Cfr.
1230 1506 1343 1542 Hist.
1360 1507 1538 1546 animal.

87 1575 166 1620 III,
194 1574 271 1622 10,
298 1572 339 1610 4.
367 1585 411 1624 p.
436 1575 542 1610 110:
588 1573 684 1611 Τῶν
714 1574 891 1623 συνεχῶν
922 1569 964 1610 ‹5‘
987 1569 1071 1610 ἐστὶ
1100 1567 1146 1610 τὸ
1179 1568 1309 1624 δέρμα
1338 1569 1381 1610 ἐν
1410 1568 1538 1612 ἅπασι

90 1642 177 1684 τοῖς
209 1635 346 1692 ζῴοις,
393 1637 458 1677 καὶ
489 1635 619 1692 ταύτῃ
650 1638 864 1689 διαλείπει,
903 1631 929 1693 ᾗ
959 1637 1024 1678 καὶ
1054 1635 1092 1677 οἱ
1122 1635 1226 1677 κατὰ
1262 1635 1389 1693 φύσιν
1415 1638 1537 1691 πῦροι

92 1701 383 1756 ἔξικμάζονται,
414 1704 479 1744 καὶ
510 1703 613 1744 κατὰ
641 1703 688 1745 τὸ
716 1703 850 1757 στόμα
879 1706 945 1746 καὶ
975 1702 1060 1745 κατ’
1088 1701 1250 1756 ὄνυχας.
1279 1706 1535 1759 degenerat.

93 1774 270 1812 animal.
288 1774 342 1823 V,
363 1777 399 1812 3.
432 1773 481 1811 de
499 1781 634 1826 parte.
656 1774 833 1812 animal.
855 1775 929 1822 IV,
942 1774 982 1811 4.
1040 1775 1106 1813 De
1135 1774 1316 1812 resorb
1327 1788 1382 1813 en
1398 1775 1536 1814 tibus

92 1841 231 1879 vasis
259 1840 465 1879 veteribus
486 1854 651 1892 prorsus
671 1841 818 1892 ignotis
837 1841 901 1879 adi
933 1839 1267 1881 Cruikshank
1290 1841 1537 1882 Gesclziclzto

93 1907 182 1945 und
206 1907 518 1959 Beschreibung
550 1908 622 1945 der
654 1908 968 1959 einsaugenden
999 1905 1187 1963 Gqfi’isse,
1224 1903 1428 1950 iibersetn
1454 1923 1537 1948 von

91 1974 324 2026 Ludwig.
344 1972 643 2027 (Leipzss1789.
661 1973 718 2027 8.)
739 1989 779 2027 p.
799 1977 849 2014 13
864 1990 921 2027 sq.
946 1996 996 2004 ——
1027 1972 1283 2015 σύστασιν
1309 1990 1385 2028 pro
1414 1972 1537 2016 σύν·

92 2040 244 2088 ταξιν
271 2041 421 2081 habent
450 2042 759 2082 Alexander
786 2043 858 2082 fol.
883 2047 955 2092 93,
977 2043 1016 2082 b.
1046 2042 1087 2083 S.
1118 2044 1204 2083 Can.
1263 2042 1427 2095 εἰσῆλθε
1455 2058 1533 2096 pro

92 2100 198 2159 ἦλθε
223 2109 266 2147 F.
289 2110 400 2151 Cam.
421 2109 463 2150 S.
493 2132 546 2140 -·-
586 2111 774 2162 Denique
805 2110 1018 2150 articulum
1047 2117 1140 2151 ante
1171 2111 1307 2165 μερῶν
1344 2111 1536 2151 omittunt

95 2175 207 2213 Cam.
227 2176 315 2215 Cas.

211 2244 278 2281 15.
308 2239 443 2295 ὥσπερ
474 2237 547 2283 οὖν
577 2240 693 2283 κᾶκεΐ
717 2240 871 2283 ἄτοπον
906 2244 1137 2296 scripsimus
1166 2256 1258 2282 cum
1279 2244 1326 2283 E.
1345 2244 1462 2284 Alex.
1483 2246 1535 2284 A.

94 2311 165 2348 Er.
189 2309 300 2348 Cam.
316 2310 363 2348 P.
378 2311 519 2350 S.Cas.
542 2303 633 2362 Bag.
663 2311 825 2349 sicuti
853 2311 1022 2362 igitur
1049 2311 1125 2349 ibi
1152 2310 1536 2351 inconveniens

96 2377 214 2414 erit.
273 2377 442 2416 Accedit
469 2378 557 2417 cod.
581 2380 630 2417 F.
668 2378 739 2428 qui
769 2390 846 2429 pro
876 2373 993 2416 κάκεῖ
1013 2377 1177 2429 praebet
1194 2373 1348 2418 ἄτοπον
1357 2407 1370 2427 ,
1398 2379 1537 2430 priore

95 2451 230 2484 tamen
250 2443 448 2504 vocabfflo
468 2457 591 2497 supra
608 2445 754 2497 posito.
782 2445 837 2484 H.
857 2442 913 2484 N.
934 2445 1061 2484 Bekk.
1083 2445 1274 2484 omittunt
1293 2440 1458 2484 ἄτοπον.
1481 2469 1536 2475 —-

95 2511 324 2550 Articulum
344 2517 436 2550 ante
449 2510 624 2563 ποτίμου
639 2512 798 2566 τροφῆς
815 2511 965 2551 omittit
983 2513 1030 2551 P.
1047 2535 1098 2541 —
1127 2509 1266 2564 κοίλην
1283 2524 1361 2564 pro
1382 2511 1535 2551 κοιλίαν

97 2578 153 2618 Ν.
176 2592 232 2608 -·-
259 2572 531 2631 ὖπολαμβάνη
553 2580 597 2617 F.

213 2649 278 2686 16.
306 2642 493 2697 ἴστιχμέν
520 2642 598 2699 γάρ
627 2645 764 2685 addito
792 2642 866 2696 μέν
893 2645 1043 2684 Alex.
1080 2644 1191 2685 Alai.
1221 2645 1274 2686 A.
1294 2643 1406 2685 Ca'm.
1425 2648 1471 2687 P.
1494 2648 1536 2687 S.

98 2712 186 2753 cas.
200 2733 257 2743 —
286 2710 434 2760 πάντες
453 2727 529 2765 pro
551 2709 726 2759 ἅπαντες
743 2727 792 2765 pr
839 2713 938 2751 bent
956 2713 1066 2752 cam.
1079 2713 1126 2752 Ρ.
1138 2712 1295 2752 Οει-
1324 2709 1440 2767 ῥῆσις
1459 2727 1536 2767 pro

102 2775 218 2832 ῥύσις
247 2780 394 2820 mendo
423 2777 715 2832 typographico
744 2780 782 2819 A
850 2791 891 2817 x.
919 2779 1022 2818 Aldi.
1041 2802 1098 2810 —-
1134 2776 1303 2820 τόπου
1329 2781 1424 2832 τῆς
1449 2773 1539 2834 γῆς

101 2847 268 2887 inverso
288 2847 433 2888 ordine
452 2849 570 2888 Alex.
589 2850 689 2901 Bag.
714 2847 880 2887 locum
909 2852 1093 2887 terrae.
1123 2847 1174 2886 A.
1195 2848 1303 2888 Cam.
1322 2848 1368 2887 P.
1386 2845 1428 2887 S.
1448 2849 1535 2888 Cas.

1126 2906 1178 2943 33
