1812 3158
421 390 640 432 LIBRUM
666 391 909 432 PRIMUM.
965 387 1083 432 CAP.
1102 391 1194 433 VII.
1423 380 1523 426 403

93 499 218 543 αὑτὸν
247 504 299 542 Ν.
328 525 381 532 —-
412 505 615 557 Deinceps
643 503 828 544 exhibet:
856 501 956 544 ὅταν
985 501 1031 543 δὲ
1056 498 1135 542 ὕπὸ
1164 503 1245 543 τῶν
1275 499 1437 556 ἄστρων
1466 516 1528 556 γι-

88 568 258 622 νόμενός
287 586 395 618 τινος
420 569 445 625 ἢ
467 574 549 612 τῶν
578 569 768 612 ἀπλανῶν
796 568 922 624 ἢτῶν
950 572 1165 623 πλανητῶν
1203 568 1262 610 Α.
1296 567 1526 624 γιγνόμενος

90 639 203 678 addit
227 641 345 679 etiam
362 642 433 679 Er.
454 641 497 678 in
516 641 693 692 margine
711 641 828 680 aliam
855 646 1019 678 enotans
1044 641 1264 690 scripturae
1291 639 1526 678 varietatem

90 695 175 759 234?
183 705 391 760 γιγνομένη
420 722 472 747 sc.
503 704 607 761 ἀρχή
637 709 712 760 τῆς
741 703 986 753 συστάσεως.
1051 707 1167 745 Idem
1193 706 1356 745 inverso
1384 705 1527 744 ordine

89 788 180 813 cum
203 776 314 814 Cam.
339 776 503 827 praebet
525 771 550 827 ἢ
571 777 652 815 τῶν
680 777 894 828 πλανητῶν
922 770 948 827 ἢ
971 775 1051 814 τῶν
1081 770 1284 813 ἀπλανῶν.
1324 794 1378 802 -
1415 771 1526 812 συνίι

91 853 235 881 σταται
264 845 311 882 F.
328 844 382 882 H.
403 845 457 883 N.
486 842 720 896 συνίστηται
750 844 860 884 Cam.
887 843 930 883 h.
955 843 983 881 l.
1012 847 1053 881 et
1069 841 1183 891 alibi,
1214 854 1292 893 qua
1309 840 1359 879 de
1375 855 1422 880 re
1450 841 1524 880 cfr.

88 915 174 948 not.
198 910 418 962 Sylburgii.
446 934 504 941 ——
541 912 774 963 συνιστῆται
804 907 1080 962 ἀναθυμίασις
1107 910 1254 948 omisso
1281 909 1449 948 articulo
1476 910 1525 948 E.

88 999 146 1006 —
174 974 216 1015 αἶ
246 973 333 1032 ἅλῳ
362 977 451 1031 περὶ
479 975 594 1030 ἣλιον
621 978 688 1018 καὶ
721 974 890 1031 σελήνην
919 975 1132 1032 φαίνονται
1158 976 1211 1015 Α.
1234 979 1305 1016 Er.
1334 974 1425 1029 περὶ
1453 972 1525 1015 τὸν

87 1040 203 1096 ἥλιον
233 1043 300 1084 καὶ
328 1042 402 1097 τὴν
432 1042 601 1099 σελήνην
630 1044 842 1101 φαίνονται
873 1047 983 1086 Cam.
1012 1066 1068 1073 --
1122 1045 1226 1084 Mox
1251 1044 1334 1084 τῶν
1362 1040 1524 1097 ἄστρων

90 1112 280 1150 omittunt
308 1114 357 1152 E.
381 1114 435 1154 H.
453 1114 509 1152 N.

205 1183 243 1218 6.
271 1176 423 1233 ἀνάγκη
453 1177 654 1234 φέρεσθαι
679 1192 757 1231 pro
777 1175 840 1218 ἀν.
863 1175 1083 1231 φαίνεσθαι
1110 1179 1166 1218 Η.
1188 1183 1230 1217 et
1247 1178 1319 1229 N.‚
1350 1191 1519 1230 quorum

88 1247 291 1298 posterior
319 1250 437 1298 paulo
468 1254 560 1300 post
587 1246 750 1285 exhibet
781 1243 964 1299 φαίνεται
999 1259 1077 1298 pro
1105 1242 1282 1299 φέρεται.
1313 1267 1368 1275 -
1416 1242 1518 1285 καθ’

89 1308 214 1353 αὑτὸν
235 1315 360 1366 συστῆ
378 1316 432 1354 Η.
450 1315 501 1353 N.
531 1336 588 1344 --
614 1315 694 1353 Pro
718 1308 1026 1363 ὑπολειπόμενοι
1054 1311 1267 1367 φαίνονται
1295 1314 1523 1365 Koenig-

86 1394 246 1419 mann·
269 1381 419 1433 Geogr.
439 1382 658 1421 Aristotel.
685 1395 726 1434 p.
742 1385 810 1424 69.
831 1387 916 1420 not.
930 1380 1011 1420 174
1042 1381 1246 1432 corrigere
1266 1381 1398 1421 voluit
1418 1375 1523 1419 ὖπο-

87 1445 322 1499 λειπόμενον
351 1447 586 1503 φαίνεσθαι,
610 1455 657 1487 ut
675 1448 850 1501 pendeat
871 1448 920 1487 ab
940 1444 1113 1501 ἀνάγκη,
1140 1447 1248 1499 quod
1266 1448 1431 1486 minime
1449 1461 1523 1486 ne-

87 1517 315 1555 cessarium.
355 1513 578 1568 τοιαύτη
607 1511 700 1569 γάρ
732 1542 942 1555 .......
971 1512 1063 1567 τὴν
1088 1516 1194 1567 γῆν.
1252 1515 1412 1553 Scilicet
1431 1528 1522 1553 cum

86 1588 197 1622 totus
214 1584 319 1623 circa
334 1590 485 1623 terram
500 1583 676 1622 mundus
688 1583 940 1632 revolvatur,
954 1582 1140 1621 citissime
1159 1587 1338 1620 extrema
1355 1580 1525 1634 sphaera

87 1657 314 1699 moveatur,
341 1652 566 1690 tardissime
587 1651 772 1702 regiones
794 1656 927 1689 terrae
955 1648 1183 1701 superficiei
1212 1649 1422 1700 proximae
1448 1662 1523 1688 ne-

89 1730 197 1756 cesse
226 1723 294 1756 est.
347 1709 452 1758 ¹Inde
479 1724 588 1770 patet
617 1721 772 1767 aiirem,
800 1717 843 1756 in
863 1730 942 1769 quo
961 1717 1046 1755 eius
1074 1715 1188 1755 modi
1210 1722 1408 1763 cometae,
1439 1725 1524 1756 tar-

90 1784 180 1823 dius
201 1786 362 1825 moveri
387 1799 433 1824 ac
452 1784 608 1837 ignem,
635 1785 680 1823 in
698 1798 776 1837 quo
799 1784 952 1832 sidera,
985 1783 1094 1836 quod
1116 1797 1256 1822 causae
1281 1790 1340 1822 est
1360 1798 1432 1823 cur
1453 1798 1524 1822 co-

88 1858 219 1890 metae
245 1865 267 1890 a
290 1852 488 1892 sideribus
518 1853 561 1891 in
587 1852 734 1891 itinere
763 1865 836 1891 suo
863 1851 1038 1904 relinqui
1064 1851 1152 1891 sive
1182 1851 1335 1891 tardius
1363 1853 1522 1893 moveri

88 1918 316 1959 videantur.

199 1990 238 2026 7.
268 1980 324 2033 ὡς
350 1981 423 2037 τὴν
454 1982 542 2025 ἅλω
571 1985 763 2026 exhibent
791 1989 837 2027 F.
857 1988 904 2026 P.
926 1988 968 2028 S.
991 1988 1076 2028 cas.
1105 1984 1162 2033 εἷς
1189 1982 1276 2027 ἅλω
1303 1988 1438 2040 inepte
1465 1988 1519 2027 N.

86 2076 143 2083 —
171 2053 332 2094 Deinde
360 2054 470 2093 idem
497 2054 584 2093 cod.
609 2055 664 2094 N.
689 2068 766 2107 pro
790 2051 894 2108 πρὸς
922 2049 1044 2094 αὐτὸν
1076 2050 1147 2094 τὸν
1176 2050 1327 2109 ἀστέρα
1354 2055 1524 2107 praebet

88 2119 144 2167 εἷς
172 2116 293 2160 αὐτὸν
321 2118 391 2161 τὸν
420 2117 656 2175 ἆστὲρα.-·
686 2121 753 2162 καὶ
781 2119 838 2174 μὴ
871 2118 968 2162 εἶναι
999 2117 1055 2168 ὥς
1073 2119 1254 2174 λέγουσιν
1279 2119 1422 2174 οἱπερὶ
1439 2116 1523 2160 ‘In-

88 2185 270 2240 ποκράτη
288 2185 347 2228 Α.
358 2190 429 2227 Er.
479 2190 544 2227 De
563 2190 696 2229 forma
714 2191 928 2229 accusativi
945 2179 1042 2241 inff
1060 2190 1236 2241 qualium
1255 2185 1521 2242 Πολυκράτη,

92 2251 313 2306 Σωκράτη,
347 2250 593 2307 Ἱπποκράτη
637 2257 710 2295 cfr.
744 2259 1074 2296 Bornemann
1102 2256 1153 2294 ad
1181 2257 1310 2294 Xen.
1341 2256 1522 2307 Apolog.

90 2334 131 2373 p.
154 2325 219 2360 61.
251 2342 301 2348 -—-
335 2317 396 2360 ὅτι
425 2319 526 2361 καθ’
561 2317 706 2362 ἑαυτὸν
735 2323 881 2360 omisso
916 2321 982 2361 καὶ
1018 2325 1068 2362 F.
1107 2318 1200 2361 κατ’
1235 2317 1362 2361 αὐτοῦ
1391 2323 1441 2361 Ε.
1467 2345 1524 2352 -—-

91 2384 271 2439 κομήτης
299 2387 365 2427 καὶ
395 2385 590 2435 πολλάκις
617 2391 672 2430 Η.
689 2391 741 2428 Ν.
765 2413 816 2419 -—
843 2385 1038 2434 πολλάκις
1065 2387 1135 2428 καί
1160 2388 1310 2427 omittit
1337 2389 1384 2427 E.

205 2459 244 2494 8.
286 2454 377 2505 περὶ
405 2457 477 2506 τῆς
511 2452 598 2495 ἅλω
635 2453 710 2508 τὴν
749 2454 883 2495 αἰτίαν
919 2452 1089 2509 ὕστερον
1126 2453 1295 2508 ἐροῦμεν
1353 2455 1423 2494 cfr.
1449 2456 1523 2506 111,

91 2527 118 2563 2
136 2537 193 2575 sq.
224 2544 280 2551 —
319 2520 453 2562 αὐτῶν
481 2537 535 2561 sc.
563 2530 833 2572 cometarum,
863 2537 947 2561 non
975 2522 1176 2562 halonum.
1233 2524 1298 2561 De
1319 2536 1378 2572 re,
1407 2535 1525 2574 quam

91 2592 212 2642 paulo
232 2597 324 2643 post
342 2591 502 2642 repetit,
530 2590 596 2629 adi
621 2592 649 2629 S
662 2604 869 2629 enecam
887 2592 1058 2641 Quaeet.
1074 2597 1163 2628 nat.
1183 2590 1286 2639 VII,
1305 2592 1379 2628 28:
1419 2590 1526 2628 An·-

92 2659 257 2695 stoteles
287 2660 354 2696 ait
386 2666 571 2696 cometas
610 2657 859 2710 significare
899 2664 1209 2711 tempestatem,
1249 2663 1288 2693 et
1314 2664 1527 2695 ventorum

95 2725 479 2775 intemperantiam,
509 2733 635 2776 atque
660 2724 858 2763 imbrium
886 2750 1030 2763 .....
1070 2725 1168 2762 Νοη
1188 2725 1336 2761 statim
1353 2730 1526 2761 cometes

97 2799 208 2829 ortus
235 2800 375 2830 ventos
400 2799 440 2829 et
462 2792 638 2842 pluvias
665 2793 864 2839 minatur,
895 2799 941 2830 ut
959 2791 1206 2829 Aristoteles
1233 2792 1322 2828 ait.-
1350 2790 1427 2829 sed
1447 2804 1527 2828 an-

95 2871 192 2896 num
220 2866 352 2897 totam
378 2866 607 2911 suspectum
627 2858 764 2910 facit.
821 2859 1169 2933 Theophrait.
1198 2858 1248 2896 de
1267 2859 1376 2910 sign.
1406 2858 1461 2907 11,
1486 2861 1525 2897 9.

1040 2918 1093 2954 26
