1774 3198
271 324 366 368 618
487 331 936 372 COMMENTARIUS
961 332 1021 370 IN
1048 334 1452 374 METEOROLOG.

269 442 399 494 δημος
427 440 471 482 δὲ
503 438 735 481 συνεστάναι
763 439 838 492 μὲν
866 439 909 481 ἐκ
935 443 1016 482 τῶν
1043 439 1175 482 αὐτῶν
1202 446 1288 489 τοῖς
1315 440 1429 497 ζῴοις
1459 442 1522 494 [τὰ
1540 444 1674 498 φυτά],

268 506 351 563 ὅσῳ
382 507 426 548 δὲ
453 505 742 560 θολερωτέρων
770 506 835 547 καὶ
863 506 1148 562 ψυχροτέρων,
1190 510 1384 549 τοσοῦτον
1412 508 1565 562 ἀπέχειν
1603 516 1674 553 τοῦ

268 576 348 629 ζῷα
378 571 488 614 εἶναι.
557 575 699 612 Refert
729 575 780 612 de
805 589 937 613 cause.
953 576 1146 625 plantar.
1173 579 1213 624 I,
1246 562 1318 624 1¹0,
1350 580 1387 615 3.
1418 591 1459 629 p.
1482 581 1586 618 350:
1622 577 1673 618 τὰ

264 641 338 692 μὲν
365 638 440 694 γὰρ
469 637 610 693 ψυχροὶ
639 642 710 680 τοῦ
736 638 905 694 θέρους,
940 638 991 680 τὰ
1019 640 1063 681 δὲ
1090 639 1226 694 θερμὰ
1255 644 1328 681 τοῦ
1353 645 1548 695 χειμῶνος
1573 646 1674 694 βλα-

265 704 441 746 στάνειν·
489 704 590 747 ὥστε
619 703 808 760 ἑκατέραν
835 705 907 760 τὴν
932 705 1051 762 φύσιν
1068 705 1306 761 ,σύμμετρον
1335 705 1432 748 εἶναι
1460 708 1562 763 πρὸς
1587 707 1674 750 ἑκα-

263 771 383 827 τέραν
419 775 500 813 τῶν
539 769 665 827 ὡρῶν.
729 771 846 814 Οὕτω
882 771 957 826 γὰρ
992 772 1113 814 οἴεται
1152 775 1217 814 καὶ.
1247 775 1474 827 Κλείδημος
1515 777 1674 828 [quibus

262 854 352 879 cum
380 841 579 887 conferas,
619 854 718 892 quae
745 843 968 883 monuimus
1003 843 1220 881 Meteorol.
1250 850 1371 881 veter.
1410 857 1450 896 p.
1480 847 1560 883 218
1589 844 1673 894 sq.].

261 910 324 946 De
354 908 554 959 aptissimo
583 908 742 946 sationis
770 915 950 960 tempore
974 909 1148 947 eiusdem
1181 908 1405 947 Clidemi
1445 910 1670 964 opinionem

260 973 391 1013 adfert
427 973 826 1026 Theophrastus
863 975 912 1013 de
941 988 1071 1013 causs-
1094 976 1286 1025 plantar.
1325 977 1407 1021 III,
1445 978 1519 1022 23,
1561 980 1578 1013 1
1613 988 1672 1026 sq.

259 1016 403 1091 p.*87
423 1054 479 1092 sq.
511 1047 551 1079 et
573 1041 623 1079 de
642 1043 735 1081 vitis
755 1042 895 1080 morbo
914 1042 1141 1080 sententiam
1168 1041 1263 1080 ibid.
1286 1042 1338 1090 V,
1359 1045 1395 1090 9,
1419 1045 1484 1080 10.
1515 1055 1556 1092 p.
1578 1045 1670 1080 559.

259 1109 443 1158 Denique
469 1107 766 1158 apudeundem
787 1109 835 1146 de
853 1123 970 1147 sensu
986 1111 1020 1159 §.
1041 1111 1107 1148 38.
1136 1123 1175 1160 p.
1196 1112 1275 1147 662
1306 1107 1472 1146 Clidemi
1502 1108 1551 1146 de
1579 1121 1671 1146 sen-

258 1175 365 1212 sibus
393 1175 603 1212 sententia·-
615 1176 829 1225 exponitur
858 1174 919 1212 his
948 1176 1102 1213 verbis:
1153 1174 1381 1230 Κλείᾷημος
1410 1172 1453 1213 δὲ
1479 1171 1604 1224 μόνος
1635 1173 1670 1211 2-

259 1239 356 1286 δίως
377 1237 503 1291 εἴρηκε
522 1238 610 1292 περὶ
631 1241 703 1291 τῆς
725 1237 875 1290 ὄψεως·
905 1237 1178 1279 αἰσθάνεσθαι
1197 1238 1272 1292 γάρ
1294 1253 1392 1294 φησι
1408 1244 1492 1286 τοῖς
1509 1237 1672 1293 ὀφθαλ-

256 1310 350 1357 μοῖς
375 1303 514 1357 μόνον,
542 1302 605 1345 ὅτι
634 1305 852 1358 διαφανεῖς.
882 1310 971 1352 ταῖς
1000 1303 1040 1344 δ’
1061 1303 1211 1354 ἀκοαῖς,
1244 1303 1305 1345 ὅτι
1325 1305 1528 1357 ἐμπίπτων
1551 1302 1572 1345 ὃ
1594 1302 1670 1359 ἀὴρ

257 1377 375 1412 κινεῖ·
410 1377 500 1419 ταῖς
529 1370 573 1411 δὲ
602 1368 704 1425 ῥισὶν
733 1360 1020 1425 ἐφελκομένους
1046 1368 1116 1412 τὸν
1148 1370 1261 1422 ἀέρα.
1291 1374 1434 1412 τοῦτον
1465 1369 1540 1424 γὰρ
1571 1369 1670 1411 ἀνα-

255 1438 498 1491 μίγνυσθαν
539 1440 588 1492 τῇ
616 1436 660 1477 δὲ
683 1436 843 1492 γλώσσῃ
870 1436 966 1485 τοὺς
992 1436 1146 1489 χυμοὺς
1173 1438 1238 1478 καὶ
1265 1436 1311 1478 τὸ
1341 1435 1498 1491 θερμὸν
1526 1438 1591 1477 καὶ
1620 1437 1666 1478 τὸ

255 1503 438 1558 ψυχρόν,
468 1502 534 1544 διὰ
563 1503 608 1545 τὸ
641 1503 804 1559 σομφὴν
833 1502 943 1545 εἶναι.
980 1506 1038 1560 τῷ
1067 1503 1106 1543 δ’
1133 1501 1242 1559 ἄλλῳ
1273 1502 1428 1556 σώματι
1454 1502 1565 1559 παρὰ
1593 1504 1668 1556 μὲν

255 1570 364 1611 ταῦτ’
405 1569 547 1620 οὐθέν,
599 1569 729 1611 αὐτῶν
761 1571 805 1612 δὲ
834 1569 987 1611 τούτων
1018 1571 1082 1610 καὶ
1110 1568 1155 1610 τὸ
1185 1569 1340 1624 θερμὸν
1378 1570 1443 1610 καὶ
1481 1568 1533 1610 τὰ
1567 1567 1667 1624 ῧγρὰ

255 1638 320 1678 καὶ
349 1635 399 1677 τὰ
429 1637 608 1677 ἐναντία·
637 1636 762 1690 μόνον
785 1637 829 1678 δὲ
857 1636 930 1685 τὰς
957 1635 1083 1684 ἀκοὰς
1110 1635 1235 1684 αὐτὰς
1262 1636 1336 1687 μὲν
1365 1634 1482 1676 οὐδὲν
1511 1637 1667 1690 κρίνειν,

255 1706 311 1752 εἰς
340 1703 384 1744 δὲ
412 1702 483 1743 τὸν
519 1707 613 1744 νοῦν
651 1703 895 1756 διαπέμπειν.
963 1707 1028 1744 Ex
1056 1705 1161 1743 hisce
1191 1705 1309 1750 locis,
1357 1705 1588 1755 praesertim
1617 1718 1668 1742 ex

255 1779 478 1823 postremo,
508 1774 575 1810 ubi
594 1788 683 1811 eum
709 1787 910 1824 comparas
929 1786 1016 1811 cum
1035 1772 1096 1821 iis,
1128 1784 1226 1822 quae
1250 1771 1299 1808 de
1318 1771 1559 1821 Empedocle
1586 1770 1667 1809 dis-

255 1840 379 1877 seruit
410 1826 723 1877 Aristoteles
760 1840 808 1876 de
832 1854 952 1877 sensu
980 1846 1020 1876 et
1047 1839 1189 1875 sensili
1219 1851 1252 1875 c.
1278 1842 1316 1876 2.
1349 1851 1386 1887 p.
1415 1837 1517 1884 437,
1535 1837 1560 1874 b
1580 1850 1664 1888 sqq·

255 1905 357 1960 (cfr.
395 1904 561 1944 Buhle
601 1905 744 1942 Gesclz.
776 1905 847 1942 der
873 1904 1141 1953 Philosophie
1176 1907 1208 1943 I.
1249 1917 1288 1954 p.
1318 1906 1397 1942 316
1425 1903 1507 1953 sq.)
1546 1910 1666 1953 patet,

255 1974 489 2020 Clidemum,
519 1972 618 2009 sicut
640 1972 882 2018 Menestora,
912 1971 1031 2008 fuisse
1050 1968 1340 2019 Empedocleae
1369 1968 1594 2019 disciplinae
1621 1982 1666 2006 a·

255 2042 435 2079 lumnum
466 2045 506 2076 et
526 2039 705 2089 iniquum
726 2037 775 2074 de
792 2051 839 2074 eo
859 2038 980 2074 latum
999 2049 1080 2073 esse
1108 2036 1296 2073 iudicium
1316 2049 1338 2073 a
1359 2037 1451 2086 Spr
1464 2049 1520 2072 en
1534 2036 1664 2086 gelio

256 2105 441 2155 (Histor.
464 2107 528 2143 rei
550 2104 717 2142 herbar.
746 2103 988 2144 Amstelaed.
1016 2105 1134 2141 1807.
1163 2104 1280 2140 Tom.
1301 2102 1331 2140 Ι.
1359 2116 1400 2153 p.
1420 2096 1510 2152 64),
1542 2114 1663 2151 quum

255 2187 346 2212 eum
376 2172 691 2211 rhizotomorum
725 2172 845 2222 vulgo
884 2169 1201 2222 (Blomfield.
1237 2169 1368 2206 Gloss.
1408 2167 1458 2205 ad
1487 2166 1663 2206 Aesch-

254 2242 502 2291 Agamemn.
538 2242 598 2276 16.
628 2251 666 2289 p.
690 2238 765 2275 141
787 2235 861 2289 sq.)
890 2237 1188 2282 adnumeraret,
1214 2248 1383 2286 quorum
1406 2235 1572 2285 ineptias
1597 2248 1663 2272 re-

255 2313 386 2344 censet
417 2304 806 2355 Theophrastus
834 2305 997 2341 Histor.
1017 2302 1155 2351 plant.
1175 2303 1251 2351 IX,
1272 2305 1311 2350 8,
1331 2305 1355 2339 2
1374 2314 1430 2351 sq.
1459 2314 1499 2351 p.
1517 2304 1596 2340 297
1607 2313 1662 2350 sq.

256 2374 304 2411 In
333 2371 682 2423 Theophrasti
708 2371 842 2409 codice
858 2357 1041 2409 Mediceo
1068 2369 1215 2419 ubique
1242 2373 1407 2406 vocatur
1431 2365 1658 2417 Κλείδιμος.

254 2462 308 2469 —
342 2441 550 2477 Caeterum
583 2438 750 2475 Clidemi
785 2439 1018 2476 sententiam
1049 2435 1097 2472 de
1123 2436 1281 2486 fulgure
1311 2440 1401 2472 ante
1430 2434 1564 2472 oculos
1590 2433 1662 2469 ha-
1690 2486 1707 2492 N
1772 2481 1773 2486 1

253 2507 340 2544 buit
378 2506 633 2556 Epicurus
671 2504 776 2555 apud
812 2504 1026 2554 Diogen.
1069 2503 1244 2540 Laert.
1281 2502 1348 2548 X,
1382 2504 1473 2539 102.
1510 2512 1548 2550 p.
1581 2498 1658 2536 645

254 2572 317 2610 ed.
345 2572 580 2611 Meibom.
618 2571 686 2608 ubi
713 2571 867 2609 scribit:
907 2568 972 2609 καὶ
1003 2566 1202 2620 ἀστραπαὶ
1234 2564 1274 2605 δ’
1306 2561 1496 2610 ὡσαύτως
1531 2562 1659 2616 γίνον-

252 2647 318 2677 ται
346 2636 448 2677 κατὰ
475 2636 634 2683 πλείους
657 2634 833 2690 τρόπους
868 2658 923 2664 —-
960 2656 1015 2664 ——
1055 2633 1119 2673 καὶ
1158 2629 1260 2672 κατὰ
1294 2629 1424 2685 ῥήξεις
1459 2627 1502 2669 δὲ
1531 2633 1660 2681 νεφῶν

251 2701 330 2744 ὑπὸ
359 2702 613 2755 πνευμάτων,
646 2703 711 2743 καὶ
740 2700 932 2742 ἔκπτωσιν
961 2703 1041 2741 τῶν
1069 2696 1194 2752 πυρὸς
1230 2696 1536 2738 ἀποτελεστικῶν
1564 2693 1659 2735 ἀτό-

251 2785 341 2822 μων
368 2767 498 2810 καὶτὸ
521 2772 594 2821 τῆς
623 2768 831 2823 ἀστραπῆς
858 2764 1077 2822 φάντασμα
1103 2764 1395 2805 ἀποτελουσῶν.
1417 2783 1466 2789 -
1497 2762 1660 2801 Articu-
