1774 3198
462 378 684 419 LIBRUM
712 377 1043 418 SECUNDUM.
1103 377 1223 417 GAP.
1243 377 1275 416 Ι.
1506 368 1602 412 499

156 489 472 548 προσαγορεύειν
497 488 626 544 αὐτὴν
654 486 741 532 οἷον
769 486 921 530 καπνόν
952 494 993 528 et
1014 490 1249 528 sexcenties.
1274 510 1331 517 -
1358 489 1441 529 τῶν
1470 485 1604 544 ῥυτῶν

156 559 235 616 γάρ
265 575 340 614 pro
370 557 536 600 πάντων
561 555 640 614 γάρ
670 558 801 599 voluit
829 558 878 596 G.
909 578 966 586 —-
1006 553 1214 611 ἀνωτέραν
1245 557 1356 597 Cam.
1385 571 1464 610 pro
1494 553 1603 601 ἀνωφ

158 627 276 683 τέρω.
307 652 363 658 -
392 625 445 668 τὰ
475 632 629 682 πηγαῖα
656 627 699 667 h.
717 628 745 668 l.
777 639 1051 680 synonymum
1083 631 1142 663 est
1159 625 1347 664 vocabuli
1374 629 1604 679 φρεατιαῖα,

156 704 203 736 ut
219 693 325 750 πηγή
343 696 533 737 vocabuli
554 693 684 750 φρέαρ
706 695 816 748 apud
843 691 1188 734 Plutarchum
1220 694 1392 745 Quae-st.
1417 695 1603 745 Sympos.

158 766 242 812 VI,
261 764 300 803 4.
331 767 450 804 Tom.
476 765 556 804 XI.
585 778 625 816 p.
642 766 722 803 256
757 764 986 802 Hutten:
1018 756 1118 801 ὅταν
1147 752 1220 800 οὗν
1247 755 1499 815 ὑποπλασθῇ
1527 756 1605 801 ὑπὸ

157 834 232 884 τῆς
278 834 410 886 πηγῆς
445 828 491 871 τὸ
522 828 636 885 ὕδωρ
668 829 710 870 ἓν
738 832 796 886 τῷ
827 827 915 884 ἀέρι
945 826 1294 883 προθερμανθέν,
1341 826 1605 884 περιψύχεται

156 897 326 951 ταχέως.
360 902 433 940 cfr.
464 900 646 952 C‘oray.
662 900 711 956 ad
741 899 804 938 Hi
817 910 881 951 pp
894 903 1052 937 ocrat.
1084 897 1133 936 de
1153 896 1270 947 aere,
1297 899 1423 950 aquis
1443 905 1484 936 et
1502 897 1606 936 Iocis·

158 969 280 1008 Tom.
302 969 358 1008 ΙΙ.
389 983 431 1021 p.
458 970 553 1007 118.

269 1061 308 1097 8.
336 1045 607 1110 κρηνιαῖαΗ.
630 1058 684 1097 Ν.
711 1063 753 1096 et
781 1071 880 1096 mox
908 1052 1091 1107 ποτάμια
1122 1057 1171 1096 F.
1193 1056 1244 1094 Η.
1271 1056 1326 1094 Ν.
1347 1075 1404 1082 --
1432 1051 1606 1108 ἐργασα-

155 1121 282 1177 μένης
319 1127 465 1164 Alex.
495 1126 566 1165 fol.
600 1129 678 1172 91,
696 1125 724 1164 b
753 1125 797 1163 in
825 1124 1069 1177 repetitione
1106 1123 1331 1162 verborum
1367 1121 1605 1172 Aristotelis,

156 1193 228 1231 sed
245 1194 287 1231 in
305 1193 637 1245 interpretatione
657 1189 945 1245 ἔργασομένης.
985 1196 1232 1243 sperante
1262 1190 1390 1230 vertit
1406 1192 1501 1242 Bag.
1523 1203 1606 1228 non

156 1275 305 1313 spera
318 1267 451 1299 turo.
482 1259 691 1299 Exhibent
708 1265 916 1312 praeterea
937 1259 1081 1312 partie.
1102 1271 1187 1297 aor.
1208 1258 1257 1295 A.
1273 1258 1383 1297 Cam.
1401 1259 1473 1297 Er.
1494 1258 1539 1298 P.
1563 1259 1605 1296 S.

157 1329 242 1367 Cas.
271 1327 583 1368 STchneider.
603 1328 630 1366 l.
647 1328 675 1367 l.
707 1328 789 1378 XI,
807 1331 849 1366 2.
881 1341 921 1379 p.
947 1330 1040 1367 179.
1071 1347 1127 1354 —-
1155 1326 1352 1365 τοσαῦται
1382 1323 1449 1364 καὶ
1468 1326 1607 1365 τοιαῦ-

156 1409 223 1435 ται
253 1395 419 1435 inverso
450 1395 594 1435 ordine
622 1398 672 1435 F.
697 1396 750 1434 H.
784 1396 839 1434 N.
868 1397 964 1446 Bag.
994 1400 1076 1434 tot
1105 1400 1155 1432 et
1183 1393 1333 1432 tales.
1394 1393 1475 1431 Sed
1500 1393 1608 1431 infra

156 1468 191 1513 ᾖ.
205 1465 279 1503 15:
308 1465 480 1503 τοιαῦτα
498 1461 564 1503 καὶ
582 1464 847 1503 τοσαῦτα.-
874 1463 956 1502 τῶν
975 1468 1067 1501 ante
1091 1456 1255 1500 ὗὸἁτων
1274 1461 1466 1499 omittunt
1488 1461 1542 1499 Η.
1552 1460 1605 1500 Ν.

270 1557 308 1593 9.
339 1550 500 1608 θάτερα
520 1549 778 1592 πεπόνθασιν
802 1552 971 1605 praebet
990 1551 1045 1589 N.
1076 1551 1152 1589 cfr.
1176 1550 1228 1588 ad
1250 1551 1282 1596 I,
1306 1552 1345 1600 3,
1368 1553 1406 1588 1.

273 1647 335 1682 10.
366 1641 638 1697 κεχωρισμένη
659 1650 701 1682 et
717 1637 1022 1696 περιοικουμένη
1042 1640 1139 1692 legit
1161 1641 1257 1692 Bag.
1286 1653 1379 1678 cum
1409 1646 1543 1679 vertat
1567 1647 1607 1680 et

156 1717 403 1763 separata
431 1712 490 1750 ab
519 1710 616 1749 hoc
646 1717 686 1750 et
715 1707 1155 1749 circumhabitata
1180 1708 1234 1746 in
1262 1708 1502 1748 circuitu.
1533 1709 1608 1760 τῆς

155 1775 309 1830 ταύτης
338 1791 415 1830 pro
439 1793 480 1818 τε
503 1776 658 1831 ταύτης
687 1778 852 1817 exhibet
872 1778 927 1816 N.
965 1798 1010 1805 -
1045 1775 1169 1826 Quod
1197 1775 1239 1814 h.
1259 1777 1289 1816 l.
1313 1789 1606 1815 commemora-

157 1842 225 1885 tur
252 1847 366 1898 Hyr
379 1847 578 1885 canium
610 1860 720 1885 mare
746 1847 903 1885 nullum
933 1843 1044 1883 aliud
1075 1857 1160 1882 esse
1194 1849 1328 1896 potest
1341 1871 1354 1893 ,
1389 1844 1465 1882 nisi
1495 1845 1606 1895 quod

146 1927 262 1953 -nunc
289 1927 480 1953 vocamus
506 1914 695 1954 Aralsee.
753 1913 856 1953 Inde
887 1910 1124 1962 corrigenda
1143 1917 1261 1960 sunt,
1295 1924 1398 1962 quae
1418 1912 1607 1963 exposuit

155 1995 197 2021 v.
222 1982 359 2020 Hoff
385 1981 531 2019 Gesch.
553 1981 625 2019 der
649 1983 695 2021 V
691 1978 834 2019 eriind.
863 1978 954 2035 auf
970 1980 1044 2017 der
1068 1978 1312 2029 Erdoberfl.
1342 1978 1374 2017 I.
1402 1992 1445 2030 p.
1470 1983 1564 2028 117,
1584 1993 1606 2018 a

154 2049 318 2087 nemine
335 2055 520 2089 veterum
541 2050 783 2102 scriptorum
804 2047 1112 2086 commemorari
1134 2046 1237 2086 illud
1261 2059 1392 2096 mare,
1421 2053 1606 2098 praeter-

157 2130 276 2168 quam
292 2116 341 2155 ab
363 2114 640 2156 Ammiano
670 2115 993 2156 Marcellino
1026 2114 1198 2162 XXIII,
1222 2117 1261 2162 6,
1282 2116 1334 2153 59
1365 2119 1406 2152 et
1434 2115 1606 2154 Ptole-

158 2197 295 2221 maeo
334 2184 486 2235 Geogr.
518 2186 598 2233 VI,
637 2188 701 2223 12.
744 2198 783 2235 p.
818 2186 899 2221 160
939 2194 1131 2235 (Ῑιιοτωιικ
1151 2186 1266 2218 essetv
1285 2181 1432 2220 lacus
1472 2183 1604 2222 Oxia

148 2234 242 2289 *sive
272 2251 310 2289 O
322 2263 350 2288 x
361 2251 373 2288 i
384 2265 443 2289 an
454 2265 476 2289 e
487 2279 499 2298 ,
530 2257 693 2289 auctore
714 2252 740 2288 S
753 2251 834 2290 ain
847 2257 863 2288 t
875 2264 897 2287 e
909 2271 930 2277 -
941 2249 1006 2287 Cr
1017 2247 1104 2284 oix
1124 2248 1317 2285 Examen
1334 2250 1513 2300 critique
1535 2250 1606 2288 des

159 2317 256 2356 hist.
281 2316 451 2356 d’Alex.
482 2317 573 2366 (ed.
592 2318 645 2356 II.
674 2318 800 2356 Paris.
832 2313 967 2366 1804)
998 2327 1039 2365 p.
1063 2316 1157 2352 715.
1214 2314 1322 2352 Hinc
1351 2316 1469 2354 etiam
1496 2324 1606 2368 patet

158 2385 310 2423 iterum
333 2384 508 2436 ineptire
539 2386 751 2422 Dureau
782 2384 840 2421 de
870 2383 917 2420 la
947 2381 1127 2430 Malle,
1158 2381 1268 2432 quod
1284 2382 1402 2420 toties
1426 2397 1516 2421 eum
1542 2385 1604 2423 fe-

161 2453 260 2491 cisse
289 2466 414 2503 supra
446 2453 535 2504 plus
571 2452 697 2489 semel
728 2450 1000 2498 ostendimus,
1038 2461 1130 2486 cum
1160 2449 1416 2499 Hyrcanium
1445 2465 1555 2490 mare
1582 2466 1604 2490 a

162 2521 307 2572 Caspio
328 2533 437 2557 nono
463 2519 626 2557 demum
654 2525 816 2557 nostrae
842 2531 960 2557 aerae
978 2516 1135 2554 saeculo
1153 2523 1379 2566 separatum
1401 2532 1486 2556 esse
1505 2533 1604 2558 con-

161 2587 362 2626 tenderet.
421 2586 694 2635 Straboni,
734 2586 911 2626 Plinio
940 2584 1106 2635 aliisque
1134 2584 1455 2633 Hyrcanium
1492 2599 1604 2625 mare

162 2669 244 2694 non
266 2655 474 2694 diversum
493 2661 552 2693 est
570 2668 591 2692 a
607 2654 800 2706 Caspi0.
836 2654 922 2693 Cfr.
943 2664 1073 2703 ex.gr.
1093 2649 1239 2688 strab
1251 2663 1323 2689 on.
1335 2653 1386 2692 Π.
1403 2652 1601 2704 p.182c:

162 2743 219 2750 —
246 2718 398 2775 ἣκαθ’
422 2717 530 2774 ἡμᾶς
558 2718 772 2773 οἰκουμένη
801 2721 850 2773 γῆ
878 2718 1120 2774 περίρρυτος
1149 2709 1281 2766 odones
1322 2715 1476 2769 (Σὲχεται
1506 2716 1603 2760 κόλ-

165 2804 267 2837 πους
294 2789 351 2837 εἲς
380 2785 527 2842 ἑαυτὴν
558 2785 638 2828 ἀπὸ
677 2790 751 2841 τῆς
788 2785 865 2834 ἔξω
907 2783 1121 2836 θαλάττης
1159 2782 1263 2823 κατὰ
1304 2781 1376 2824 τὸν
1411 2782 1602 2827 Ὠκεανὸν

166 2848 357 2903 πολλούς,
386 2856 598 2909 μεγίστους
628 2854 672 2893 δὲ
703 2853 931 2905 τέσσαρας·
977 2845 1032 2893 ὧν
1064 2848 1084 2890 ὃ
1113 2849 1187 2902 μ’ἓν
1213 2849 1392 2907 βόρειος,
1434 2853 1601 2892 Κασπιά

1095 2909 1167 2947 ’32
1188 2908 1206 2925 ³
