1774 3198
397 339 618 382 LIBRUM
649 339 790 381 SECU
795 336 831 376 N
840 337 979 377 DUM.
1039 336 1154 375 CAP.
1180 336 1248 374 VI.
1452 324 1478 367 5
1487 324 1510 366 7
1519 323 1545 366 5

110 457 217 510 apud
235 456 364 497 Gell.
386 436 531 495 Nocet.
552 455 686 494 Attie.
706 454 760 502 11,
784 455 852 492 22.
880 451 993 491 Idem
1011 450 1081 490 ille
1102 454 1248 489 ventus
1264 441 1308 486 in
1323 447 1548 498 fragmento

110 524 200 578 περὶ
221 522 398 576 σημείων
418 539 455 577 p.
470 523 621 572 973,b,
652 521 703 560 de
725 535 804 573 quo
818 525 952 572 'supra
972 520 1163 567 diximus,
1191 516 1302 555 audit
1328 513 1550 555 Orthro-

110 599 277 632 notus.
336 593 496 631 Scilicet
516 586 797 645 Ὀρθρόνοτος
817 603 895 642 pro
915 602 985 636 e0‚
1015 589 1124 640 quod
1151 587 1195 625 in
1222 584 1407 623 omnibus
1428 582 1548 622 MSS.

108 662 315 713 reperitur
338 656 602 713 Ὀρθόνοτος,
625 659 804 698 correxit
825 659 863 697 K
875 671 898 695 o
910 671 967 695 en
978 658 990 695 i
1000 670 1024 709 g
1037 670 1074 694 m
1085 669 1180 694 ann
1191 655 1352 705 ΔΟεοέτ.
1371 651 1551 691 Aristar.

109 743 151 782 p.
174 733 239 768 20.
267 729 419 767 collatis
439 726 912 777 Antelucanisflatihus
943 724 1188 767 Vitruvii
1215 726 1245 773 Ι,
1267 726 1304 779 6,
1335 722 1406 773 qui
1425 733 1550 771 quum
1590 755 1592 757 .

111 805 254 835 exorto
283 797 364 835 sole
386 797 714 847 permanserint,
743 796 855 833 Euri
874 796 987 833 venti
1009 800 1147 832 tenent
1169 800 1328 843 partes.
1384 786 1552 827 Addere

109 871 269 917 poterat
298 865 472 903 Senec.
508 865 681 915 Quae-st.
709 871 853 903 natur.
880 865 941 911 V,
964 867 1001 903 7.
1033 884 1086 891 -
1128 857 1298 914 ἇργέτην
1324 870 1402 910 pro
1433 850 1551 909 ἀργέ-

111 945 211 984 στην
231 933 286 971 Ν.
319 928 466 985 ἀργέτα
488 946 608 984 supra
630 933 760 984 posito
790 928 987 985 ἀργέστην
1011 932 1056 970 F.
1114 924 1221 968 Mox'
1246 923 1446 978 ὀλύμπιον
1474 935 1551 976 pro

110 997 310 1050 ὀλυμπίαν
343 1001 397 1038 Η.
425 999 478 1038 Ν.
536 1002 600 1039 De
626 1001 844 1052 Olympiae
874 1000 1040 1038 nomine
1071 998 1259 1038 Euboeae
1286 995 1447 1046 vulgato
1476 992 1550 1031 cfr.

107 1069 334 1107 Plinium
367 1069 481 1106 Hist.
498 1075 589 1106 nat.
619 1070 679 1117 Π,
706 1071 769 1107 16.
797 1069 940 1116 XVII,
962 1071 1038 1117 373
1077 1067 1127 1105 de
1157 1063 1398 1104 Scironis
1427 1058 1552 1113 (σκεί-

110 1150 223 1189 ρωνα
237 1135 405 1188 praebet
421 1133 486 1186 F.)
497 1164 508 1183 ,
539 1149 618 1187 quo
637 1134 807 1174 Athenis
824 1135 1111 1186 insigniebatur
1129 1132 1155 1171 S
1168 1133 1368 1172 trabon.
1400 1131 1428 1168 L
1446 1144 1480 1181 p.
1496 1131 1550 1168 50

108 1202 157 1241 A.
187 1204 265 1243 IX.
283 1218 321 1256 p.
335 1204 428 1242 453.
458 1203 582 1242 Plin.
601 1203 716 1242 Hist.
733 1210 825 1241 nat.
842 1205 894 1248 H,
915 1202 982 1240 46.
1015 1204 1041 1240 S
1054 1215 1190 1240 enec.
1212 1202 1386 1252 Quaeet.
1404 1208 1549 1236 natur.

107 1272 167 1319 V,
198 1275 264 1311 17.
322 1271 477 1309 Romae
511 1272 631 1310 etiam
667 1272 836 1323 Iapyx
872 1270 1094 1309 vocabatur
1107 1301 1117 1320 ‚
1164 1268 1272 1321 qnod
1300 1267 1396 1306 inde
1423 1270 1550 1318 patet,

109 1339 204 1390 quia
221 1338 299 1377 hoc
319 1345 444 1378 vento
464 1339 668 1378 secundati
693 1345 837 1378 nautae
856 1341 1090 1391 Aegyptum
1107 1337 1299 1390 petebant
1315 1334 1551 1374 Graeciam-

107 1420 197 1459 que,
222 1399 332 1446 unde
354 1407 613 1459 Cleopatram
630 1413 721 1459 post
739 1407 938 1446 Actiacam
960 1421 1138 1459 pugnam

333 1509 391 1515 —
419 1488 531 1525 inter
560 1486 710 1524 caedes
733 1483 966 1535 pallentem
995 1493 1128 1523 morte
1159 1485 1321 1537 futura

334 1554 514 1591 Fecerat
541 1555 792 1607 Ignipotens
822 1556 959 1591 ventis
988 1561 1029 1590 et
1050 1554 1208 1606 Iapyge
1217 1553 1352 1609 ferri.

107 1633 264 1684 (Virg.
283 1632 389 1670 Aen.
413 1634 524 1681 vm,
542 1631 668 1684 709),
707 1640 748 1672 et
774 1634 947 1686 Virgilio
967 1632 1148 1672 Athenas
1181 1632 1336 1685 petenti
1363 1636 1550 1682 precatur

107 1700 363 1739 Horatius
387 1699 466 1738 Od.
486 1700 518 1749 1,
535 1704 574 1747 3,
595 1703 632 1750 3,
658 1707 704 1739 ut
723 1715 870 1741 navem

437 1788 494 1796 ·—
547 1776 762 1807 ventorum
790 1790 846 1798 —-
875 1778 1003 1822 regat
1023 1777 1154 1821 pater

388 1838 393 1845 '
441 1835 668 1875 Obstru-tis
698 1837 801 1875 aliis
822 1845 1003 1888 praeter
1030 1839 1215 1889 Iapyga.

108 1915 320 1953 Praeterea
335 1913 589 1954 Atabulus
618 1917 660 1954 in
676 1915 828 1968 Apulia
848 1917 986 1956 audiit.
1017 1918 1147 1955 Plin.
1166 1917 1283 1954 Hist.
1298 1922 1388 1952 nat.
1411 1915 1465 1963 ΙΙ,
1483 1916 1549 1953 37.

107 1983 243 2031 XVII,
268 1981 335 2020 14.
393 1982 567 2023 Sidon.
584 1984 695 2036 Epp.
715 1985 747 2034 I,
771 1987 809 2024 5.
835 1998 876 2037 p.
903 1989 968 2024 10.
1001 1984 1063 2024 ed.
1083 1982 1439 2023 Elmenhorst.

217 2087 257 2124 8.
286 2097 329 2123 τε
352 2090 445 2136 post
463 2080 681 2140 διάμετρον
707 2087 899 2126 omittunt
917 2090 962 2126 F.
984 2088 1037 2126 N.
1058 2107 1114 2114 —-
1144 2082 1318 2139 ἀρχέτου
1337 2098 1414 2135 pro
1435 2080 1550 2138 ἀργέ-

105 2162 206 2191 στου
222 2151 280 2190 Ν.
330 2151 542 2192 Thraecias
566 2161 626 2193 est
640 2155 715 2206 -qui
733 2153 993 2207 Στρυμονιής
1018 2150 1166 2204 ἄνεμος
1184 2159 1355 2192 vocatur
1375 2154 1551 2191 Hero-

105 2218 226 2257 doto
253 2219 382 2265 VIII,
415 2223 496 2259 118
524 2222 615 2273 ibiq.
649 2223 751 2260 Lar
763 2222 900 2272 cher,
931 2218 1187 2274 Στρυμόνιος
1205 2217 1356 2274 βορέης
1384 2220 1551 2259 Calli-

105 2286 247 2325 macho
275 2288 429 2337 Hymn.
463 2289 509 2326 in
525 2289 621 2327 Del.
650 2293 716 2328 26.
755 2288 876 2329 πνοαὶ
904 2285 983 2328 ἀπὸ
1013 2284 1253 2342 Στρύμονος
1284 2289 1322 2327 Α
1334 2302 1355 2326 e
1367 2287 1550 2339 schylo

104 2354 352 2405 Agamemn.
384 2357 475 2394 185.
544 2357 646 2395 Cum
676 2358 909 2409 Strymonia
936 2362 1062 2397 vento
1089 2356 1303 2395 concidere
1330 2354 1552 2394 Ismari-

106 2423 222 2459 cum‘
243 2421 382 2471 illum,
428 2423 540 2462 cuius
571 2425 720 2463 mentio
749 2425 796 2464 fit
827 2426 937 2478 apud
974 2425 1190 2476 Dionys.
1228 2424 1435 2475 Perieg.
1469 2425 1549 2462 113

106 2489 315 2528 contendit
341 2490 467 2530 Hill.
496 2514 553 2521 —
609 2493 747 2532 Verba
772 2489 852 2533 ἀπὸ
875 2491 920 2533 δὲ
933 2494 1012 2532 τοῦ
1040 2492 1086 2532 Κ
1098 2519 1248 2532 .......
1262 2488 1520 2545 ἀπαρκτίου
1507 2504 1551 2530 m

104 2557 285 2609 margine
307 2557 425 2610 ponit
440 2560 488 2598 F.
505 2580 561 2587 —
582 2559 636 2598 H
650 2575 722 2610 pro
743 2561 786 2601 K
810 2562 1003 2600 exhibent
1021 2562 1073 2600 H.
1085 2561 1137 2599 N.
1150 2559 1270 2599 AJeX.
1280 2563 1366 2599 Bas.
1383 2561 1426 2598 in
1442 2573 1551 2598 mar-

107 2625 210 2675 gine.
230 2646 283 2655 -
311 2622 470 2678 μέσσην
486 2628 596 2666 Cam.
616 2642 680 2682 γρ.
702 2628 792 2669 Cas.
807 2651 866 2659 —-
892 2628 1054 2669 Deinde
1075 2628 1120 2669 K
1135 2641 1215 2681 pro
1234 2627 1303 2668 IK
1319 2627 1368 2669 A
1378 2631 1465 2668 Bas.
1485 2641 1549 2680 γρ

108 2691 196 2731 Cas.
228 2707 327 2745 quae
353 2694 520 2733 varietas
541 2702 630 2734 orta
648 2703 707 2736 est
727 2711 778 2736 ex
795 2698 968 2736 lectione
993 2699 1103 2736 Cam.
1129 2698 1176 2736 P.
1211 2698 1252 2736 S.
1280 2697 1368 2735 Cas.
1389 2695 1468 2735 KI.
1495 2716 1547 2723 -

109 2759 173 2797 De
192 2760 343 2800 circulo
362 2762 512 2813 ubique
530 2771 753 2816 apparente
770 2766 846 2805 cfr.
868 2764 920 2804 ad
933 2767 983 2812 H,
996 2768 1032 2815 5,
1048 2769 1113 2804 10.
1131 2786 1186 2795 -
1216 2760 1291 2804 οὐκ
1311 2760 1479 2816 ἀκριβοῖ
1493 2760 1548 2803 δέ.

108 2825 256 2867 Recte:
292 2841 386 2867 nam
417 2842 470 2868 ex
493 2837 630 2870 nostra
650 2832 848 2872 divisione
877 2832 1010 2872 Meses
1041 2834 1165 2885 spirat
1193 2846 1245 2871 ex
1270 2838 1443 2884 puncto,
1481 2831 1550 2883 qui
