1774 3198
302 374 397 420 534
515 381 959 422 COMMENTARIUS
988 381 1048 419 IN
1076 380 1475 421 METEOROLOG.

304 495 518 543 Geoponie.
545 492 645 538 XX,
663 491 729 527 46.
758 504 797 541 p.
822 494 926 529 1273
956 491 1018 529 ed.
1050 491 1254 529 Nicias:
1286 487 1416 541 ἅλμης
1444 494 1611 542 στακτῆς
1637 492 1701 530 δἐ-

303 552 747 608 δοκιμασμένηςοῧτως
773 551 827 602 ὡς
857 553 937 610 ᾠὸν
966 554 1170 607 ἐμβληθὲν
1199 554 1392 595 ἐπιπλεῖν
1423 554 1492 595 ἐὰν
1513 555 1555 595 δὲ
1581 557 1703 606 βυθί-

302 626 427 676 ζηται,
458 620 568 662 οὔπω
598 619 672 672 ἔχει
701 617 796 668 ἁλὸς
823 620 868 661 τὸ
892 620 1052 674 ἀρκοῦν.
1110 622 1226 661 Adde
1253 623 1529 662 Aristotel.
1562 623 1610 659 de
1639 625 1704 660 in-

303 691 473 728 somniis
499 703 533 728 c.
556 693 593 728 3.
623 685 754 741 ὥσπερ
784 686 821 728 οἶ
849 686 1112 740 πεπλασμένοι
1149 685 1346 740 βάτραχοι
1383 687 1419 728 οἱ
1456 685 1630 734 ἀνιόντες
1666 687 1706 727 ἐν

300 758 357 808 τῷ
387 752 502 794 ὕδατι
529 753 747 805 τηκομένου
772 757 843 794 τοῦ
873 751 980 801 ἁλός.
1009 777 1063 785 --
1105 753 1179 805 ἔχει
1208 762 1296 806 post
1329 754 1568 805 σωματῶδες
1597 756 1705 805 ponit

300 821 352 860 H.
373 823 519 860 omittit
536 822 585 860 N.
605 843 660 850 -—
686 823 842 860 ποιοῦσι
865 835 938 873 pro
964 821 1088 874 δρῶσι
1115 822 1278 872 praebet
1295 825 1340 861 F.
1371 821 1627 871 Chrysipp
1642 835 1705 868 us,

301 893 398 926 teste
426 887 715 926 Plutarcho
753 890 918 938 Quaest.
939 889 1118 940 Sympos.
1147 890 1187 936 I,
1217 891 1264 933 9,
1300 889 1337 926 1.
1371 889 1463 930 yol.
1484 888 1561 927 XI.
1591 901 1631 937 p.
1652 887 1703 923 46

301 954 362 992 ed.
384 955 575 992 Hutten
603 955 806 1004 quaesivit,
836 951 901 992 διὰ
920 953 977 1001 τί,
1006 951 1169 1005 τάριχος
1186 949 1233 992 ἂν
1251 950 1359 1006 ἅλμῃ
1378 951 1581 1003 βρέχηται,
1610 953 1705 1004 γλυ-

301 1017 463 1072 κύτερον
491 1019 650 1072 γίνεται.

411 1090 475 1125 39.
505 1087 568 1124 De
587 1088 672 1125 lacu
695 1085 1075 1136 Asphaltite-omnia
1103 1086 1293 1137 congessit
1321 1085 1518 1135 diligentia
1546 1086 1705 1124 Beck-

303 1153 469 1190 manni
497 1152 547 1190 ad
579 1151 810 1202 Antigon.
842 1153 1037 1202 Caryst.
1073 1156 1164 1190 166.
1196 1166 1232 1202 p.
1260 1155 1339 1190 206
1360 1164 1416 1201 sq.
1474 1151 1620 1188 Similis
1651 1157 1708 1188 est

299 1217 435 1256 Indiae
454 1219 554 1265 fons,
587 1217 635 1254 de
655 1231 732 1267 quo
760 1218 960 1259 Ctesias
988 1219 1120 1256 ladio.
1149 1217 1254 1267 apud
1283 1215 1427 1254 Phot.
1457 1215 1707 1253 Bibliothee.

300 1297 340 1333 p.
363 1287 413 1322 93
445 1283 508 1321 ed.
529 1283 809 1321 Hoeschel:
840 1278 900 1321 ὅτι
922 1280 1045 1336 κρήνη
1075 1281 1115 1322 ἐν
1138 1279 1279 1326 Ἰνδοῖς
1308 1279 1446 1333 φησίν,
1478 1275 1573 1319 ὅσον
1596 1278 1706 1318 πέντε

302 1345 471 1400 ὀργυιῶν
498 1343 523 1398 ἦ
553 1346 809 1398 περίμετρος,
850 1345 1097 1400 τετράγωνος
1132 1346 1196 1386 δέ·
1249 1344 1329 1386 ἐστι
1367 1344 1410 1384 δὲ
1446 1341 1491 1384 τὸ
1522 1342 1632 1398 ὕδωρ
1667 1344 1708 1384 ἐν

301 1411 447 1468 πέτραι
477 1410 615 1463 βάθος
644 1412 688 1452 δὲ
718 1409 815 1452 εἶναι
843 1411 958 1466 μέχρι
986 1415 1057 1452 τοῦ
1085 1410 1232 1458 ὕδατος
1258 1414 1378 1464 τριῶν
1406 1413 1566 1462 πηχῶν·
1597 1409 1641 1449 τὸ
1664 1410 1707 1450 δὲ

302 1476 405 1518 καθ’
437 1476 587 1524 ὕδατος
614 1482 735 1532 τριῶν
756 1476 937 1531 ὀργυιῶν.
968 1477 1151 1518 λούονται
1174 1472 1217 1517 δὲ
1246 1477 1287 1516 ἐν
1318 1475 1426 1531 αὐτῷ
1456 1475 1492 1516 οἱ
1521 1473 1708 1527 ἐπισημό-

301 1559 415 1584 τατοι
443 1547 523 1585 τῶν
545 1543 681 1584 Ἰνδῶν
710 1544 774 1584 καὶ
804 1542 945 1594 ἄνδρες
973 1544 1038 1583 καὶ
1066 1545 1203 1590 παῖδες
1230 1543 1294 1584 καὶ
1322 1548 1510 1595 γυναῖκες.
1559 1544 1708 1593 κολυμ-

299 1612 402 1659 βῶσι
433 1609 477 1650 δὲ
506 1609 569 1649 ἐπὶ
598 1607 727 1658 πόδας
765 1609 968 1663 ῥίπτοντες
1007 1607 1194 1657 ἑαυτούς·
1243 1607 1340 1650 ὅταν
1377 1608 1419 1648 δὲ
1458 1607 1706 1659 εἲσπηδῶσιν,

300 1673 480 1726 ἐκβάλλει
510 1674 656 1722 αὐτοὺς
684 1675 728 1716 τὸ
754 1674 866 1729 ὕδωρ
895 1674 987 1717 ἅνω.
1036 1675 1108 1716 οὐκ
1147 1674 1390 1727 ἀνθρώπους
1433 1672 1476 1713 δὲ
1504 1671 1630 1725 μόνον
1659 1672 1707 1712 ἀ-

301 1742 526 1794 ναρρίπτει,
577 1740 681 1782 ἀλλὰ
710 1743 775 1782 καὶ
805 1740 924 1792 ἄλλο,
965 1740 1056 1793 ὅ,τι
1089 1740 1136 1782 ἂν
1167 1736 1192 1796 ᾖ
1224 1740 1531 1796 ζῷονὶέκρίπτει
1571 1739 1627 1785 εἷς
1662 1737 1707 1778 τό

303 1805 425 1861 ξηρὸν
453 1809 519 1848 καὶ
548 1809 623 1857 ζῶν
651 1808 716 1847 καὶ
743 1806 963 1860 τεθνηκός·
1008 1809 1071 1848 καὶ
1100 1804 1236 1853 ἅπλῶς
1271 1804 1401 1847 πάντα
1429 1805 1479 1846 τὰ
1508 1803 1709 1857 ἐμβαλλό-

299 1887 420 1922 μενοι,
461 1872 563 1925 πλὴν
592 1873 759 1928 σιδήρου
789 1875 853 1915 καὶ
881 1877 1036 1927 χρυσοῦ
1072 1875 1136 1914 καὶ
1166 1872 1365 1927 ἀργύρου·
1412 1876 1541 1913 ταῦτα
1571 1871 1613 1911 δὲ
1646 1870 1709 1910 δέ-

296 1951 408 1988 χεται
428 1937 546 1979 κάτω.
577 1938 657 1979 ἔστι
678 1938 784 1979 δὲτὸ
803 1938 912 1992 ὕδωρ
935 1938 1065 1979 πάνυ
1093 1938 1300 1993 ’ψυχρὸν
1327 1938 1408 1978 καὶ
1439 1935 1531 1990 ἡδὺ
1560 1942 1707 1976 πιεῖν.

298 2005 499 2045 Postrema
524 2007 797 2046 Aristotelioae
827 2006 1004 2044 theoriae
1036 2012 1269 2057 repugnant.
1338 2004 1391 2042 At
1416 2004 1510 2042 haec
1538 2018 1619 2043 non
1651 2011 1708 2041 est

299 2083 424 2119 causa,
450 2084 520 2122 cui·
541 2073 720 2111 notitiam
738 2073 846 2111 illam
862 2073 902 2110 in
923 2085 1013 2110 suos
1033 2085 1125 2110 usus
1146 2085 1227 2109 non
1248 2071 1447 2110 convertit
1463 2070 1706 2116 Aristoteles,

298 2136 366 2173 sed
386 2138 475 2187 quia
493 2139 673 2189 exiguam
695 2138 815 2176 fidem
838 2138 976 2176 tribuit
1006 2139 1215 2177 Ctesiae.
1274 2139 1356 2176 Cfr.
1396 2138 1504 2175 Hist.
1532 2135 1704 2174 animal.

298 2203 384 2250 III,
407 2205 480 2251 17,
513 2207 595 2243 22:
635 2202 782 2254 ψευδὲς
811 2201 853 2242 δ’
882 2202 964 2243 ἐστὶ
993 2203 1057 2242 καὶ
1087 2201 1184 2256 ὅπερ
1213 2202 1395 2254 Κτησίας
1421 2199 1590 2254 γέγραφε
1619 2198 1705 2251 περὶ

297 2269 369 2318 τῆς
396 2270 512 2319 γονῆς
539 2271 619 2308 τῶν
650 2267 887 2322 ἐλεφάντων.
943 2272 991 2309 de
1017 2277 1206 2321 generat,
1235 2270 1410 2308 animal.
1442 2269 1495 2316 11,
1515 2272 1563 2306 2:
1594 2264 1706 2314 Κτη-

301 2332 389 2379 σίας
416 2332 491 2386 γὰρ
521 2331 731 2384 ὃΚνίδιος,
760 2332 786 2374 ἃ
814 2334 902 2387 περὶ
929 2337 1002 2374 τοῦ
1031 2333 1258 2387 σπέρματος
1286 2335 1367 2373 τῶν
1397 2330 1622 2386 ἐλεφάντων
1650 2328 1705 2369 εἶ’-

297 2413 410 2451 ρηκε,
452 2398 625 2454 φανερός
652 2400 758 2440 ἐστιν
787 2399 1043 2452 ἐψευσμένος.
1102 2404 1216 2439 Ηίει.
1240 2401 1412 2439 animal.
1433 2400 1636 2445 VEL-27,
1667 2401 1704 2435 3.

296 2465 478 2516 Κτησίας
506 2464 577 2506 οὐκ
606 2463 660 2506 ὢν
688 2464 927 2513 ἀξιόπιστος.
956 2489 1010 2497 —-
1042 2464 1222 2519 ἐμβάλλῃ
1239 2479 1315 2518 pro
1334 2462 1488 2516 ἐμβάλῃ
1516 2465 1566 2502 H.
1585 2463 1702 2500 Alex.

295 2532 346 2568 A.
367 2533 477 2570 cam.
499 2534 542 2571 P.
565 2535 610 2571 s:
627 2535 710 2572 Cas.
738 2555 788 2560 —
818 2530 921 2572 κατά
943 2539 1033 2571 ante
1059 2535 1130 2572 τοῦ
1156 2529 1304 2577 ὕδατος
1334 2531 1481 2568 omittit
1506 2530 1553 2567 F.
1585 2549 1634 2554 —
1664 2542 1702 2566 τι

293 2603 382 2647 post
403 2595 461 2648 εἴη
492 2598 641 2637 addunt
667 2601 719 2637 H.
741 2600 793 2637 N.
825 2623 879 2629 -
904 2596 1052 2652 μικράν
1082 2612 1156 2651 pro
1188 2593 1334 2648 πικράν
1364 2597 1492 2639 cam„
1523 2594 1589 2644 qui
1606 2607 1702 2631 mox

291 2675 366 2711 pro
395 2659 518 2713 ἰχθύν
547 2665 683 2703 scribit
711 2664 845 2714 ἰχθῦν.
875 2672 918 2703 ut
942 2672 980 2703 et
1003 2667 1045 2704 P.
1076 2688 1128 2696 -
1167 2661 1327 2717 ῥύπτειν
1352 2674 1425 2712 pro
1454 2656 1601 2711 ῥίπτειν
1629 2667 1706 2698 ex-'

292 2726 403 2766 hibet
429 2730 483 2767 N.

400 2794 467 2832 40.
498 2809 548 2833 κα
565 2809 638 2845 pro
657 2809 716 2841 eo,
738 2796 844 2846 quod
862 2803 919 2834 est
938 2797 980 2833 in
995 2795 1108 2833 initio
1128 2792 1197 2832 καί
1206 2795 1263 2842 E„
1282 2791 1388 2842 quod
1405 2805 1566 2843 prorsus
1583 2792 1700 2830 omit—
