1774 3198
449 313 669 353 LIBRUM
699 309 938 352 PRIMUM.
998 313 1114 352 CAP.
1133 313 1255 353 XIII.
1477 308 1570 353 465

131 427 318 480 equidem
348 425 452 466 nihil
484 410 647 466 aliufide
680 432 932 478 compertum
962 425 1119 477 habe05
1146 422 1198 466 d'e
1223 424 1440 467 chremete
1471 443 1573 469 vero

130 496 296 536 Koeni
306 508 330 547 g
343 509 395 533 m.
423 496 452 535 l.
474 509 593 548 saepe
611 494 773 534 laudato
801 507 844 546 p.
870 491 964 533 154]
994 501 1080 534 not.
1101 497 1183 534 385
1213 495 1445 547 opinionem
1473 511 1573 550 pro-
1614 541 1626 548 ‚

131 564 279 616 posuit,
310 577 394 602 esse
413 577 505 602 eum
526 563 711 613 eundem,
728 576 847 614 quem
863 563 1039 601 Hanno
1059 560 1214 614 Peripl.
1233 576 1274 615 p.
1290 567 1319 603 3Ἰ
1343 562 1573 616 (Hudson

134 633 287 684 Geogr.
319 646 388 684 gr.
415 634 567 671 minor.
594 632 685 671 Vol.
715 629 766 683 Ι.)
804 630 1027 671 Chreten
1065 631 1249 670 vocavit:
1302 629 1490 673 ἐντεῦθεν
1518 633 1574 681 εἰς

132 698 278 751 λίμνην
309 696 547 753 ἀφικόμεθα
576 695 644 738 διά
672 712 782 746 τινος
809 700 999 750 ποταμοῦ
1032 695 1212 752 μεγάλου
1251 697 1572 751 διαπλεύσαντες,

132 764 317 820 Χρέτης,
357 767 426 805 ubi
452 764 666 820 Χρεμέτης
696 765 854 820 (potius
883 766 1118 821 Χρεμέτου)
1148 769 1328 807 correxit
1355 769 1574 809 Bochai·-

130 842 214 874 tus
246 836 399 887 Geogr.
420 849 528 873 sacr.
557 838 587 885 Ι,
610 839 673 875 37.
701 837 777 876 col.
798 837 890 876 643.
949 839 1076 876 Istum
1095 835 1268 875 fluvium
1290 836 1463 876 eundem
1478 852 1574 888 esse,

131 916 251 954 quem
285 901 408 940 hodie
435 916 625 942 vocamus
648 905 821 953 Zaire,
857 905 990 944 voluit
1010 902 1225 943 *Dureau
1254 903 1313 942 de
1340 905 1386 942 la
1418 906 1575 945 Malle

131 969 303 1023 (Ge'ogr.
328 970 448 1021 phys.
468 971 517 1008 de
541 972 586 1009 Ia
606 986 693 1010 mer
712 973 831 1010 noire
854 980 895 1010 et
919 974 969 1011 de
991 971 1024 1009 l'
1034 973 1239 1011 inte'rieur
1258 973 1307 1011 de
1327 971 1574 1028 I’Afiique.

130 1039 244 1078 Paris
262 1041 384 1077 1807.
407 1041 446 1078 8.
476 1052 504 1091 p
534 1037 652 1089 126):
682 1053 876 1092 perquam
895 1053 989 1078 sane
1004 1040 1161 1092 inepte,
1194 1053 1285 1078 cum
1302 1040 1446 1078 Hanno
1468 1041 1576 1079 ultra

130 1108 293 1146 Cernen
325 1106 449 1160 (Cap.
476 1104 688 1160 Bojador)
714 1120 796 1145 non
821 1107 1058 1146 transiisset.
1117 1107 1261 1158 Neque
1293 1108 1415 1158 magis
1443 1114 1577 1160 potest

131 1189 216 1213 esse
241 1174 412 1221 fluvius,
454 1175 523 1225 qui
546 1188 653 1213 nunc
682 1173 795 1212 audit
830 1174 991 1224 Niger
1031 1175 1118 1213 sive
1144 1174 1338 1222 soliha,
1373 1175 1424 1213 ad
1454 1189 1574 1227 quem

129 1243 272 1295 procul
305 1242 428 1280 dubio
455 1242 628 1280 tendunt
653 1241 780 1281 verba
808 1240 974 1280 Plinii
1013 1242 1177 1281 Histor.
1204 1252 1292 1280 nat.
1322 1244 1440 1290 V,.9:
1475 1242 1575 1282 Ori-

126 1311 268 1362 ginem
287 1312 352 1358 (ut
366 1307 472 1347 Iuba
493 1323 567 1348 rex
580 1312 725 1360 potuit
742 1307 980 1362 exquirere)
998 1311 1046 1347 in
1063 1317 1200 1348 monte
1218 1310 1432 1362 infirioris
1444 1313 1576 1350 Mau-

126 1380 324 1416 retaniae
346 1391 428 1414 non
446 1366 600 1427 procul
615 1390 772 1415 oceano
794 1377 925 1415 hahet
948 1377 1094 1428 [Nilus]
1106 1406 1119 1423 ‚
1151 1378 1251 1416 lacu
1264 1381 1462 1429 protinus
1481 1387 1575 1418 sta-

123 1453 302 1498 gnante,
332 1459 448 1497 quem
465 1452 621 1483 vocant
638 1445 841 1484 Nilidem.
897 1444 967 1483 lbi
984 1448 1121 1494 pisces
1139 1447 1408 1495 reperiuntur
1427 1447 1576 1486 alabe-

111 1517 198 1551 'tae
218 1535 273 1542 ——
297 1533 353 1543 —
381 1512 696 1551 crocodilus
726 1527 898 1564 quoque.
957 1513 1062 1551 Inde
1089 1513 1140 1551 ob
1173 1522 1467 1564 argumentum
1495 1514 1576 1557 hoc

127 1581 226 1620 Nilo·
242 1588 359 1619 ortus
380 1580 566 1618 creditus
585 1578 621 1632 *)
633 1610 644 1629 ,
672 1580 752 1618 huc
767 1593 850 1618 non
867 1579 1067 1619 trahenda
1083 1594 1177 1618 cum
1194 1581 1574 1632 Koenigmnnno

127 1649 157 1686 l.
178 1649 206 1687 l.
235 1655 322 1687 not.
348 1651 452 1694 386,
494 1649 677 1699 quamvis
703 1649 851 1687 Hanno
884 1648 1006 1686 etiam
1033 1661 1087 1686 ex
1110 1649 1198 1687 lacu
1224 1649 1300 1686 isto
1327 1649 1505 1688 venisset
1531 1650 1574 1689 in

127 1715 238 1754 aiiud
256 1715 408 1754 flumen
427 1728 616 1767 magnum
634 1716 860 1767 latumque,
891 1715 1000 1767 quod
1021 1714 1236 1754 crocodilis
1252 1714 1571 1770 hippopotamis-

175 1892 208 1937 *)
244 1894 417 1929 Conferas
444 1893 569 1928 miram
592 1895 806 1930 Vitruvii
832 1896 944 1941 (VIII,
964 1899 998 1939 2,
1024 1897 1046 1930 6
1069 1895 1165 1941 sqq)
1191 1896 1428 1932 narrationem
1450 1897 1573 1944 inqua

217 1949 287 1984 nisi
310 1951 416 1985 fallor
433 1951 545 1996 prima
569 1952 650 1987 vice
674 1952 806 1999 Nigri
830 1963 964 1986 nomen
988 1953 1156 1987 occurrit.
1187 1954 1372 2001 Leguutur
1394 1953 1443 1988 ibi
1460 1955 1570 1990 haec:

215 2010 255 2041 In
278 2010 484 2051 Maurusia,
510 2022 609 2055 quam
636 2012 738 2043 nostri
760 2012 1015 2044 Mauretaniam
1041 2014 1211 2054 appellant
1237 2009 1380 2055 [oritur]
1408 2024 1449 2044 ex
1466 2019 1572 2046 monte

216 2068 356 2099 Atlante
382 2069 505 2109 Dyris,
547 2069 604 2112 qui
639 2074 728 2100 ortus
759 2080 800 2101 ex
831 2069 1078 2111 septentrionali
1107 2071 1239 2110 regione
1272 2070 1482 2112 progreditur
1511 2082 1573 2113 per

217 2125 418 2157 occidentem
443 2131 473 2157 et
498 2128 606 2157 lacum
630 2127 892 2168 IIeptagonum‚
928 2132 959 2157 et
983 2132 1107 2158 mutato
1143 2127 1272 2158 nomine
1306 2126 1427 2158 dicitur
1460 2125 1571 2167 Nigir‚

217 2181 338 2214 deinde
361 2194 402 2214 ex
432 2185 508 2214 lacu
531 2183 723 2224 Heptabozo
748 2183 806 2214 sub
830 2188 952 2215 montes
975 2183 1121 2215 desertos
1145 2182 1363 2224 subterfluens
1389 2194 1450 2225 per
1471 2184 1572 2215 meri—

218 2238 322 2270 diana
346 2241 420 2271 loca
444 2244 556 2270 manat
585 2245 615 2270 et
639 2238 747 2280 influit
771 2241 804 2271 in
827 2239 1002 2282 paludem,
1029 2250 1115 2283 quae
1141 2242 1331 2282 appellatur
1352 2259 1479 2273 ......
1508 2241 1572 2272 cir-

220 2295 394 2336 cumcingit
428 2296 592 2333 Illeroe'n,
633 2296 722 2338 quod
751 2301 798 2327 est
821 2295 1024 2338 Aethiopum
1054 2295 1309 2328 meridianorum
1337 2308 1493 2337 regnum.-
1529 2298 1571 2330 ab

218 2351 333 2394 hisque
354 2351 533 2393 paludibus
560 2363 595 2383 se
620 2352 844 2398 circumagens
868 2363 928 2394 per
942 2351 1090 2393 flumina
1106 2353 1326 2385 Astansobam
1342 2358 1372 2385 et
1389 2354 1572 2386 Astoboam

220 2414 250 2440 et
266 2409 336 2439 alia
356 2410 455 2448 plura
477 2409 628 2450 pervenit
654 2420 716 2451 per
731 2414 853 2440 montes
878 2408 924 2440 ad
942 2409 1202 2451 catarrhactarn‚
1228 2410 1268 2441 ab
1286 2421 1390 2454 eaque
1412 2421 1448 2442 se
1466 2421 1572 2453 prae-

218 2466 362 2506 cipitans
382 2476 445 2506 per
469 2466 754 2507 septentrionalem
778 2466 926 2507 pervenit
947 2466 1030 2497 inter
1040 2466 1264 2508 Elephantida
1280 2471 1311 2498 et
1328 2466 1465 2508 Syenem
1484 2467 1588 2500 The-'

218 2523 396 2565 baicosque
422 2523 455 2554 in
479 2523 668 2564 Aegyptum
684 2533 828 2564 campos,
856 2528 887 2554 et
911 2523 955 2554 ibi
982 2522 1082 2555 Nilus
1110 2525 1310 2566 appellatur.
1354 2524 1408 2556 Ex
1428 2525 1573 2557 Maure-

217 2580 311 2611 tania
336 2585 446 2611 autem
471 2585 572 2621 caput
597 2579 669 2611 Nili
693 2579 863 2622 profluere
888 2591 930 2611 ex
954 2591 991 2612 eo
1019 2580 1161 2611 maxime
1178 2580 1401 2622 cognoscitur,
1427 2581 1516 2624 quod
1531 2592 1573 2613 ex

218 2639 327 2668 altera
350 2643 447 2679 parte
474 2639 590 2670 montis
613 2637 761 2669 Atlantis
787 2642 861 2667 sunt
890 2637 960 2667 alia
984 2637 1099 2678 capita
1122 2637 1199 2667 item
1222 2636 1423 2678 profluentia
1446 2637 1493 2669 ad
1515 2648 1573 2669 oc-

222 2694 381 2725 cidentem
406 2705 588 2736 oceanum,
624 2695 733 2738 ibique
756 2699 937 2725 nascuntur
961 2693 1206 2734 ichneumones,
1246 2693 1401 2726 crocodili
1430 2700 1462 2726 et
1485 2695 1588 2726 aliae·

218 2750 341 2782 similes
377 2751 555 2783 bestiarum
591 2752 794 2794 pisciumque
826 2756 969 2782 naturae
1003 2756 1137 2792 praeter
1165 2749 1428 2792 hippopotamos.
1473 2750 1573 2783 Haec

220 2805 487 2842 Vitruvius.
537 2807 659 2840 Addas
682 2807 836 2849 interpp.
860 2806 904 2839 ad
930 2806 1142 2891 Ροωρὲοιι.
1164 2805 1341 2839 Melam.
1359 2806 1388 2848 1,
1402 2806 1435 2841 9.
