1760 3138
190 346 265 386 ΕΤ
293 344 509 398 OLYMP.
537 342 599 383 IN
625 340 807 382 ARIST.
837 338 1169 380 METEOROL.
1195 338 1298 378 Lm.
1318 337 1349 377 1.
1417 327 1512 373 237

72 457 269 511 κειμένοις
292 454 550 512 υφιστάμενα
576 452 853 508 ἀνεπιτηδείου
880 450 1030 494 τούτου
1052 448 1262 506 γινομένου
1285 449 1512 505 φθείρεται.

71 524 119 568 τὰ
149 524 358 580 γινόμενον
397 524 533 565 τοίνυν
570 521 655 563 ἐστὶ
692 524 893 563 τοιοῦτον.
940 519 982 560 ἐν
1007 522 1173 572 χειμῶνι
1202 516 1515 570 πεπυκνωμένου

71 597 145 635 τοῦ
174 592 215 635 τ’
245 591 405 641 ἔξωθεν
435 590 554 646 ἀέρος
582 590 648 632 καὶ
679 593 752 643 τῆς
779 588 1015 644 ἐπιφανείας
1042 591 1117 642 τῆς
1143 590 1236 643 γῆς,
1273 584 1321 627 τὸ
1351 583 1515 640 γενόμε-

73 677 145 702 νον
174 661 225 702 ε’ν·
243 657 458 717 τῷβάθει
495 658 656 713 θερμὸν
697 656 766 699 διὰ
802 656 876 711 τὴν
916 659 1059 710 συνεχῆ
1099 654 1203 710 πρὸς
1239 652 1396 707 ἄλληλα
1433 655 1516 695 τῶν

74 729 283 781 στοιχείων
312 725 636 781 ἀντιμεταβολὴν
662 725 719 780 μὴ
751 723 1076 781 διαφορούμενον
1106 723 1174 766 διὰ
1194 722 1268 777 τὴν
1286 723 1368 764 τῶν
1385 737 1517 776 περιεο

70 794 230 850 χόντων
257 793 489 846 πύκνωσιν,
529 793 763 847 ἀθροίζεται
789 796 947 847 μᾶλλον
975 792 1111 844 ἔνδον,
1151 792 1216 834 καὶ
1245 793 1382 832 πλεῖον
1409 786 1519 844 γινό-

72 880 195 918 μενον
237 864 450 917 θερμαίνει
492 860 566 904 τόν
607 859 686 903 ὑπὸ
715 865 790 917 γῆν
820 860 921 917 ἀέρα
949 862 1015 903 καὶ
1044 860 1092 903 τὸ
1120 858 1249 915 ὕδωρ.
1301 858 1343 899 ἓν
1378 857 1423 898 δὲ
1458 859 1518 913 τῷ

73 932 189 986 θέρει
226 930 464 973 τοῦναντίον
500 929 765 985 ἠραιωμένων
794 933 878 972 τῶν
905 928 1045 985 πόρων
1073 931 1147 983 τῆς
1173 931 1248 982 γῆς
1277 925 1345 967 διὰ
1374 924 1450 979 τὴν
1477 924 1545 974 ἐξ,

73 997 193 1054 ἡλίου
221 997 479 1055 θερμότητα,
509 997 556 1039 τὸ
585 998 627 1039 ἓν
656 1001 715 1054 τῷ
742 996 869 1050 βάθει
897 996 1106 1052 γινόμενον
1134 997 1388 1051 διαφορεῖται
1415 996 1521 1048 θερ-

73 1066 155 1120 μὸν
193 1066 311 1123 φύσει
349 1066 423 1120 τὴν
464 1065 548 1107 ἅνω
589 1066 735 1107 διῶκον
773 1064 923 1122 φοράν.
977 1062 1128 1107 τούτου
1157 1063 1204 1105 δὲ
1230 1061 1446 1118 γενομένου
1471 1058 1519 1103 τὸ

74 1132 330 1191 ὑπολειφθὲν
359 1134 402 1183 ἐξ
431 1130 606 1188 ἀνάγκης
633 1131 818 1186 ψύχεται.
858 1131 904 1174 τὸ
929 1131 1030 1174 αὐτό
1064 1132 1109 1175 δὲ
1133 1135 1257 1174 τοῦτο
1287 1131 1353 1172 καὶ
1373 1130 1416 1171 ἒν
1434 1134 1522 1179 τοῖς

75 1200 285 1257 ἡμετέροις
322 1202 470 1257 γίνεται
511 1198 708 1254 σώμασιν.
759 1217 802 1243 εν
826 1204 993 1255 χειμῶνι
1022 1199 1099 1256 γὰρ
1129 1199 1175 1243 τὸ
1208 1198 1391 1255 εζιιφυτον
1419 1201 1522 1253 θερ-

74 1269 154 1324 μὸν
192 1268 307 1311 ἔνδον
346 1267 658 1322 ἀποκλειόμενον
698 1267 767 1311 διὰ
801 1268 876 1323 τὴν
917 1267 1075 1319 εξωθεν
1112 1267 1326 1324 γινομένην
1364 1283 1409 1308 εκ
1447 1268 1522 1308 τοῦ

75 1336 236 1392 ψύχους
263 1342 350 1386 τοῖς
378 1335 538 1390 σώμασι
566 1335 782 1379 πύκνωσιν.
813 1338 880 1379 καὶ
904 1340 1041 1379 πλεῖον
1071 1335 1131 1379 ἆει
1162 1336 1230 1378 διὰ
1259 1339 1382 1378 τοῦτο
1412 1333 1524 1390 γινό-

73 1421 196 1459 μενον
225 1405 436 1460 θερμαίνει
464 1403 511 1447 τὸ
542 1403 694 1457 βάθος.
726 1406 792 1447 καὶ
821 1404 897 1455 τὰς
927 1405 1124 1462 ἐνεργείας
1154 1401 1262 1447 οὕτω
1292 1400 1338 1445 τὸ
1363 1401 1525 1459 θερμὸν

75 1471 297 1527 ἀμέμπτως
324 1472 550 1514 ἀποδίδωσι
579 1472 655 1521 τὰς
682 1471 844 1515 ἑαυτοῦ.
875 1473 917 1514 εἶν
938 1474 984 1515 δὲ
1007 1477 1065 1530 τῷ
1096 1473 1210 1528 θέρει
1241 1471 1309 1514 διὰ
1337 1470 1414 1525 τὴν
1441 1469 1526 1524 μά-

75 1555 199 1582 νωσιν
227 1543 310 1582 τῶν
339 1536 542 1594 σωμάτων
573 1539 827 1596 διαφόρητον
854 1542 1017 1595 γίνεται,
1048 1541 1114 1582 καὶ
1137 1539 1204 1581 διὰ
1234 1539 1280 1581 τὸ
1310 1538 1452 1592 βάθος
1474 1542 1526 1595 τῇ

78 1608 209 1666 ἐνδείᾳ
238 1611 289 1664 τῇ
317 1607 465 1649 τούτου
489 1607 678 1660 ψύχεται.
709 1607 1042 1663 ’ἢάκριβέστερον
1072 1610 1194 1650 εἰπεῖν
1225 1601 1348 1662 ἧττον
1377 1608 1526 1662 γίνεται

77 1675 252 1731 θερμόν.
288 1678 419 1717 ταῦτα
445 1675 522 1728 μὲν
552 1669 626 1716 οὗν
656 1675 746 1732 περὶ
775 1680 849 1718 τοῦ
877 1675 1057 1729 βάθους.
1125 1677 1258 1717 Phil.
1289 1678 1362 1717 fol.
1387 1680 1480 1728 106,
1499 1676 1526 1716 b

78 1765 136 1773 —
166 1749 258 1794 107,
278 1761 314 1785 a.

192 1814 302 1862 XII,
336 1815 402 1852 16.
454 1809 616 1865 Ἐπειδὴ
646 1809 753 1853 εἶπεν
782 1811 825 1854 ἒν
854 1817 940 1861 τοῖς
968 1809 1255 1867 ἁλεεινοτέροις
1283 1817 1440 1868 καιροῖς
1467 1811 1529 1866 γί-

79 1882 226 1921 νεσθαι
256 1877 331 1932 τὴν
348 1876 539 1931 ,χάλαζαν
567 1875 706 1920 καὶέν
736 1885 824 1929 τοῖς
847 1882 1019 1933 μᾶλλον,
1048 1873 1207 1932 μ’ἇλλον
1230 1878 1529 1935 ἀντιπεριϊστα-

77 1945 203 2000 μένου
225 1949 299 1987 τοῦ
327 1950 493 2001 ψυχροῦ
520 1950 579 2004 τῷ
612 1951 758 2005 θερμῷ
788 1948 854 1989 καὶ
882 1949 940 1997 εἷς
966 1946 1107 2001 βάθος
1135 1946 1433 2004 ἀθροιζομένου
1462 1948 1529 1989 καὶ

81 2012 252 2075 ἀθρόως
279 2012 330 2055 τὰ
361 2014 546 2057 ἐνταῦθα
582 2014 790 2069 ψύχοντος
826 2016 892 2057 καὶ
922 2014 1255 2069 μεταβάλλοντάς
1282 2032 1324 2058 τε
1354 2016 1420 2058 καὶ
1450 2033 1530 2070 πη-

81 2080 267 2137 γνύντος,
297 2080 319 2123 ὃ
341 2079 547 2138 ἠπόρησεν
576 2082 626 2125 ἷίν
655 2100 739 2136 τις,
770 2087 892 2126 τοῦτο
916 2084 1013 2126 λύει.
1047 2084 1132 2126 ἐστὶ
1155 2084 1200 2126 δὲ
1219 2087 1356 2136 τοῦτο,
1389 2081 1457 2124 διὰ
1476 2083 1531 2134 τί,

34 2168 36 2170 ·
84 2148 119 2188 εἲ
149 2146 280 2197 οὕτως
306 2146 331 2203 ἦ
358 2147 517 2202 χάλαζα
545 2152 717 2207 γίνεται,
759 2150 806 2193 οὐ
834 2155 993 2205 μᾶλλον
1032 2152 1075 2193 ἓν
1114 2155 1174 2208 τῷ
1211 2151 1326 2207 θέρει
1365 2152 1529 2207 γίνεται.

86 2212 177 2255 τότε
204 2214 282 2269 γὰρ
312 2219 468 2268 μᾶλλον
497 2218 656 2274 θερμὸν
684 2218 731 2261 τὸ
761 2219 969 2274 περιέχον,
1008 2218 1108 2274 λέγει
1139 2218 1189 2273 δὴ
1227 2212 1354 2273 ἦττον
1392 2218 1434 2259 ἓν
1472 2221 1531 2275 τῷ

86 2280 200 2336 θέρει
228 2282 436 2336 γίνεσθαι,
466 2283 490 2339 ἢ
511 2284 632 2340 ἔαρός
658 2302 701 2328 τε
731 2287 797 2328 καὶ
826 2284 1069 2341 μετοπώρου
1080 2318 1092 2337 ,
1127 2285 1189 2328 ὅτι
1220 2285 1323 2342 πρὸς
1349 2284 1396 2327 τὸ
1428 2289 1530 2341 θερ-

87 2347 168 2399 μὸς
199 2345 220 2390 ὃ
252 2347 332 2405 ἀὴρ
364 2347 462 2392 εἶναι
490 2351 597 2402 τότε,
626 2354 693 2394 καὶ
724 2353 847 2410 ’ξηρός
876 2353 973 2396 ἔστι.
1018 2355 1083 2395 δεῖ
1108 2353 1152 2394 δὲ
1181 2351 1285 2409 πρὸς
1321 2352 1395 2402 τὰς
1431 2352 1532 2394 ἀνα-

86 2414 306 2469 θυμιάσεις
340 2413 576 2472 ὑγρότητος.
630 2421 673 2461 ἐν
703 2421 748 2462 δὲ
776 2425 834 2479 τῷ
865 2421 952 2476 ξἀρι
1000 2420 1057 2463 ἔτι
1096 2411 1205 2462 ἐστὶν
1237 2418 1411 2476 ὗγρότης
1449 2420 1530 2463 ἀπὸ

87 2486 162 2524 τοῦ
188 2486 387 2537 χειμῶνος
425 2485 620 2538 μένουσα.
663 2489 729 2529 καὶ
756 2488 804 2530 τὸ
833 2488 1079 2544 μετόπωρον·
1094 2488 1151 2530 ’δὲ
1181 2486 1259 2543 ἤδη
1289 2485 1530 2545 ῧγραίνεται,

88 2550 154 2591 καὶ
184 2555 258 2605 τῆς
284 2549 451 2607 ὀπώρας
475 2553 519 2595 δὲ
539 2553 620 2608 ἤδη
641 2553 949 2611 ἀνυγμαζούσης
973 2555 1146 2610 χάλαζαι
1177 2557 1380 2611 γίνονται,
1410 2553 1531 2598 ὁπότε

88 2614 212 2673 ὑγρὸς
240 2615 261 2660 ὃ
284 2617 388 2674 ἀήρ,
420 2619 488 2661 διὰ
513 2620 560 2663 τὸ
590 2620 669 2677 ἤδη
701 2620 801 2664 εἶναι
829 2625 952 2666 πλείω
979 2621 1195 2680 ὑγρότητα·
1214 2625 1278 2667 καὶ
1309 2621 1430 2666 ἆλέαν
1460 2623 1531 2666 ἔτι.

90 2683 194 2767 πρὸς
224 2685 269 2728 δὲ
296 2702 372 2740 την
401 2689 518 2741 πῆξιν
545 2693 620 2732 τοῦ
649 2689 803 2740 ύδατος
830 2688 903 2745 τὴν
933 2691 1178 2746 ταχυτέραν,
1219 2691 1535 2745 συμβάλλεσθαι

91 2752 135 2792 τί
159 2766 258 2808 φησι
285 2771 352 2795 και
381 2753 428 2797 τὸ
458 2758 826 2813 προτεθερμάνθαι
852 2758 900 2800 τὸ
920 2757 1047 2815 ὕδωρ.
1077 2760 1183 2815 λέγοι
1202 2759 1243 2802 δ’
1264 2758 1312 2801 ἂν
1329 2758 1376 2802 τὸ
1395 2759 1531 2815 νέφος,

93 2817 136 2867 ἐξ
163 2835 212 2860 ου
241 2820 287 2862 τὸ
317 2819 445 2879 ὕδωρ.
485 2822 548 2866 ὅτι
577 2825 622 2866 δε
650 2829 810 2868 θᾶττον
839 2826 1013 2880 ψύχεται
1042 2826 1089 2869 τὸ
1108 2827 1531 2884 προτεθερμασμένον,
