1774 3198
358 393 637 433 ADDENDA
671 393 741 432 ET
773 389 1160 431 GORRIGENDA.
1313 408 1317 412 ·
1378 381 1471 424 663

137 504 174 541 τὸ
202 504 369 550 ὃυτικόν,
407 502 595 549 ἐπειδήπερ
621 499 644 546 ἤ
670 503 736 547 μὲν
757 500 879 550 πρώτη
903 504 1036 546 κίνησις
1058 497 1122 536 ἄπ’
1147 499 1336 537 ἀνατολῶν
1369 501 1474 543 ἐστιν,

135 562 155 606 ἡ
180 564 221 599 δὲ
244 560 336 606 ,und
364 561 501 606 ταύτην
524 556 598 595 οἷπό
626 557 774 602 δυσμῶν.
818 555 908 604 α’ρχῆ
933 556 970 593 δὲ
995 557 1177 603 κινήσεως
1192 558 1231 594 ἐν
1251 555 1345 592 πᾶσι
1376 554 1476 601 ζῴοις

135 619 175 654 τὸ
200 615 326 661 δεξιόν.
383 619 481 664 Quae
504 617 615 652 verba
636 617 728 650 hanc
750 615 787 649 in
814 627 890 650 rem
914 615 1071 651 laudavit
1097 615 1203 651 etiam
1236 615 1409 649 Lindau
1437 614 1475 649 in

134 679 316 711 Platon.
344 677 430 709 Tim.
452 686 485 719 p.
508 672 565 708 48.

46 737 85 769 Ρ.
101 735 180 769 566.
208 736 233 768 l.
257 736 314 768 17.
337 748 383 755 -—
407 730 576 777 Corrige:
601 728 790 764 accidat.

47 814 65 818 -
92 793 170 827 567.
204 792 230 825 1.
257 793 312 824 10.
349 809 395 815 -
431 781 563 822 Totum
593 788 711 821 locum
744 785 904 822 tractavit
942 787 1083 820 Alex.
1117 786 1170 819 ab
1206 786 1477 819 Humboldt

136 849 162 882 1.
185 849 210 881 l.
250 859 284 891 p.
311 845 368 881 45.

47 925 66 931 -
92 906 171 940 570.
202 909 278 939 not.
311 904 335 936 l.
359 904 392 936 3.
420 918 466 924 -—
496 900 570 936 Pro
592 912 699 935 usus
732 901 865 934 scribet
892 900 977 934 usi.

46 982 63 989 -·
91 963 170 996 570.
193 967 267 995 not.
291 959 330 994 in
351 959 413 996 fin.
445 975 488 983 -—
521 957 708 992 Caeterum
730 959 795 992 cfr.
826 959 871 992 de
892 960 975 992 loco
997 957 1061 991 ino
1086 955 1190 990 etiam
1222 956 1477 989 Buttmann.

135 1019 275 1061 Myihol.
302 1018 352 1051 11.
380 1028 413 1060 p.
440 1016 496 1050 32.
526 1020 601 1050 not.

47 1096 63 1101 -
87 1075 165 1109 583.
188 1075 211 1108 1.
238 1075 293 1108 18.
326 1091 369 1099 -
406 1072 593 1107 Caeterum
623 1071 714 1115 apud
749 1069 945 1118 Aegyptios
975 1072 1221 1106 Meteororum
1254 1074 1412 1103 naturam
1445 1074 1481 1102 et

137 1131 233 1175 quod
263 1132 334 1164 huc
362 1130 501 1164 trahere
525 1129 686 1163 solebant
710 1134 853 1164 veteres
877 1128 1063 1176 diligenter
1084 1127 1284 1172 expositam
1311 1125 1422 1160 fuisse
1445 1132 1480 1160 et

137 1187 346 1232 explicatam
374 1199 394 1221 a
418 1187 637 1231 Necepso
660 1197 744 1233 rege
768 1187 864 1221 Saita
887 1192 922 1220 et
946 1185 1241 1229 Pletosiride‚
1272 1189 1395 1218 auctor
1417 1194 1481 1218 no-

136 1244 191 1278 bis
221 1250 274 1278 est
306 1243 510 1279 Servius
537 1244 583 1277 ad
607 1243 782 1290 virgil.
818 1248 905 1278 Aen.
931 1243 991 1282 X,
1015 1243 1097 1275 272.
1144 1240 1219 1273 cfr.
1250 1241 1410 1286 Zoega
1440 1242 1483 1273 de

136 1313 199 1334 usu
221 1308 253 1335 et
276 1303 356 1343 orig.
383 1303 512 1334 obelisc.
543 1311 575 1342 p.
598 1300 677 1333 517.

45 1377 64 1385 -
89 1358 167 1393 588.
195 1359 220 1397 l,
242 1359 299 1391 33.
323 1375 368 1382 —
394 1354 541 1389 Scribe:
573 1351 930 1397 Apolloniatae.

44 1433 64 1441 -
89 1414 168 1449 ⁵90.
192 1414 218 1445 l.
243 1412 277 1447 5.
302 1431 347 1437 ——
375 1412 624 1457 Fragmentum
649 1411 694 1443 ad
717 1404 991 1445 Μασσαλιωτῶν
1012 1407 1200 1443 ‚rainelmo
1224 1409 1335 1443 refert
1360 1409 1482 1444 Neu-

135 1479 266 1503 mann
288 1470 393 1501 Arist.
418 1479 527 1500 rerum
554 1469 716 1510 publicar.
736 1466 861 1508 fragm.
886 1478 922 1510 p.
945 1466 1022 1499 138.

44 1547 64 1554 -
86 1526 166 1560 599.
191 1529 268 1558 not.
291 1543 338 1549 —
362 1523 436 1558 cfr.
463 1524 587 1558 etiam:
611 1524 665 1557 M.
689 1522 949 1556 Lilienthal
972 1524 1171 1555 Disseriatio
1195 1529 1303 1556 utrum
1315 1525 1482 1557 Aristote—

135 1585 181 1614 les
205 1583 342 1624 propria
363 1582 465 1614 caede
488 1588 635 1614 mortuus
661 1583 703 1614 sit
731 1583 855 1614 necne?
901 1578 1063 1625 Regium.
1090 1579 1190 1614 1706.
1216 1578 1251 1613 4.

48 1659 64 1665 -
89 1636 168 1672 604.
199 1638 223 1672 1.
247 1639 304 1675 23.
336 1656 377 1662 -
412 1636 516 1672 Adde
540 1639 581 1671 de
605 1644 695 1681 pari.
720 1639 855 1670 animal.
881 1635 938 1679 ΙΙ,
963 1639 998 1671 7.
1030 1649 1066 1681 p.
1090 1636 1171 1679 653,
1188 1647 1230 1670 a:
1267 1633 1315 1672 οἷς
1336 1632 1481 1683 μεγάλῳ

134 1690 402 1738 παριιιιᾰζοντα
429 1691 572 1738 μικρόν.
620 1693 754 1728 Ovid.
786 1696 887 1727 Trist.
916 1695 947 1735 Ι,
973 1695 1006 1736 3,
1030 1695 1086 1728 25.
1123 1692 1154 1737 I,
1180 1694 1215 1736 6,
1241 1695 1298 1728 28.

47 1772 66 1779 -
90 1751 218 1789 605.1.
243 1752 301 1784 21.
324 1769 371 1775 -
393 1750 466 1786 Pro
488 1752 616 1784 lacus
642 1749 722 1797 lege
748 1751 886 1784 latus.

47 1828 66 1836 -
88 1808 168 1843 606.
188 1808 213 1844 l.
239 1806 272 1842 5.
305 1825 352 1832 --
385 1806 488 1840 Adde
519 1808 648 1851 Leop.
684 1819 721 1842 v.
756 1807 882 1841 Buch
919 1808 1055 1851 Physik.
1090 1808 1229 1842 Beschr.
1263 1808 1323 1840 der·
1358 1808 1480 1840 Canar.

135 1867 245 1897 Inseln
271 1874 306 1907 p.
331 1864 389 1900 68.
437 1864 471 1896 D
486 1863 637 1897 aniell
660 1867 780 1908 Essays
803 1876 836 1908 p.
855 1866 932 1898 103.

47 1942 65 1949 -
87 1921 168 1958 615.
192 1922 216 1954 l.
241 1921 296 1955 16.
320 1939 366 1946 -—
390 1919 496 1956 Adde
519 1920 668 1955 Ritter
693 1922 811 1955 Gesch.
836 1923 895 1954 der
921 1921 1109 1964 Philosoph.
1149 1920 1233 1955 Vol.
1259 1919 1287 1959 Ι,
1319 1931 1356 1964 p.
1379 1919 1457 1954 366.

134 2087 322 2132 Denique,
358 2099 466 2132 quum
491 2099 526 2131 p.
555 2089 621 2122 180
654 2088 691 2121 in
716 2094 789 2122 not.
814 2087 867 2130 **)
902 2088 1183 2130 monuissemus,
1225 2087 1373 2121 confusa
1403 2097 1482 2121 esse

47 2140 159 2178 αὐτάς
173 2150 207 2178 et
218 2140 340 2189 αὐγάς,
353 2144 470 2177 obiter
484 2143 542 2177 hic
558 2144 596 2177 in
613 2145 682 2178 fine
699 2144 890 2179 voluminis
910 2145 1088 2190 corrigere
1114 2145 1276 2179 volumus
1299 2145 1378 2178 Pto
1389 2145 1482 2178 lem.

50 2203 227 2234 Tetrabibz.
251 2199 316 2242 IV,
338 2202 371 2234 5.
395 2213 430 2243 p.
458 2202 523 2234 183
551 2201 627 2243 (ed.
654 2201 762 2235 Basil.
790 2202 889 2236 1535.
914 2200 965 2243 8)
991 2202 1054 2234 fol.
1082 2200 1140 2241 47,
1166 2201 1188 2234 b
1216 2201 1294 2243 (ed.
1320 2201 1480 2239 Norimb.

48 2258 148 2291 1535.
174 2255 222 2295 4.)
237 2282 247 2299 ,
271 2255 331 2289 ubi
347 2255 461 2289 simile
477 2258 643 2290 mendum
665 2259 750 2292 latet
772 2258 810 2291 in
824 2257 966 2293 verbis:
993 2254 1025 2291 εἰ
1048 2254 1084 2292 δὲ
1107 2261 1168 2291 καὶ
1189 2254 1259 2292 zinci
1283 2256 1348 2292 wie
1371 2253 1483 2292 αὐτοῖς

47 2313 106 2357 εἴη
129 2318 165 2346 et
189 2325 222 2357 ‹1-
250 2323 299 2355 s.,
328 2312 366 2345 in
391 2312 517 2357 quibus
542 2315 667 2357 procul
692 2315 799 2348 dubio
826 2314 1050 2348 scribendum
1074 2319 1149 2348 est:
1183 2310 1253 2348 ὑπὸ
1277 2311 1343 2349 τοῖς
1369 2310 1483 2359 αὐγαῖς

47 2369 118 2412 εἴη.
142 2370 207 2404 cfr.
234 2370 298 2403 fol.
319 2367 377 2412 49,
397 2380 427 2403 a.
452 2370 476 2402 1.
496 2369 528 2404 5.
553 2379 599 2398 -··-··
622 2382 658 2414 p.
678 2372 743 2406 189
766 2371 842 2406 init.
866 2377 902 2405 et
924 2370 968 2405 11.
993 2371 1161 2414 fol.20‚a
1186 2377 1278 2405 extr.
1301 2381 1346 2399 =
1370 2383 1403 2415 p.
1416 2371 1462 2403 77
1470 2383 1478 2404 :

45 2421 234 2470 ἐπειδήπερ
273 2421 525 2460 ἀνατέλλοντες
559 2426 627 2469 μὲν
662 2423 687 2469 ἢ
719 2426 939 2471 στηρίζοντεε
972 2425 1154 2462 ἐπιτάσεις
1186 2424 1376 2462 ποιοῦντες
1409 2425 1482 2462 τῶν

45 2478 347 2525 συμπτωμάτων,
389 2479 546 2516 δύνοντες
575 2478 613 2515 δὲ
639 2486 700 2517 καὶ
723 2479 793 2517 nimi
815 2480 880 2518 τοὶς
906 2480 1022 2528 α’ἳγοὶς
1045 2480 1146 2518 ὄντες
1170 2487 1231 2518 καὶ
1254 2480 1483 2528 οἷκρονὺκτουε

43 2533 252 2580 ποιούμενοι
283 2535 491 2584 προηγῆοειε
523 2535 647 2574 ἄνεσιν
673 2537 859 2582 ἐμποιοῦσι
889 2537 961 2574 τῶν
996 2537 1305 2584 ἀποτελουμένων.
1368 2540 1482 2574 Etiam

46 2594 137 2637 apud
163 2595 312 2629 Procl.
338 2594 375 2628 in
397 2594 602 2639 paraphrasi
624 2606 658 2639 p.
673 2594 742 2630 254
765 2595 883 2640 inepte
907 2597 1075 2641 scriptum
1099 2603 1172 2632 est:
1199 2593 1232 2631 εἰ
1253 2594 1290 2631 δὲ
1308 2593 1395 2643 nocie
1418 2594 1484 2631 nie

46 2646 154 2684 αὕτᾶε
178 2647 310 2697 εὖρεθῇ
333 2657 368 2685 et
392 2663 425 2695 q.
443 2662 472 2686 s.
529 2652 591 2685 Est
622 2657 738 2686 autem
769 2652 860 2687 liber
891 2653 952 2688 ille
980 2653 1313 2699 depravatissimus,
1349 2653 1387 2687 in
1411 2664 1482 2698 quo

46 2706 241 2740 occasione>
261 2708 378 2741 oblata
400 2709 571 2741 nonnulla
593 2707 780 2755 corrigam.
824 2707 877 2743 Ita
895 2711 925 2753 1,
938 2714 973 2748 2
988 2723 1023 2755 p.
1039 2715 1072 2746 7.
1096 2712 1158 2746 fol.
1169 2714 1202 2754 2,
1213 2712 1234 2744 b
1257 2710 1481 2745 scribendum

47 2766 122 2794 est·
145 2760 198 2806 μῆ
220 2774 273 2798 τις
295 2762 494 2808 κινοδοξοίη
516 2768 596 2810 περὶ
620 2763 687 2809 τὴν
713 2764 874 2809 (Camer.
901 2765 1007 2810 τους)
1030 2779 1102 2801 των
1128 2763 1394 2812 ἀκαταλήπτων
1416 2779 1482 2801 κα-

46 2812 227 2859 τάληψιν,
255 2830 284 2852 ει
307 2815 396 2863 μηδ’
419 2816 534 2862 ὅλως,
569 2833 610 2854 ου
637 2817 711 2865 μῆν
735 2819 854 2864 (Cam.
878 2819 911 2856 εἰ
931 2821 1010 2869 μῂ)
1033 2819 1127 2858 κατά
1153 2835 1194 2868 γε
1219 2820 1284 2857 »niv
1303 2819 1483 2868 αἰσθητδν

46 2865 233 2916 ἀνθρώπῳ
258 2873 381 2918 χρόνον
406 2882 441 2910 et
459 2889 493 2921 q.
508 2889 537 2912 s.
587 2879 687 2924 Quae
715 2878 825 2913 verba
849 2878 886 2912 in
908 2879 1112 2924 paraphrasi
1138 2883 1228 2924 p.11
1258 2879 1354 2923 (edit
1368 2880 1480 2926 Lugd.
