1774 3198
342 323 564 365 Limum
590 322 922 366 SECUNDUM.
979 322 1098 362 cAP.
1127 323 1218 365 v11.
1403 290 1501 359 '593

69 440 143 492 λῆς
171 435 254 479 ἅνω
282 427 356 490 τῆξ
382 435 477 490 βίας
505 433 674 478 ὠθοῖτο.
710 437 836 478 τοῦτο
864 434 911 478 δὲ
939 432 1120 488 ἀλλαχοῦ
1145 449 1190 476 τε
1216 435 1291 476 τοῦ
1310 433 1502 488 σώματος

18 505 20 507 ’
70 505 319 560 ἐπισημαίνει
337 504 403 545 καὶ
421 503 464 545 ἒν
478 509 570 553 ταῖς
582 504 722 559 χερσὶν
737 500 816 545 ὕπὸ
836 501 1035 559 ἑκατέρων
1054 502 1233 555 μάλιστα
1244 499 1315 544 τὸν
1325 503 1499 559 καρπόν.

180 575 291 614 Haec
316 574 404 614 fere
432 580 547 623 sunt,
584 587 686 630 quae
713 578 872 614 veteres
907 573 959 612 de
992 578 1125 612 terrae
1155 578 1338 612 motuum
1375 576 1502 616 causis

69 655 333 695 proposuere.
401 640 516 681 Nihil
559 642 666 690 enim
703 647 849 689 restat,
896 648 1057 693 praeter
1099 642 1209 680 locos
1254 642 1291 681 L
1304 643 1503 683 ueretii

73 713 156 757 VI,
194 711 276 750 543
307 722 393 761 sqq.
453 707 636 748 Servii
673 709 725 748 ad
754 710 895 761 Virg.
929 711 1081 762 Georg.
1110 712 1167 758 H,
1194 708 1300 757 479,
1341 711 1502 751 Statii

77 776 280 816 Thebaid.
307 778 407 825 VH,
438 780 518 816 809
550 783 591 815 et
618 774 882 816 Ammiani
909 779 1056 827 XVII,
1086 780 1133 827 7,
1173 780 1224 816 13
1252 791 1332 831 sq.:
1369 779 1505 819 Fiunt

70 853 210 884 autem
238 852 379 882 terrae
414 852 547 882 motus
587 846 720 883 modie
755 852 951 897 quatuor.
1007 843 1098 884 Aut
1128 846 1239 884 enim
1267 845 1504 888 brasma-

69 915 182 951 tiae
210 920 327 961 sunt,
360 914 434 964 qui
461 910 627 950 humum
655 913 868 952 molestius
897 914 1169 963 suscitantes,
1207 927 1367 953 sursum
1398 931 1506 968 pro...

63 981 227 1032 pellunt
259 981 588 1019 immanissimae
618 980 768 1019 moles.-
796 988 842 1020 ut
865 982 912 1019 in
940 981 1052 1020 Asia
1080 981 1211 1020 Delos
1241 986 1428 1035 emersit,
1464 993 1506 1025 et

71 1047 236 1096 Hiera,
266 1055 307 1085 et
328 1047 538 1098 Anaphe,
575 1055 617 1085 et
640 1047 841 1098 Rhodus,
883 1048 1076 1099 Ophiusa
1105 1056 1148 1087 et
1171 1050 1358 1101 Pelagio
1382 1054 1507 1103 prio-

70 1117 188 1154 ribus
208 1116 389 1154 saeculis
419 1115 651 1162 dic-tituta,
689 1127 817 1154 aureo
847 1116 1033 1167 quodam
1061 1116 1189 1155 imbri
1217 1117 1426 1174 perfusa,
1464 1129 1507 1161 et

70 1185 245 1222 Eleusin
276 1185 323 1221 in
348 1183 545 1228 Boeotio,
583 1189 625 1220 et
652 1182 772 1233 apud
802 1182 1036 1233 Tyrrhenos
1059 1183 1290 1234 Vulcanus,
1318 1188 1507 1227 insulae-

73 1265 151 1304 que
177 1250 344 1302 plures.-
380 1256 456 1287 aut
483 1249 792 1299 climatiae,
834 1251 908 1301 qui
936 1249 1054 1288 times
1085 1259 1253 1290 ruente-s·
1283 1259 1326 1290 et
1339 1239 1508 1307 ’obliqui

70 1318 219 1367 urbes,⁴
235 1317 434 1371 “edffieia
457 1324 694 1369 montesque
715 1317 1014 1368 complanant.-
1043 1325 1121 1356 aut
1150 1318 1507 1373 chasmatiae,

70 1387 145 1439 qui
165 1383 402 1437 grandiore
432 1392 547 1422 motu
568 1383 803 1440 patefactis
828 1384 966 1423 subito
995 1387 1257 1436 voratrinis,
1293 1395 1510 1430 terrarum

65 1461 216 1506 partes
237 1451 464 1490 absorbent
472 1464 489 1498 ;
517 1459 564 1490 ut
581 1453 628 1490 in
646 1452 870 1490 Atlantico
895 1453 1012 1490 mari
1027 1454 1254 1504 Europaeo
1277 1454 1377 1494 orbe
1403 1470 1510 1508 spa-

71 1522 222 1560 tiosior
243 1519 407 1565 insula,
436 1525 478 1556 et
495 1519 542 1556 in
564 1519 756 1557 Cris-meo
783 1520 882 1557 sinu
901 1519 1050 1558 Helice
1074 1527 1116 1558 et
1132 1522 1282 1568 Bura,
1308 1530 1350 1561 et
1370 1524 1416 1562 in
1435 1526 1510 1564 Ci-

71 1589 210 1627 minia
232 1587 388 1625 Italiae
402 1592 529 1637 parte
547 1586 749 1637 oppidum
767 1584 1025 1637 Saccumum,
1053 1587 1118 1626 ad
1124 1589 1258 1628 Erebi
1270 1590 1510 1646 profundos

34 1650 36 1653 ’
70 1655 214 1693 hiatus
240 1653 446 1704 abactae,
486 1654 671 1693 aeter-nie
701 1653 886 1692 tenebris
912 1655 1192 1696 occultantur.
1255 1657 1375 1697 Inter
1402 1658 1510 1699 haec

71 1723 162 1760 tria
178 1735 338 1773 genera
357 1728 497 1759 terrae
512 1728 711 1771 motuum,
738 1735 926 1774 mycem
938 1724 1057 1761 atia
1069 1737 1090 1761 e
1116 1725 1258 1763 sonitu
1276 1726 1511 1767 audiuntur

72 1790 254 1837 minaci,
284 1802 377 1828 cum
392 1788 609 1827 dissolutis
637 1789 841 1828 elementa
862 1791 1140 1842 compagibus
1158 1795 1269 1832 ultro
1288 1793 1510 1842 adsiliunt,

71 1857 141 1897 vel
164 1856 410 1895 relabuntur
435 1855 749 1895 considentibus
772 1858 918 1896 terris.
981 1860 1098 1897 Tunc
1114 1861 1226 1898 enim
1250 1874 1413 1899 necesse
1435 1869 1510 1913 eet,

72 1924 186 1963 velut
205 1925 392 1962 taurinis
412 1924 588 1963 reboare
618 1924 852 1977 mugitibus
868 1923 1082 1980 fragores
1109 1927 1395 1981 fremitusque
1423 1937 1512 1969 ter-

73 2005 207 2030 renos.
262 1991 514 2043 Agathias
541 1993 592 2032 H.
626 2005 668 2044 p.
691 1994 744 2032 53
777 1992 841 2031 ed.
863 1993 990 2032 Paris.
1018 2007 1059 2045 p.
1080 1997 1133 2033 38
1153 1996 1206 2033 D.
1234 1997 1388 2035 nullam
1406 2010 1509 2048 pro-

73 2059 209 2111 posuit
241 2060 495 2111 opinionem,
524 2073 616 2099 cum
635 2067 802 2102 naturae
824 2061 1022 2113 principia
1041 2067 1082 2099 et
1106 2067 1241 2101 motus
1268 2069 1309 2102 et
1331 2064 1512 2115 singulo-

72 2139 166 2165 rum
185 2122 287 2178 qliae
305 2126 405 2167 fiant
421 2141 554 2166 causas
578 2128 842 2180 contemplari
867 2129 1028 2167 ratione
1050 2135 1091 2167 et
1113 2131 1360 2180 perscrutari
1379 2143 1512 2183 neque
1554 2157 1561 2161 ἡ

74 2194 174 2232 utile
200 2207 331 2246 neque
354 2201 491 2245 aptum
511 2200 716 2241 censeret,
743 2194 814 2233 sed
832 2195 1019 2234 sufficere
1041 2195 1177 2245 nobis,
1204 2196 1237 2235 si
1256 2196 1334 2236 hoc
1356 2204 1511 2238 tantum

74 2261 400 2312 intelligeremm,
421 2262 500 2300 Dei
519 2262 682 2300 consilio
703 2267 742 2300 et
759 2262 919 2313 potiore
936 2263 1146 2301 voluntate
1163 2264 1296 2303 omnia
1313 2279 1398 2304 esse
1413 2279 1512 2305 con-

11 2343 19 2356 *
75 2329 227 2367 stituta.
284 2329 324 2367 Is
340 2328 383 2366 in
404 2329 638 2367 memoriam
653 2328 728 2367 sibi
744 2342 938 2368 revocare
964 2330 1104 2369 debuit
1131 2332 1159 2369 S
1171 2345 1263 2371 ene
1274 2346 1358 2372 cae
1385 2334 1512 2373 verba

77 2394 269 2448 (Quae-st.
288 2403 430 2434 natur.
451 2397 526 2446 VI,
548 2395 587 2446 4,
608 2395 682 2448 3):
710 2396 841 2435 Nihil
853 2404 1038 2437 naturae
1057 2401 1259 2439 tractatio
1284 2403 1330 2440 in
1349 2415 1393 2440 se
1413 2416 1513 2441 con·-

76 2465 183 2501 tinet
196 2463 412 2513 pulcrius,
443 2478 568 2515 quum
593 2464 723 2502 multa
747 2462 907 2502 habeat
918 2464 1081 2520 futura
1100 2468 1217 2512 usui,
1249 2481 1380 2519 quam
1403 2469 1516 2520 quod

75 2529 277 2569 hominem
297 2530 620 2583 magnificentia
648 2533 718 2570 cui
744 2531 920 2580 detinet,
948 2546 1024 2571 nec
1042 2535 1250 2584 mercede,
1283 2535 1361 2573 sed
1379 2539 1514 2574 mira-

76 2599 167 2636 culo
195 2599 362 2637 colitur.
433 2598 623 2638 Servavit
650 2605 785 2638 tamen
813 2600 929 2638 nobis
955 2601 1228 2640 narrationem
1258 2601 1512 2653 Agathins

75 2667 128 2705 V.
158 2679 199 2718 p.
220 2669 300 2705 150
330 2666 394 2706 ed.
413 2667 506 2705 Par.
536 2679 575 2718 p.
596 2669 675 2706 105
695 2669 728 2707 B
758 2666 822 2706 ed.
844 2668 990 2707 Venet.
1021 2668 1072 2706 dc
1091 2668 1371 2721 Anthemio
1391 2670 1513 2709 Tral-

76 2733 208 2780 liano,
244 2733 390 2786 insigni
422 2735 529 2774 illius
558 2735 650 2775 aevi
679 2733 980 2786 mathematico,
1019 2736 1071 2775 de
1100 2750 1179 2789 quo
1216 2736 1512 2790 Procopius

78 2800 129 2839 de
161 2800 293 2857 aedifi
318 2802 467 2841 lustin.
500 2802 541 2853 I,
574 2805 594 2842 1
633 2803 759 2844 dixit:
798 2799 1015 2854 Ἀνθέμιος
1054 2801 1099 2843 δὲ
1133 2800 1407 2858 Τραλλιανός,
1448 2801 1513 2843 ἐπὶ

1102 2863 1155 2900 38
