1774 3198
0 2502 12 3094 „-„;-„⁷aw.a„-
0 2434 2 2483 «e.

272 335 365 379 606
485 344 929 386 COMMENTARIUS
956 344 1016 383 IN
1043 346 1448 385 METEOROLOG.

271 457 408 507 procul
423 455 680 493 abducuntur.
735 455 930 506 Exempla
947 454 1054 493 dabit
1085 454 1128 492 d’
1143 456 1308 495 Aubui
1321 469 1438 495 sson
1461 458 1603 494 Traite'
1621 458 1670 495 de

273 522 425 573 Geogn.
453 523 566 559 Tom.
585 523 617 559 Ι.
647 520 706 557 ed.
727 521 781 561 ΙΙ.
808 534 848 572 p.
874 523 950 559 158
971 534 1027 572 sq.
1087 522 1201 560 Adde
1229 522 1455 574 Leopold
1478 536 1519 561 v.
1540 523 1672 561 Buch

270 588 311 624 in
334 587 545 625 Abhancll.
572 585 646 623 ‘cler
673 588 828 626 Berlin.
856 588 990 626 Acad.
1028 587 1146 635 1833.
1180 588 1300 639 phy-⁹·
1335 589 1393 626 C'l.
1435 602 1474 639 p.
1505 592 1581 628 109
1614 603 1672 640 sq.

270 654 471 691 Raffles
500 655 676 701 History
702 650 884 707 oslava
912 656 941 693 Ι.
976 668 1013 706 p.
1030 659 1096 693 25.
1152 653 1399 706 Edinburgli
1411 654 1673 705 philosophi-

269 720 341 756 cal
354 719 542 757 Journal.
571 721 643 757 ΙΙΙ.
672 733 713 770 Ρ.
735 722 827 758 389.
862 743 910 758 -ι-
941 716 996 759 ἕτι
1024 721 1209 759 omittunt
1235 721 1286 759 H.
1309 719 1363 758 N.

378 788 444 824 20.
470 798 547 823 nov
569 798 642 836 pro
659 786 730 823 τοῦ
750 792 840 824 ante
855 784 1060 838 γινομένου
1078 788 1191 825 Ε.-
1207 789 1307 826 Mox
1327 788 1397 825 Ko
1410 787 1672 837 enigmann

270 852 418 902 Geogr.
439 850 612 889 Aristot.
645 865 684 902 p.
708 855 770 891 92.
799 859 880 891 not.
901 857 995 892 233.
1032 850 1091 892 ὅτι
1121 849 1348 904 ἕξεπρὴσθη
1377 866 1451 904 pro
1480 849 1577 891 ὅταν
1606 850 1672 891 ἔκ-

269 918 459 970 πρησθῇε
489 918 604 955 male.
625 918 695 956 cfr.
710 918 823 964 §.402
856 916 993 967 αἴτιον,
1015 917 1111 959 ὅταν
1129 917 1287 958 ε’ναντία
1305 917 1456 971 γίνηται
1484 915 1534 957 τοὶ
1555 915 1672 957 πνεύ-

265 997 376 1034 ματα
386 1013 398 1032 ,
437 983 506 1021 ubi
532 985 676 1022 iterum
704 986 959 1036 Koenigm.
988 982 1049 1025 ὅτι
1077 984 1235 1038 γίνεται.
1273 986 1430 1038 πρῶτον
1459 982 1671 1037 ἓκπρησθῇ

267 1051 427 1089 inverso
447 1050 587 1088 ordine
610 1052 648 1087 F.
674 1075 724 1079 —
753 1052 910 1090 Deinde
938 1050 1267 1103 κερματιζομὲνου
1294 1066 1369 1104 pro
1388 1047 1672 1104 κερματισθέν-

267 1130 337 1162 τος
355 1118 401 1156 F.
426 1137 479 1143 —-
507 1110 582 1154 ὖπὸ
601 1117 674 1167 γῆν
693 1117 835 1155 omisso
855 1119 1019 1157 articulo
1038 1121 1087 1158 H.
1109 1119 1162 1157 N.
1187 1118 1303 1157 Alex.
1322 1120 1372 1157 A.

376 1185 443 1220 21.
481 1183 662 1226 τοιοῦτος
688 1196 760 1232 pro
789 1179 903 1228 νότος
931 1187 978 1223 Ε.
1034 1187 1098 1223 De
1125 1199 1171 1223 re
1210 1185 1283 1223 cfr.
1318 1185 1557 1222 Strabon.
1596 1184 1672 1223 VI.

265 1263 306 1301 p.
331 1248 410 1287 423
438 1250 492 1286 B:
535 1244 604 1285 ἐὰν
634 1245 708 1297 μὲν
744 1240 815 1286 οὗν
851 1246 966 1295 νότος
994 1247 1118 1303 με’λλῃ
1147 1254 1276 1296 πνεῖν,
1307 1232 1439 1299 ’ἀχλὺν
1467 1245 1669 1299 ὁμιχλώδη

266 1314 528 1364 καταχεῖσθαι
555 1309 686 1366 κύκλῳ
717 1312 816 1365 φησὶ
848 1310 881 1363 [ὅ
902 1311 1121 1365 Πολύβιος]
1151 1317 1222 1366 τῆς
1241 1313 1418 1366 νησίὸος,
1450 1311 1549 1353 ὥστε
1567 1311 1671 1365 μηδὲ

265 1378 337 1432 τὴν
366 1377 547 1418 Σικελίαν
576 1375 740 1418 ἄπωθεν
768 1379 998 1432 φαίνεσθαι.
1029 1377 1126 1419 ὅταν
1156 1379 1199 1419 δὲ
1226 1378 1390 1434 βορέας,
1421 1378 1572 1433 φλόγας
1599 1394 1671 1419 κα-

266 1444 403 1499 θαρὰς
431 1442 509 1484 ἀπὸ
539 1446 612 1484 τοῦ
637 1442 848 1495 λεχθέντος
877 1447 1075 1498 κρατῆρος
1113 1446 1167 1494 εἷς
1195 1443 1303 1498 ὕψος
1339 1445 1567 1499 ἐξαίρεσθαι
1605 1445 1670 1485 καὶ

266 1510 447 1565 βρόμους
476 1508 746 1562 ἐκπέμπεσθαι
772 1512 947 1562 μείζους·
982 1509 1053 1551 τὸν
1081 1511 1124 1552 δὲ
1153 1511 1340 1566 Ζέφυρον
1365 1510 1490 1564 με’σην
1517 1509 1605 1551 τινὰ
1633 1509 1672 1551 ἴ-

262 1594 346 1631 χειν
376 1576 499 1626 τάξιν.
538 1575 632 1623 τοὺς
661 1575 705 1616 δ’
732 1575 878 1624 ἄλλους
905 1580 1105 1631 κρατῆρας
1140 1575 1333 1630 ὁμοειδεῖς
1365 1577 1439 1630 μὲν
1467 1574 1588 1625 εἶναι,
1622 1580 1672 1631 τῇ

267 1645 311 1686 δὲ
338 1644 408 1701 βίᾳ
436 1643 643 1684 λείπεσθαι
673 1645 752 1683 τῶν
777 1641 1124 1698 ἀναφυσημὰτων·
1153 1643 1195 1685 ἔκ
1222 1660 1264 1685 τε
1295 1643 1345 1697 δὴ
1373 1646 1445 1696 τῆς
1475 1644 1673 1697 διαφορᾶς

265 1715 345 1752 τῶν
372 1708 555 1765 βρόμεον,
593 1709 657 1749 καὶ
689 1708 731 1749 ἐκ
759 1713 830 1750 τοῦ
860 1709 986 1750 πόθεν
1016 1708 1175 1764 ἄρχεται
1200 1708 1250 1750 τὰ
1281 1707 1577 1765 ἀναφυσήματα
1607 1709 1672 1750 καὶ
1750 1744 1760 1753 ,

268 1777 309 1817 αἱ
334 1775 494 1832 φλόγες,
524 1777 588 1817 καὶ
609 1776 649 1816 αἱ
669 1775 838 1830 λιγνύες,
870 1776 1217 1830 προσημαίνεσθαι
1245 1775 1309 1816 καὶ
1339 1774 1410 1816 τὸν
1439 1776 1493 1823 εἰς
1520 1772 1672 1829 ἡμέραν

265 1845 404 1898 τρίτην
437 1845 529 1894 [cfr.
563 1845 779 1883 ,MeteoroL
807 1852 886 1882 vet.
914 1846 977 1892 ΙΙ,
1003 1848 1040 1883 7.
1066 1850 1151 1882 not.
1177 1847 1239 1882 13.
1269 1858 1310 1895 p.
1331 1844 1403 1893 42]
1434 1839 1551 1881 πάλιν
1576 1840 1673 1893 με’λ-

267 1913 389 1950 λοντα
416 1907 560 1960 ἄνεμον
589 1914 710 1948 πνεΐν.
784 1910 997 1948 Diodor.
1038 1911 1196 1948 Sicul.
1234 1911 1311 1958 IV,
1339 1913 1375 1948 7.
1416 1923 1458 1960 p.
1489 1912 1568 1948 336
1607 1909 1671 1948 ed.

267 1976 571 2026 Wesseling.
630 1975 831 2013 Plinius
869 1976 983 2012 Hist.
1016 1982 1102 2012 nat.
1128 1975 1212 2023 ΙΙΙ,
1242 1978 1288 2013 9:
1326 1972 1549 2025 Strongyla
1590 1975 1671 2011 Li·-

260 2058 371 2094 para
393 2042 612 2094 liquidiore
635 2042 822 2091 flamma
850 2047 1009 2077 tantum
1039 2039 1211 2091 differt.-
1236 2054 1257 2078 e
1278 2041 1393 2077 euius
1406 2039 1548 2092 sumo,
1579 2042 1672 2091 qui-

266 2124 361 2148 nam
374 2109 537 2156 flaturi
557 2108 639 2144 sint
658 2110 773 2144 venti
792 2108 837 2143 in
858 2106 1038 2144 triduum
1051 2105 1297 2156 praedicere
1315 2107 1471 2144 incolae
1495 2106 1673 2144 tradun-

268 2185 358 2214 tur.-
399 2176 503 2213 uncle
529 2180 670 2210 ventos
692 2172 819 2210 Aeolo
843 2174 1037 2222 paruisse
1064 2173 1355 2210 existimatum.
1410 2172 1490 2211 Adi
1518 2173 1672 2211 Beck·-

267 2255 411 2280 mann
433 2241 569 2278 Beitr.
592 2253 665 2277 zur
696 2239 839 2276 Gesek.
872 2239 943 2276 cler
963 2238 1122 2292 Erfind.
1157 2239 1251 2277 Vol.
1270 2239 1341 2277 IV.
1376 2251 1414 2289 p.
1440 2241 1532 2277 537.
1589 2241 1671 2280 Iam

267 2309 309 2346 in
328 2306 543 2345 Meteorol.
564 2313 687 2344 veter.
714 2306 795 2354 III,
816 2308 879 2343 13.
910 2318 950 2355 p.
974 2307 1025 2342 86
1055 2305 1191 2342 monui
1219 2305 1460 2343 recentiores
1491 2304 1672 2356 physicos

268 2374 404 2411 eadem
436 2373 477 2410 in
510 2386 556 2410 re
598 2371 821 2409 consentire
857 2370 1083 2422 idcircoque
1131 2371 1290 2409 laudavi
1338 2371 1671 2423 Spallanzani

272 2441 458 2490 Voyages
478 2452 559 2476 aux
585 2438 690 2475 deux
712 2438 857 2474 Sicilee
886 2438 1003 2475 Tom.
1025 2438 1079 2476 ΙΙ.
1110 2451 1149 2488 p.
1175 2439 1268 2486 185,
1326 2438 1603 2476 Dolomieu
1629 2437 1671 2475 in

267 2505 448 2542 Journal
470 2504 518 2540 de
539 2504 746 2555 Physique
763 2504 919 2543 XLIV.
939 2517 978 2554 p.
1001 2507 1089 2552 112,
1119 2504 1186 2554 qui
1209 2504 1279 2542 ait:
1306 2505 1362 2541 Et
1383 2504 1418 2542 Ie
1440 2502 1669 2550 Stromboli,

268 2572 415 2608 volcan
433 2573 619 2617 toujours
639 2585 689 2607 en
708 2570 894 2618 activite,
913 2583 1096 2606 annone-e
1111 2570 1313 2619 plusieurs
1323 2572 1446 2617 jours
1465 2568 1669 2607 d’avance

269 2650 324 2674 un
351 2636 622 2687 changement
650 2637 697 2673 de
723 2643 833 2673 teme.
842 2649 926 2684 par
954 2635 998 2672 la
1013 2635 1242 2686 frequence
1273 2635 1321 2673 de
1346 2649 1407 2673 εεε
1425 2635 1667 2687 ἰννιιριὶοῃε.

268 2703 471 2740 Dureau
501 2702 560 2740 de
585 2702 634 2739 la
661 2701 820 2740 Malle
851 2702 994 2752 Ge'ogr.
1018 2701 1133 2753 phys.
1165 2701 1212 2738 cle
1233 2701 1276 2738 la
1299 2714 1382 2738 mer
1400 2700 1524 2738 noire.
1561 2699 1670 2736 Paris

273 2771 392 2807 1807.
425 2782 464 2819 p.
487 2771 551 2806 16.
608 2770 682 2807 De
709 2768 815 2806 Luc
843 2765 1095 2808 Recherches
1121 2780 1192 2805 our
1213 2767 1269 2804 les
1285 2765 1594 2813 modificatione
1621 2765 1669 2802 de
