1774 3198
281 353 375 397 498
497 358 941 400 COMMENTARIUS
969 359 1027 399 IN
1059 359 1460 400 METEOROLOG,

281 470 438 521 quidem
457 471 498 507 in
516 470 629 517 locis,
657 468 726 506 ubi
745 469 877 519 plures
897 462 1203 507 recensent'eius
1227 469 1337 507 modi
1358 472 1612 519 mutationes,
1644 480 1687 511 ut

279 535 426 587 aliquid
447 535 707 573 universalius
724 534 818 572 inde
837 535 1073 572 concludere
1090 548 1157 573 eos
1173 535 1345 574 voluisse
1370 537 1455 575 fere
1474 538 1675 578 arbitreris

281 601 420 651 Qualis
451 613 561 638 mens
590 599 757 638 videtur
778 601 898 638 fuisse
928 600 1123 639 Ovidio
1150 602 1319 640 Metam.
1349 604 1458 649 XV,
1496 606 1576 643 287
1605 618 1687 656 sqq.

282 680 372 704 cum
402 666 572 705 diceret:

390 732 602 770 Fluctibus
631 731 814 770 ambitae
831 730 1015 787 fuerant
1042 733 1217 772 Antissa
1246 731 1479 784 Pharosque

388 798 444 834 Ee
471 797 694 836 Phoenissa
730 801 859 848 Tyrus
877 814 888 835 .·
921 813 1098 850 quarum
1124 813 1231 837 nunc
1258 797 1398 838 insula
1429 800 1545 838 nulla
1576 808 1637 837 est

389 863 591 901 Leucada
621 867 858 903 continuam
886 873 1038 903 veteres
1064 864 1241 903 habuere
1273 864 1432 903 coloni:

388 931 511 968 Nunc
527 929 652 984 freta
673 932 937 969 circumeunt.
979 931 1135 970 Zancle
1156 945 1314 982 quoque
1343 933 1480 970 iuncta
1499 933 1637 983 secisse

387 997 561 1033 Dicitur
589 996 769 1034 Italiae.-
809 996 934 1035 donee
963 999 1138 1051 confinia
1165 1005 1312 1047 pontus

387 1061 593 1107 Abstulit,
633 1069 671 1098 et
699 1064 838 1100 media
868 1065 1051 1102 tellurem
1078 1064 1233 1112 repulit
1259 1065 1388 1101 unda.

391 1129 437 1165 Si
466 1141 646 1178 quaeras
683 1128 851 1167 Helicen
879 1125 920 1166 et
945 1131 1105 1176 Burin,
1144 1128 1359 1167 Achaidos
1387 1128 1517 1176 urbes,

388 1194 574 1231 Invenies
602 1192 676 1230 suh
708 1194 847 1244 aquis,
885 1204 923 1231 et
952 1195 1086 1233 adhuc
1114 1195 1318 1233 ostendere
1346 1203 1498 1234 nautae

387 1259 600 1296 Inclinata
628 1258 758 1295 solent
788 1272 879 1297 caen
907 1261 1118 1297 moenibus
1145 1262 1301 1310 oppida
1323 1263 1478 1300 mersis.

360 1325 398 1363 4.
429 1321 522 1362 ἔνιοι
544 1321 589 1362 δέ
605 1337 704 1375 φασι
734 1323 1053 1376 θερμαινομένης
1079 1321 1156 1365 ὑπὸ
1187 1328 1261 1365 τοῦ
1289 1322 1403 1377 ἦλιόυ
1431 1328 1504 1378 τῆς
1530 1328 1601 1378 γῆς
1627 1328 1690 1364 in—

277 1403 394 1430 verso
422 1389 562 1428 ordine
593 1390 814 1440 omissoque
847 1387 977 1430 αὐτῶν
1015 1392 1165 1442 Olym
1176 1406 1212 1443 p.
1251 1393 1346 1431 Aldi
1382 1394 1453 1431 fol.
1480 1398 1554 1440 29,
1573 1406 1606 1432 a.
1636 1414 1689 1421 —-

276 1458 387 1496 Hanc
414 1456 646 1501 sententiam
675 1454 854 1494 habuisse
886 1458 1253 1508 Empedoclem
1281 1465 1389 1510 patet
1420 1473 1471 1499 ex
1498 1461 1550 1508 II,
1575 1463 1613 1505 3,
1641 1463 1690 1498 12

275 1523 343 1561 ubi
374 1522 458 1564 vid.
492 1523 644 1562 comm.

389 1591 426 1627 5.
471 1590 639 1628 Inverso
679 1589 820 1627 ordine
858 1584 960 1628 εἶναι’
997 1601 1097 1642 φασι
1126 1587 1199 1641 τὴν
1224 1593 1295 1643 γῆν
1325 1594 1374 1631 F.
1410 1597 1449 1630 et
1477 1592 1590 1630 aliter
1617 1587 1689 1642 τήν

274 1657 344 1706 γῆν
375 1652 506 1693 αἰτίαν
537 1650 638 1694 εἶναι’
665 1667 765 1708 φασι
794 1656 944 1707 Olym
955 1670 995 1707 p.
1027 1656 1096 1696 fol.
1118 1660 1186 1703 29,
1205 1671 1249 1705 a,
1281 1658 1348 1709 qui
1367 1657 1484 1710 paulo
1505 1657 1690 1708 deinceps

275 1719 341 1760 διὰ
371 1727 461 1760 aute
488 1722 560 1772 τῆς
588 1718 739 1774 τέφρας
767 1722 927 1761 omittit.
949 1745 1006 1753 —-
1032 1723 1168 1762 Verba
1190 1719 1423 1777 ἁλμυρὸν
1445 1750 1557 1765 .....
1577 1719 1690 1776 τρό-

274 1801 368 1826 πον
398 1788 546 1826 omittit
573 1789 619 1826 E.
653 1809 706 1816 -—-
756 1790 850 1827 Post
875 1784 1107 1839 ἠθούμενον
1134 1790 1184 1829 Α.
1206 1790 1275 1828 Er.
1301 1791 1452 1829 addunt
1486 1786 1610 1842 ὕδωρ.
1637 1810 1691 1818 ·-—

272 1852 486 1904 μιχθείσης
516 1850 640 1904 αὐτῆς
667 1854 717 1892 A.
736 1856 804 1893 Er.
824 1856 863 1892 S.
887 1855 935 1892 G.
965 1856 1031 1906 qui
1054 1862 1186 1895 tamen
1212 1857 1387 1895 correxit
1402 1853 1515 1909 αὐτῇ.
1538 1879 1587 1886 -
1618 1858 1692 1907 τῆς

272 1915 462 1970 τοιαύτης
489 1920 540 1957 Η.
563 1919 615 1956 Ν.
646 1921 759 1957 male.
789 1921 861 1958 cfr.
880 1920 930 1958 ad
948 1921 982 1967 I,
1003 1923 1040 1968 8,
1064 1925 1126 1959 10.
1145 1943 1199 1949 —
1227 1919 1356 1973 πηγὰς
1383 1923 1454 1972 τῆς
1481 1917 1690 1973 θαλάττης

273 1994 320 2023 ut
337 1998 432 2024 mox
452 1985 486 2034 §.
501 1988 524 2023 9
545 1983 735 2022 exhibent
752 1987 798 2024 F.
817 1987 872 2023 H.
889 1986 941 2023 N.
971 1986 1116 2036 Olym
1129 2000 1169 2037 p.
1194 1988 1262 2027 fol.
1286 1991 1351 2035 29,
1371 2001 1406 2026 a.
1433 1988 1486 2026 A.
1507 1989 1576 2025 Er.

384 2054 422 2088 6.
452 2047 664 2100 Aquarum
686 2050 850 2089 eandem
877 2051 1115 2091 divisionem
1142 2052 1261 2091 habet
1291 2054 1486 2092 Seneca
1517 2054 1686 2103 Quae-st.

273 2124 360 2154 nat.
381 2117 455 2163 III,
470 2118 518 2153 2:
545 2116 633 2153 Aut
652 2124 764 2154 stant
784 2131 918 2156 omnes
938 2132 1079 2169 aquae,
1102 2126 1178 2156 aut
1188 2119 1359 2169 flaunt;
1389 2126 1464 2157 aut
1483 2121 1688 2170 colligun-

273 2189 363 2227 tur,
403 2188 474 2219 aut
501 2183 651 2219 uarias
684 2182 841 2221 habent
868 2198 1008 2222 venas.
1038 2206 1093 2212 —-
1128 2180 1223 2237 γάρ
1250 2184 1298 2222 ab
1317 2184 1431 2223 initio
1460 2198 1538 2223 om.
1560 2186 1604 2224 E.
1633 2206 1685 2214 --

273 2246 364 2300 περί
389 2260 429 2299 γε
453 2243 526 2297 τὴν
552 2248 624 2299 γῆν
653 2250 781 2287 Ρ.’-
808 2246 1093 2301 εἰρήκαμεν
1129 2247 1398 2303 πρότερον.
1439 2264 1490 2288 sc.
1519 2252 1550 2298 I,
1575 2253 1637 2298 13,
1662 2253 1684 2287 6

273 2327 355 2365 sqq.
378 2335 428 2342 -—
460 2327 584 2363 ταμι
597 2311 855 2364 ευομένων
877 2329 953 2367 pro
971 2314 1253 2368 ταμιευόμενον
1272 2318 1317 2356 Ε.
1339 2338 1390 2345 —-—
1420 2318 1521 2355 Mox
1540 2314 1580 2355 ἓν
1597 2330 1686 2354 cor-

271 2380 377 2419 rexit
398 2382 444 2418 E.
472 2375 522 2430 ἣν
537 2380 589 2419 Η.
611 2380 663 2419 Α.
682 2381 750 2419 Er.
782 2394 885 2420 corr.
907 2383 960 2421 N.
983 2405 1033 2412 —
1063 2384 1243 2422 Verbum
1269 2383 1423 2422 finitum
1444 2379 1599 2438 ἀπαντᾷ
1620 2396 1685 2420 re-

271 2446 446 2497 cepimus
468 2459 519 2484 ex
532 2447 582 2485 E.
602 2447 656 2484 N.
676 2446 728 2485 A.
751 2448 822 2486 Er.
849 2449 959 2487 Cam.
998 2450 1136 2488 Alex.
1160 2451 1227 2489 sol.
1249 2452 1316 2495 91,
1333 2450 1371 2486 b.
1386 2438 1464 2501 y—9
1480 2450 1552 2487 Cas
1598 2462 1684 2486 oc-

271 2512 550 2562 curritBag.
581 2512 736 2563 Reliqui
758 2512 820 2561 (P.
840 2514 880 2552 S.
894 2515 1038 2566 Bekk.)
1050 2529 1138 2554 cum
1157 2517 1203 2554 F.
1217 2517 1272 2554 H.
1293 2512 1485 2553 ἀπαντᾶν.
1500 2536 1550 2542 -
1572 2516 1683 2566 πρῶ-

269 2591 340 2616 τον
357 2580 404 2616 F.
425 2579 467 2616 P.
499 2578 586 2616 Cas.
615 2578 682 2628 qui
704 2579 745 2615 in
767 2580 942 2631 margine
960 2587 1134 2620 nostram
1162 2581 1369 2619 lectionem
1389 2587 1682 2630 commemorat,

271 2650 310 2681 et
328 2644 382 2682 ita
401 2643 571 2694 denique
600 2643 952 2685 Schneiderus
980 2648 1118 2700 Eclog.
1136 2647 1251 2698 phys.
1276 2648 1356 2696 XI,
1383 2650 1417 2683 1.
1447 2659 1486 2696 p.
1508 2649 1598 2685 178.

380 2713 418 2748 7.
459 2706 648 2760 πλήθει
678 2709 759 2749 καὶ
787 2708 1062 2764 ὀλιγότητι
1102 2709 1425 2765 διαφέροντα
1462 2712 1533 2750 cfr.
1566 2712 1619 2751 ad
1647 2715 1681 2760 Ι,

269 2774 305 2822 4,
329 2779 360 2810 1.
386 2798 439 2803 —-
467 2771 600 2813 πάντα
621 2777 752 2814 omisit
770 2779 813 2815 Ε.
835 2798 887 2808 -
923 2779 1026 2816 Illud
1048 2774 1132 2818 οἷον
1148 2783 1251 2816 amat
1276 2777 1429 2815 Arist.
1461 2779 1533 2817 cfr.
1557 2779 1606 2827 11,
1630 2779 1679 2817 4:
