1820 3158
316 325 404 372 108
452 347 529 380 -μ
540 336 618 379 365,
632 336 824 370 a·Be1‹k-—
850 338 1011 377 LIB.11.
1040 337 1260 379 CARVH.
1313 337 1533 381 —p.348‚D.
1563 337 1684 372 cas.-

418 449 512 486 VII.
570 445 673 498 Περὶ
717 443 760 484 δὲ
797 447 959 496 σεισμοῦ
1003 445 1070 485 καὶ
1108 443 1297 498 κινήσεως
1336 449 1405 500 γῆς
1443 446 1543 498 μετὰ
1581 450 1708 488 ταῦτα

305 511 484 552 λεκτέον·
515 509 539 564 ἡ
569 510 644 564 γὰρ
676 510 782 550 αἰτία
809 513 883 550 τοῦ
912 508 1074 558 πάθους
1106 510 1272 564 ἐχομένη
1302 510 1447 552 τούτου
1476 516 1549 553 τοῦ
1574 512 1709 566 γένους

304 577 422 618 ἐστίν.
451 577 531 618 ἔστι
562 576 605 616 δὲ
633 575 685 616 τά
713 592 753 630 γε
781 575 1079 630 παρειλημμένα
1104 576 1220 631 μέχρι
1247 579 1320 617 τοῦ
1347 580 1417 618 νῦν
1441 577 1591 632 χρόνου
1619 580 1709 632 τρία

303 643 368 683 καὶ
396 642 505 697 παρὰ
533 646 664 697 τριῶν.
713 641 982 698 Ἀναξαγόρας
1010 659 1052 684 τε
1080 642 1155 697 γὰρ
1186 641 1496 696 ὃΚλαζομένιος
1524 645 1588 685 καὶ
1610 643 1710 699 πρό-

302 724 415 763 τερος
434 708 690 763 Ἀναξιμένης
718 707 738 750 ὅ
769 709 975 762 Μιλήσιος
1004 708 1298 765 ἀπεφήναντο,’
1321 710 1386 750 καὶ
1415 709 1569 751 τούτων
1595 709 1711 752 ὕστε-

302 790 373 828 ρος
400 774 659 830 Δημόκριτος
687 773 707 817 ὁ
736 775 986 831 Ἀβδηρίτης.
1045 782 1084 816 2.
1114 774 1382 831 Ἀναξαγόρας
1407 776 1482 828 μὲν
1512 771 1583 818 οὖν
1612 790 1711 831 φησι

300 840 370 882 τὸν
409 843 557 897 αἰθέρα
594 841 800 897 πεφυκότα
841 841 1038 897 φέρεσθαι
1076 840 1160 883 ἄνω
1200 841 1444 894 ἐμπίπτοντα
1487 842 1526 883 δ’
1568 845 1622 890 εἷς
1661 841 1710 883 τὰ

302 907 410 949 κάτω
448 913 519 962 τῆς
555 913 627 963 γῆς
666 910 731 949 καὶ
764 907 814 949 τὰ
852 911 968 949 κοῖλα
1002 914 1120 949 κινεΐν
1155 906 1302 961 αὐτήν·
1343 906 1394 949 τὰ
1422 908 1495 961 μὲν
1522 908 1598 963 γὰρ
1628 907 1710 949 ἄνω

302 976 602 1030 συναληλίφθαι
632 974 699 1015 διὰ
729 974 823 1022 τοὺς
852 972 1054 1028 ὄμβρους,
1086 974 1167 1014 ἐπεὶ
1192 973 1307 1029 φύσει
1335 990 1376 1028 γε
1404 978 1536 1016 πᾶσαν
1564 972 1711 1027 ὁμοίως

301 1038 397 1082 εἶναι
427 1033 612 1096 σομφήν,
660 1038 714 1088 (ὃς
743 1039 858 1088 ὄντος
893 1043 965 1081 τοῦ
992 1040 1068 1092 μὲν
1093 1039 1176 1081 ἄνω
1204 1044 1276 1081 τοῦ
1306 1041 1348 1081 δὲ
1377 1040 1487 1082 κάτω
1514 1044 1587 1094 τῆς
1615 1038 1712 1093 ὅλης

301 1108 476 1162 σφαίρας
503 1108 567 1148 καὶ
597 1106 679 1148 ἄνω
705 1106 779 1160 μὲν
808 1104 954 1147 τούτου
984 1104 1100 1154 ὄντος
1126 1110 1199 1147 τοῦ
1226 1108 1372 1161 μορίου
1400 1106 1469 1162 ἐφ’
1495 1100 1543 1148 οὗ
1563 1104 1710 1160 τυγχά-

300 1189 418 1226 νομεν
447 1175 660 1225 οἰκοῦντες,
691 1172 799 1214 κάτω
828 1173 871 1214 δὲ
898 1172 1089 1227 θατέρου.
1148 1179 1186 1213 3.
1217 1172 1333 1227 Πρὸς
1359 1173 1433 1225 μὲν
1463 1167 1533 1214 οῦν
1561 1171 1711 1225 ταύτην

298 1239 370 1292 τὴν
407 1242 537 1281 αἲτιάν
575 1239 701 1282 οὐθὲν
734 1239 832 1287 ἴσως
869 1240 933 1280 δεῖ
964 1238 1084 1293 λέγειν
1113 1236 1168 1287 ὡς
1195 1240 1283 1280 λίαν
1311 1237 1449 1286 ἁπλῶς
1476 1238 1709 1292 εἰρημένην·

297 1305 343 1346 τό
374 1322 415 1347 τε
441 1306 517 1361 γὰρ
552 1301 635 1347 ἄνὼ
665 1307 730 1347 καὶ
760 1305 869 1347 κάτω
897 1306 1067 1358 νομίζειν
1107 1303 1235 1353 οὕτως
1271 1305 1370 1358 ἔχειν
1399 1303 1500 1346 ὥστε
1525 1303 1581 1357 μὴ
1609 1302 1711 1358 πρὸς

287 1371 368 1425 τὴν
397 1376 468 1426 γῆν
497 1372 626 1428 πάντῃ
655 1372 852 1428 φέρεσθαι
880 1370 931 1412 τὰ
957 1371 1086 1426 βάρος
1116 1370 1256 1424 ἔχοντα
1284 1375 1364 1413 τῶν
1383 1370 1594 1424 σωμάτων,
1628 1368 1710 1411 ἄνω

299 1438 342 1479 δὲ
370 1438 421 1479 τὰ
452 1443 584 1495 κοῦφα
622 1440 688 1480 καὶ
725 1438 771 1480 τὸ
809 1441 914 1493 πῦρ,
953 1436 1118 1491 εὔηθες,
1167 1438 1232 1479 καὶ
1262 1437 1389 1479 ταῦθ’
1426 1434 1604 1491 δρῶντας
1639 1435 1710 1477 τὸν

297 1502 480 1560 ὁρίζοντα
507 1505 582 1558 τὴν
612 1504 870 1558 οἰκουμένην,
912 1503 1011 1558 ὅσην
1039 1501 1153 1558 ἡμεῖς
1180 1503 1316 1556 ἴσμεν,
1356 1504 1490 1559 ἕτερον
1518 1501 1577 1543 ἀεὶ
1603 1501 1710 1556 γινό-

295 1587 416 1622 μενον
437 1571 783 1624 «μεθισταμένων,
842 1568 896 1619 ὡς
943 1569 1066 1624 οὔσης
1115 1573 1262 1626 κυρτῆς
1307 1571 1371 1611 καὶ
1414 1569 1706 1625 σφαιροειδοῦς.

407 1706 506 1744 ΟΑΡ.
519 1707 613 1745 VII.
650 1708 714 1744 De
733 1711 865 1743 terrae
880 1711 1011 1743 autern
1033 1706 1288 1743 concussione
1305 1718 1348 1742 ac
1368 1709 1480 1742 motu
1500 1708 1590 1755 post
1613 1701 1709 1740 haec

298 1771 568 1810 disserendum
594 1779 672 1810 est:
706 1772 924 1810 affectionis
945 1772 1048 1808 enim
1070 1784 1183 1808 causa
1202 1771 1253 1808 ad
1272 1771 1347 1808 hoc
1373 1783 1495 1821 genus
1521 1769 1706 1820 pertinet.

296 1838 398 1875 Tres
409 1851 507 1875 vero
518 1838 735 1875 sententiae
754 1844 792 1875 et
807 1851 829 1874 a
840 1838 965 1875 tribus
975 1837 1023 1874 ad
1037 1836 1113 1875 hoc
1124 1850 1248 1887 usque
1261 1842 1415 1887 tempus
1427 1836 1592 1874 traditae
1602 1841 1706 1873 sunt.

294 1904 399 1941 Nam
427 1905 679 1954 Anaxagoras
703 1903 975 1941 Clazomenius
998 1910 1037 1941 et
1057 1909 1147 1940 ante
1177 1916 1267 1940 eum
1295 1902 1560 1940 Anaximenes
1590 1901 1707 1939 Mile-

292 1970 372 2008 sius
399 1976 439 2008 et
465 1976 552 2021 post
571 1976 785 2019 utrumque
807 1969 1059 2007 Democritus
1079 1969 1270 2007 Abderita
1291 1968 1341 2006 de
1361 1982 1407 2006 eo
1426 1976 1705 2020 exposuerunt.

295 2039 334 2074 2.
365 2037 619 2087 Anaxagoras
641 2037 765 2087 igitur
785 2036 858 2084 ait,
887 2035 1067 2083 aethera,
1105 2035 1172 2084 qui
1194 2048 1347 2072 sursum
1370 2035 1469 2073 ferri
1497 2041 1609 2086 aptus
1639 2041 1706 2083 est,

294 2116 383 2140 cum
409 2103 451 2141 in
476 2110 606 2142 terrae
632 2108 765 2154 partes
787 2102 934 2140 inferas
959 2114 1148 2151 cavasque
1173 2101 1379 2148 inciderit,
1412 2115 1497 2139 eam
1528 2115 1704 2140 movere.

294 2171 465 2220 Superas
493 2170 598 2208 enim
629 2170 679 2206 ob
709 2168 857 2206 imbres
886 2182 968 2206 esse
997 2167 1253 2218 constipatas,
1278 2181 1366 2205 cum
1389 2173 1471 2205 tota
1492 2167 1707 2206 secundum

293 2243 474 2274 naturam
500 2238 665 2287 fungosa
685 2237 758 2281 sit,
788 2234 955 2286 perinde
981 2234 1090 2285 quasi
1114 2234 1233 2271 totius
1261 2233 1451 2284 sphaerae
1471 2247 1563 2285 pars
1585 2235 1706 2272 altera

293 2316 454 2355 supera,
484 2304 608 2341 altera
627 2303 754 2340 infera
778 2303 849 2340 sit:
887 2314 929 2338 ac
955 2290 1097 2351 supera
1107 2329 1125 2365 ,Ι
1153 2301 1195 2338 in
1224 2313 1298 2350 qua
1318 2299 1557 2338 habitamus:
1586 2301 1707 2338 altera

289 2371 427 2407 infera.
487 2374 524 2408 3.
556 2369 636 2407 Sed
658 2375 794 2406 contra
815 2367 916 2405 hanc
933 2380 1108 2415 causam,
1141 2373 1184 2404 ut
1203 2367 1319 2404 nimis
1348 2367 1579 2417 simpliciter
1609 2379 1704 2415 pro-

292 2437 419 2479 latam,
450 2435 549 2473 nihil
569 2436 737 2474 fortasse
758 2435 891 2473 dicere
909 2447 1010 2484 opus
1027 2434 1153 2471 foret:
1181 2433 1345 2471 stultum
1364 2432 1468 2470 enim
1487 2436 1556 2478 est,
1587 2442 1706 2479 supe-

289 2515 379 2539 rum
406 2508 446 2539 et
468 2502 643 2539 inferum
673 2514 754 2538 non
782 2500 838 2539 ita
867 2514 950 2538 esse
980 2500 1226 2547 existimare,
1264 2505 1309 2535 ut
1332 2508 1498 2547 corpora
1526 2494 1704 2545 pondere
1755 2530 1758 2539 ,

288 2568 467 2618 praedita
485 2580 567 2605 non
590 2567 700 2604 omni
719 2580 771 2603 ex
789 2573 901 2617 parte
919 2566 961 2603 in
979 2571 1128 2603 terram
1153 2566 1332 2603 serantur
1342 2591 1354 2612 ‚
1382 2562 1486 2600 levia
1505 2566 1635 2598 autem
1666 2568 1703 2599 et

288 2634 386 2683 iguis
404 2634 446 2670 in
462 2646 672 2683 superum;
702 2632 820 2683 idque
838 2646 927 2670 curn
948 2645 1165 2679 cernamus,
1183 2630 1334 2672 orbem,
1355 2628 1420 2677 qui
1440 2640 1596 2664 omnem
1617 2641 1701 2665 eam

237 2723 244 2730 ι
289 2712 403 2751 quam
432 2699 617 2737 novimus
646 2698 900 2736 habitabilem
921 2698 1126 2743 terminat,
1163 2694 1276 2732 nobis
1304 2694 1434 2730 locum
1466 2693 1702 2731 mutantibus

289 2766 406 2804 alium
437 2777 594 2814 semper
620 2764 730 2811 fier'i,
762 2771 961 2813 tamquam
990 2762 1149 2811 gibbosa
1177 2766 1279 2797 terra
1301 2758 1350 2796 sit
1370 2763 1409 2796 et
1428 2758 1469 2795 in
1489 2759 1700 2797 rotundam
