1774 3198
273 336 366 379 644
578 345 849 387 ADDENDA
877 345 950 384 ΕΤ
980 344 1358 384 CORRIGENDA.

273 458 311 490 P.
322 455 398 491 256.
421 458 446 492 1.
469 457 524 489 20.
549 472 589 479 -
614 454 758 500 Con-ige
782 453 838 498 **)
861 463 925 497 pro
951 451 999 494 ⁴¹).

274 532 290 539 -
310 512 388 546 258.
413 516 485 544 not.
506 507 559 553 †).
583 528 627 535 —
653 510 748 554 Lege
775 510 840 551 111,
867 509 954 542 1323
978 517 1041 551 pro
1064 508 1165 550 xm,
1191 509 1289 542 1323.

273 587 291 594 -
314 567 391 601 259.
413 570 486 599 not.
510 564 555 606 *).
575 583 620 589 —
642 565 756 610 Lege:
785 563 968 598 Caeterum
992 563 1057 596 cfr.
1081 566 1123 596 Il.
1150 559 1187 606 ι’,
1211 565 1291 597 381.

275 643 291 649 -
314 622 390 655 261.
415 622 438 653 Ι.
462 621 517 654 29.
540 635 585 642 -
606 619 709 653 Adde
735 619 772 652 in
792 625 895 653 nota:
923 620 1065 652 Praeter
1089 619 1187 652 locos
1213 619 1251 652 in
1275 617 1530 653 commentariis
1556 619 1677 651 lauda-

360 682 414 709 tos
442 676 505 709 cfr.
529 676 636 707 Schol.
660 677 828 708 Farnesin.
858 675 935 708 Sto
946 675 978 708 h.
997 677 1108 716 Eclog.
1135 675 1238 708 Tom.
1263 676 1311 707 ΙΙ.
1335 687 1368 718 p.
1393 673 1477 708 449:
1516 674 1677 717 Μέγας

361 741 434 771 χει
442 727 536 772 μῶν
557 733 617 763 καὶ
640 731 760 774 μέγα
791 728 934 774 θέρος
965 730 1122 774 γίνεται,
1154 726 1259 772 ἡνίκα
1283 727 1418 764 πάντες
1441 724 1480 762 οἱ
1497 725 1679 771 πλανῆται

361 783 399 820 ἐν
420 782 605 828 χειμερινῷ
628 783 737 828 ζωδίῳ
762 786 955 830 γένωνται,
987 783 1025 818 ἐν
1050 781 1202 827 ὕδροχόῳ
1226 781 1250 827 ἢ
1275 783 1311 819 ἐν
1331 782 1469 827 ι’χθῦσι.
1515 785 1622 829 ,Μέγα
1644 781 1680 817 δὲ
1702 782 1705 789 ’

361 841 488 882 θέρος,
523 834 610 872 ὅταν
632 837 762 874 πάντες
785 841 822 874 ἐν
837 837 991 883 θερινῷ,
1022 839 1058 874 ἐν
1081 837 1194 873 λέοντι
1217 837 1239 882 ’ἦ
1263 841 1432 888 καρκίνῳ.
1475 840 1550 872 Καὶ
1571 837 1638 882 γὰρ
1659 834 1680 870 ὁ

361 892 457 938 ἥλιος
478 891 586 938 μόνος
612 893 650 929 ἒν
672 893 788 929 λέοντι
811 895 878 938 μὲν
901 891 1083 939 γινόμενος
1105 894 1201 928 ποιεῖ
1220 896 1310 940 μέγα
1333 895 1457 939 θέρος,
1481 892 1519 927 ἐν
1543 889 1681 936 αἰγοκέ-

362 962 448 995 ρωτι
470 948 505 984 δὲ
528 947 695 993 χειμῶνα.
728 950 838 984 ἔνθεν
862 953 921 983 καὶ
945 947 1099 984 ἐνιαυτός
1120 944 1318 993 ὠνομάσθη
1341 948 1399 983 διὰ
1422 946 1463 982 τὸ
1488 945 1534 982 εἷς
1556 947 1596 981 ἓν
1621 951 1681 980 καὶ

361 1001 444 1039 aive?
467 1005 586 1049 φέρειν
602 1003 666 1039 τὸν
681 999 796 1049 ἥλιον.
825 1002 896 1038 dno*
921 1002 988 1050 γὰρ
1012 1000 1120 1038 αὐτοῦ
1143 1001 1191 1039 οἷς
1213 1002 1252 1038 τὸ
1277 1000 1364 1038 αὐτὸ
1387 998 1681 1037 ἀποκαθίσταται

363 1057 383 1093 ὅ
408 1057 560 1104 φωοτῆρ.
607 1057 748 1094 Πάντες
770 1060 836 1103 μὲν
860 1056 951 1103 ἡμῖν
976 1057 1068 1095 κατὰ
1091 1057 1242 1105 κορυφὴν
1265 1056 1447 1102 ἱστάμενοι
1475 1055 1512 1091 οἱ
1538 1055 1681 1099 πλανῆ-

363 1127 423 1149 ται
449 1113 588 1149 ποιοῦσι
612 1116 704 1159 μέγα
725 1116 842 1158 θέρος,
869 1111 1105 1159 ἀφιστάμενοι
1132 1113 1167 1149 δὲ
1192 1115 1228 1148 ἐκ
1253 1113 1439 1159 διαμέτρου
1461 1111 1599 1147 ποιοῧσι
1621 1113 1682 1154 μέ-

363 1182 430 1215 γαν
457 1166 625 1211 χειμῶνα.
656 1172 714 1203 καὶ
740 1168 778 1203 ἐν
804 1170 870 1213 μέν
893 1166 942 1211 τῷ
965 1167 1110 1212 χειμῶνι
1134 1168 1381 1203 θαλαττοῦται
1403 1165 1426 1211 ἦ
1452 1169 1613 1211 (Heeren
1640 1163 1681 1210 ἢ)

364 1221 519 1268 ἤπειρος,
543 1222 581 1257 έν
604 1221 639 1258 δὲ
662 1221 711 1266 τῷ
733 1221 875 1267 μεγάλῳ
900 1225 1002 1268 θέρει
1023 1220 1229 1268 ἠπειροῦται
1251 1219 1274 1267 ἦ
1297 1220 1476 1257 θάλασσα.
1510 1222 1683 1266 Phi-lop.

366 1281 409 1313 ad
437 1278 649 1312 Aristot.
678 1280 718 1310 de
740 1289 847 1318 gener.
875 1285 906 1310 et
927 1280 1045 1312 interit.
1067 1279 1124 1320 ΙΙ,
1150 1281 1204 1311 11.
1236 1279 1298 1311 fol.
1326 1281 1388 1317 70,
1410 1290 1448 1312 a:
1477 1273 1683 1321 Ἀπορῆσιιε

364 1329 399 1368 δ’
419 1330 465 1366 ἄν
485 1343 558 1375 τις,
597 1326 642 1366 ὥς
670 1342 775 1374 φησιν
796 1327 1024 1374 Ἀλέξανδρος
1046 1330 1137 1376 πρὸς
1155 1327 1393 1374 Ἀριστοτέλη,
1429 1331 1462 1366 εἰ
1484 1331 1550 1376 γὰρ
1574 1329 1596 1374 ἡ
1618 1326 1682 1374 ὕλη

364 1386 386 1432 ἦ
410 1385 501 1430 αὐτὴ
524 1383 580 1421 ἀεὶ
602 1385 774 1429 διαμένει,
796 1385 865 1423 ἐστὶ
887 1384 923 1421 δὲ
947 1390 1006 1420 καὶ
1027 1384 1066 1420 τὸ
1090 1382 1275 1428 ποιητικὸν
1298 1386 1417 1420 αἴτιον
1440 1385 1479 1420 τὸ
1505 1383 1590 1421 αὐτὰ
1614 1385 1683 1429 «ἰεί,

366 1441 425 1477 διοὶ
449 1445 555 1477 ποίαν
580 1438 698 1475 αἰτίαν
720 1437 795 1484 οὐχὶ
818 1439 908 1476 κατὰ
933 1438 1095 1484 περίοὸόν
1117 1452 1200 1474 τινα
1223 1438 1382 1474 πλείονος
1416 1439 1536 1484 χρόνου
1562 1442 1599 1475 ἐκ
1625 1439 1684 1484 τῆς

368 1495 473 1541 αὐτῆς
495 1493 580 1540 ὕλης
601 1494 645 1529 τὰ
669 1493 760 1529 αὐτοὶ
783 1494 897 1529 πάλιν
923 1492 1001 1530 κατ’
1024 1493 1189 1540 ἀριθμὸν
1219 1492 1284 1528 ὕπὸ
1315 1492 1386 1528 τῶν
1420 1492 1540 1530 αὐτῶν
1570 1493 1683 1530 ἔσται.

369 1548 455 1598 ὅπερ
481 1553 575 1586 τινές
601 1564 687 1594 φασι
709 1548 800 1584 κατὰ
828 1549 892 1593 τὴν
919 1549 1186 1595 παλιγγενεσίαν
1213 1554 1272 1583 καὶ
1299 1549 1363 1583 τὸν
1384 1551 1497 1595 μέγαν
1528 1549 1684 1584 ἐνιαυτὸν

368 1609 580 1651 συμβαίνειν,
605 1606 641 1640 ἐν
656 1601 841 1648 ᾧποὶντων
862 1604 933 1641 τῶν
958 1602 1073 1640 αὐτῶν
1099 1601 1380 1640 ἀποκατάστασις
1402 1609 1544 1651 γίνεται.
1571 1607 1683 1640 Plut-

368 1665 408 1696 de
431 1662 549 1703 desect-
575 1666 699 1695 oracul·
721 1664 776 1694 21.
809 1662 892 1695 Vol.
916 1663 982 1696 IX.
1018 1673 1053 1705 p.
1077 1659 1144 1694 334
1168 1662 1349 1695 Hutten.
1389 1661 1556 1695 Achill.
1591 1663 1684 1697 Tat.

370 1718 405 1751 in
428 1719 454 1751 P
467 1722 583 1752 etav.
611 1721 786 1758 Uranolog.
800 1728 830 1750 c.
846 1719 901 1751 18.
926 1729 961 1761 p.
979 1718 1055 1751 137.
1079 1717 1200 1750 Sext.
1218 1716 1381 1760 Empiri
1391 1728 1423 1750 c.
1441 1720 1517 1751 adv.
1533 1722 1685 1759 astrolog-

368 1774 416 1815 V,
445 1773 520 1806 105.
544 1784 579 1815 p.
601 1772 679 1806 355.
703 1772 881 1807 Firmic.
904 1774 1097 1806 Matern.
1119 1772 1183 1814 ΙΙΙ,
1210 1775 1240 1804 1.
1269 1784 1304 1815 p.
1328 1773 1372 1806 45
1395 1784 1470 1817 sqq.
1495 1774 1550 1807 ed.
1576 1773 1682 1806 Basil.

370 1827 468 1862 1551.
494 1827 689 1870 Syncell.
717 1840 750 1871 p.
770 1829 827 1870 25,
843 1839 874 1862 a.
910 1829 1004 1862 Jac.
1029 1829 1246 1861 Thomas.
1283 1829 1323 1860 de
1341 1830 1452 1862 Stoica
1473 1830 1582 1861 mundi
1603 1841 1684 1861 exu-

370 1886 481 1916 stione.
496 1882 590 1925 Lips.
607 1883 704 1933 1676.
723 1883 835 1916 Diarr.
851 1884 897 1918 V.
921 1885 1032 1917 Petr.
1054 1884 1221 1929 GasseDn
1233 1882 1274 1915 di
1302 1884 1389 1926 Opp.
1413 1885 1551 1918 Tom.1.
1564 1886 1684 1927 p.176.

369 1938 591 1970 Marsham
611 1940 731 1970 Canon.
751 1940 897 1972 Clzronol.
909 1942 1050 1981 Aegypt.
1072 1937 1199 1980 (Lond.
1225 1938 1323 1972 1672.
1350 1937 1402 1981 4.)
1427 1942 1528 1981 p.10.
1555 1940 1683 1982 Seyf-

368 1993 492 2025 sarth
516 1995 651 2034 Sysiem.
675 1996 858 2027 Astronom.
880 1996 1023 2036 Aegypt.
1053 1994 1143 2025 Part.
1166 1993 1194 2029 I.
1219 2004 1252 2035 p.
1274 1991 1319 2026 48
1342 2004 1418 2036 sqq.
1651 1982 1656 1988 ’

283 2069 299 2075 -
323 2048 400 2082 264.
425 2053 498 2080 not.
523 2047 571 2090 *).
595 2067 639 2074 -—
685 2047 757 2082 Cfr.
783 2048 886 2082 etiam
912 2049 1115 2082 Macrob.
1141 2049 1306 2082 Summae.
1332 2048 1378 2090 V.
1410 2049 1452 2081 18
1485 2054 1520 2082 et
1541 2048 1684 2082 omnino

370 2104 503 2136 Marx
538 2104 581 2137 ad
604 2103 775 2147 Ephori
800 2103 924 2144 fragm.
951 2115 984 2146 p.
1010 2105 1074 2136 123
1098 2114 1148 2146 sq.

283 2180 300 2186 -
324 2159 391 2193 268
413 2164 484 2193 not.
508 2157 554 2199 *).
576 2175 621 2181 —-
644 2159 696 2192 Ita
719 2159 821 2192 etiam
845 2159 1036 2192 dubitatum
1060 2164 1112 2192 est
1135 2160 1231 2201 Phys.
1244 2160 1272 2201 I,
1285 2161 1318 2193 9.
1341 2169 1374 2201 p.
1389 2159 1465 2198 192,
1478 2170 1508 2193 a.
1531 2161 1571 2192 de
1594 2164 1683 2192 caelo

370 2216 398 2255 1,
423 2216 454 2248 3.
477 2226 512 2257 p.
537 2216 616 2257 270,
640 2225 671 2247 a.
706 2213 736 2256 I,
762 2217 815 2248 10.
837 2226 871 2257 p.
896 2217 974 2255 279,
998 2215 1031 2248 b.
1065 2216 1105 2247 de
1129 2222 1219 2257 part.
1244 2218 1374 2252 animal,
1400 2217 1429 2257 I,
1456 2215 1487 2250 5.
1511 2227 1545 2258 p.
1565 2213 1643 2258 644,
1662 2216 1684 2247 b

371 2271 489 2314 (quem
511 2270 628 2302 locum
655 2280 757 2312 quum
780 2269 1001 2302 exhibuimus
1025 2281 1058 2312 p.
1082 2270 1148 2303 322
1171 2269 1297 2303 iniuria
1320 2266 1522 2314 ἆγεννῆτους
1545 2270 1682 2313 scripsi-

370 2323 482 2367 mus),
517 2323 576 2357 ubi
599 2324 836 2372 Bekkerus
862 2331 958 2358 recte
981 2325 1142 2368 praetulit
1164 2321 1339 2370 ἀγένητος.

283 2402 300 2407 -
327 2383 403 2414 270.
429 2385 500 2414 not.
521 2377 611 2422 **²⁶).
636 2398 681 2405 —
705 2380 799 2425 Lege
825 2391 859 2423 p.
882 2380 948 2414 255
971 2390 1035 2423 pro
1059 2391 1094 2423 p.
1118 2380 1193 2414 225.

286 2457 299 2462 -
323 2437 400 2470 283.
430 2440 503 2469 not.
525 2434 594 2476 **).
620 2454 666 2461 -
687 2435 778 2468 Dele
801 2445 934 2468 comma
956 2441 1034 2478 post
1057 2432 1223 2481 ἀνάγκης.

282 2511 301 2519 -
323 2491 401 2525 285.
427 2492 451 2523 1.
475 2492 508 2524 8.
535 2507 578 2513 —
603 2490 702 2523 Muta
724 2497 888 2534 punctum
911 2496 989 2534 post
1014 2489 1184 2524 θάλασσα
1211 2490 1249 2524 in
1272 2501 1418 2525 comma.

282 2567 299 2572 -
345 2564 387 2570 -
431 2566 450 2571 -
473 2547 528 2578 31.
552 2564 596 2570 -
630 2547 698 2579 Pro
722 2556 906 2588 quocum
929 2547 1007 2592 lege
1031 2557 1228 2590 quacum.

282 2621 300 2628 -
322 2600 399 2636 295.
421 2605 494 2633 not.
516 2599 582 2642 **).
617 2619 662 2626 —
709 2602 806 2644 Quae
837 2602 1038 2635 coniectura
1060 2602 1090 2636 si
1112 2614 1198 2637 vera
1221 2607 1293 2643 est,
1326 2601 1536 2636 vocabulum
1557 2597 1682 2632 lexicis

367 2656 519 2689 accedat.
565 2654 661 2690 Cave
688 2661 802 2690 autem
824 2656 949 2690 lexicis
971 2657 1101 2691 inferas
1134 2658 1345 2692 vocabulum
1375 2655 1536 2698 παχωνίιι
1569 2653 1616 2696 (i.
1647 2665 1682 2697 q.

367 2707 527 2753 παχῶν),
565 2711 659 2753 quod
683 2712 821 2745 effinxit
842 2713 875 2745 D
889 2723 955 2746 om
977 2713 1151 2747 Martin
1176 2712 1398 2756 (Explicau’on
1418 2712 1459 2743 de
1480 2711 1587 2742 divers
1612 2721 1681 2741 mo-

368 2777 497 2797 numens
513 2767 688 2806 singulius,
715 2769 770 2810 qui
792 2774 846 2800 ont
868 2775 1004 2811 rapport
1024 2769 1046 2800 ὰ
1064 2772 1098 2800 la
1116 2771 1249 2809 religion
1274 2768 1332 2800 des
1353 2769 1426 2808 plue
1449 2767 1578 2798 auc-iens
1600 2777 1680 2808 peu-
1740 2808 1743 2809 ⁷
