1774 3198
258 350 352 395 574
473 357 917 396 COMMENTARIUS
946 358 1004 395 IN
1030 358 1430 398 METEOROLOG.

369 474 406 506 6.
436 467 569 504 Verba
597 463 753 504 ἐναντία
781 465 883 506 κατὰ
910 464 1035 507 τόπον
1063 468 1194 505 omisit
1228 468 1275 505 N.
1305 491 1351 496 —-
1410 469 1505 507 Post
1532 467 1654 510 τόπον

255 542 442 587 punctum
463 533 574 583 ponit
591 534 695 571 Cam.
714 539 753 571 et
770 531 816 571 δέ
836 540 925 584 post
951 535 1133 573 πλεῖστον
1152 534 1311 572 omittit.
1339 555 1395 563 —-
1429 531 1552 584 ἐπέχει
1580 548 1654 585 pro

256 598 386 650 ἀπέχει
402 600 544 650 absque
561 613 676 639 sensu
696 601 740 638 F.
769 598 886 638 Sed‘
869 598 953 638 επί
980 607 1019 639 et
1048 596 1143 638 ἀπό
1172 613 1453 651 saepenumero
1484 601 1655 641 confusa.

257 668 338 705 cfr.
368 666 661 717 Wesseling
687 667 737 704 ad
759 667 966 705 Diodor.
999 668 1156 705 Sicul.
1187 668 1303 705 '.Pom
1325 670 1355 708 Ι
1384 680 1423 718 Ρ
1447 671 1540 707 203.
1562 671 1656 706 721.

255 732 528 772 Markland
555 733 604 770 ad
633 735 807 785 Eurip.
839 735 977 783 Suppl.
999 733 1091 771 644.

364 804 402 837 6.
433 798 495 838 καὶ
524 796 575 838 τὰ
601 797 806 851 πνεύματα
835 792 911 839 ὧδε
939 801 1074 839 addito
1097 798 1165 839 καί
1184 801 1232 838 Η.
1251 801 1303 838 N.
1323 821 1376 829 ——
1405 797 1451 839 τό
1471 805 1560 838 ante
1578 795 1655 837 ἀπὸ

253 868 326 906 τοῦ
346 867 397 904 A.
421 868 606 904 omittunt
626 866 676 905 A.
698 867 804 905 Cam.
837 865 922 919 (qui
939 869 1084 906 mendo
1110 865 1397 918 typographico
1423 879 1519 904 mox
1544 865 1659 904 exhi-

253 934 320 971 bet
337 930 556 984 ἷσομερινή)
579 935 623 971 Ρ.
648 955 701 963 --
743 934 873 972 Ionica
899 935 1027 972 forma
1053 930 1281 985 ἀπηλιώτης
1310 934 1531 988 promiscue
1568 945 1656 970 cum

251 1000 423 1050 legitima
443 996 673 1052 ἄφηλιώτης
688 1000 896 1038 utebantur
917 1001 1048 1041 Attici.
1080 1001 1152 1039 cfr.
1174 999 1424 1038 Harduin.
1451 999 1503 1037 ad
1530 1000 1655 1037 Plin.

254 1067 368 1104 Tom.
380 1069 412 1105 I.
440 1079 478 1116 p.
496 1070 592 1105 271.
622 1067 685 1107 ed.
704 1067 826 1105 Paris.
844 1070 962 1106 1685.
981 1069 1016 1105 4.
1046 1081 1162 1118 quem
1182 1067 1337 1105 laudavi
1355 1065 1569 1104 Meteorol.
1582 1071 1660 1102 vet.

255 1133 327 1170 Gr.
350 1139 389 1169 et
406 1128 524 1169 Rom.
545 1145 585 1183 p.
604 1136 694 1171 118.
715 1139 797 1170 not.
813 1136 850 1171 1.
878 1135 981 1171 Lex.
1006 1135 1178 1184 Seguier.
1209 1147 1254 1184 p.
1266 1131 1358 1181 424,
1375 1134 1451 1171 25:
1482 1126 1660 1182 ἀπηλιώ-

251 1211 323 1249 της
345 1195 385 1235 ἒν
403 1198 460 1250 τῷ
477 1187 531 1243 ἶ,
559 1196 623 1236 καὶ
653 1194 838 1248 ἇντήλιος
866 1197 930 1237 καὶ
958 1196 1088 1238 πάντα
1116 1196 1166 1238 τὰ
1196 1195 1316 1249 ὅμοια
1344 1199 1488 1248 ψιλῶς.
1542 1195 1607 1235 καὶ
1634 1191 1659 1247 ἦ

172 1258 177 1263 “
251 1262 388 1314 ἓπηλίς
415 1261 497 1301 ἐστι
525 1261 635 1315 παρὰ
661 1262 933 1317 Ποσειδίππῳ.
1002 1264 1119 1302 Adde
1158 1264 1386 1302 Eustath.
1424 1264 1473 1302 ad
1516 1264 1656 1301 Hom.

256 1331 399 1379 Odys-9.
422 1325 475 1377 ζ’.
499 1343 539 1379 p.
559 1332 650 1376 263,
675 1332 697 1367 5
734 1333 822 1368 Bas.
853 1344 971 1381 quem
998 1331 1132 1369 laudat
1161 1331 1297 1369 Bake
1324 1330 1374 1368 ad
1403 1328 1656 1368 Cleomed.

251 1397 487 1445 Meteor.II‚
510 1400 547 1434 6.
565 1410 601 1447 Ρ.
619 1396 714 1435 475.
744 1397 818 1434 cfr.
840 1396 1084 1435 Schaefer
1112 1396 1163 1434 ad
1191 1397 1399 1446 Gregor.
1432 1392 1656 1434 Corinth.

251 1477 293 1514 p.
317 1466 412 1501 399.
439 1462 642 1501 Lobeck
669 1463 720 1501 ad
749 1462 898 1514 Soph.
926 1463 1049 1501 Atiae.
1072 1466 1167 1503 803.
1205 1461 1494 1501 Biomfield.
1528 1462 1658 1499 Gloss.

251 1529 300 1568 ad
319 1528 499 1567 Aesch.
521 1529 770 1579 Agamemn.
791 1532 885 1568 502.
919 1543 956 1580 p.
984 1533 1075 1567 203.
1132 1528 1211 1566 Sed
1237 1529 1368 1566 nescio
1392 1541 1442 1566 an
1467 1528 1510 1566 in
1531 1526 1592 1565 his
1620 1533 1660 1564 et

251 1596 441 1634 similibus
464 1595 668 1633 obliterata
686 1595 736 1634 sit
754 1593 939 1647 aspiratio
959 1601 1124 1646 propter
1139 1595 1318 1643 eandem,
1349 1583 1495 1644 quae—‘17-
1507 1594 1660 1632 litterae

252 1668 292 1700 et
311 1662 466 1712 spiritui
485 1675 625 1712 aspero
649 1662 751 1700 inter
771 1663 920 1700 litteras
946 1663 1077 1699 locum
1097 1660 1244 1699 habere
1262 1661 1377 1699 solito
1405 1658 1512 1711 (vid.
1543 1660 1569 1697 S
1582 1660 1659 1698 al-

250 1742 359 1767 mas.
381 1729 430 1766 de
452 1728 670 1767 Hellenist.
695 1742 734 1779 p.
747 1727 818 1779 70)
840 1728 1097 1775 tribuebatur,
1128 1729 1296 1766 formam
1320 1728 1391 1766 cfr.
1412 1726 1656 1764 Priscian.

250 1798 281 1835 I.
311 1809 350 1846 p.
373 1795 466 1836 542.
517 1795 927 1834 Man-victorin.
960 1808 1000 1845 p.
1025 1794 1144 1833 2459.
1170 1794 1291 1834 2469.
1349 1792 1656 1840 Villoisson.

250 1860 450 1898 Anecdot.
473 1872 618 1910 graec.
650 1862 700 1900 II.
730 1874 772 1911 p.
798 1863 890 1900 161.
947 1860 1154 1899 Bekker
1184 1859 1466 1909 Anecdot.gr.
1487 1871 1527 1909 p.
1547 1854 1657 1907 780).

249 1927 391 1965 Facilis
423 1926 527 1962 enim
553 1926 683 1977 lapsus
709 1932 794 1964 erat
819 1939 841 1964 a
871 1926 1000 1964 forma
1025 1924 1116 1963 AN
1118 1921 1394 1963 THHAIOG
1420 1923 1469 1961 ad
1494 1924 1657 1961 alteram

249 1989 581 2031 ANTHAIOG.
612 1980 665 2020 4-
703 1990 772 2030 καί
794 1998 886 2030 ante
916 1988 1138 2044 ἀπαρκτίας
1168 1990 1356 2028 omittunt
1380 1991 1427 2027 E.
1458 1989 1511 2027 H.
1539 1989 1591 2027 N.
1620 1994 1658 2026 et

248 2060 376 2110 prima
395 2071 513 2096 manu
530 2060 576 2098 F.
596 2077 647 2085 —-
689 2060 754 2097 De
781 2071 833 2097 τε
860 2054 955 2113 γάρ
985 2056 1335 2096 cfr.'Schaefer
1362 2054 1411 2093 ad
1439 2056 1656 2104 Di‘onys.

248 2126 368 2163 Hali
382 2137 502 2162 carn
513 2138 559 2163 as
570 2138 600 2162 s.
624 2124 672 2162 de
694 2138 869 2174 compos·
887 2124 1114 2175 verbor.‘p.
1132 2123 1212 2163 409
1231 2135 1286 2173 sq.

359 2194 399 2231 7.
436 2188 483 2229 δέ
503 2190 550 2228 ab
570 2191 683 2229 initio
714 2191 824 2228 deest
853 2192 895 2228 in
922 2191 1055 2229 codice
1083 2192 1130 2229 F.
1159 2212 1209 2218 --
1241 2184 1340 2238 αὕτη
1366 2186 1510 2225 omittit
1533 2187 1580 2224 E.
1605 2205 1657 2213 —

249 2255 425 2302 ἐναντίος
452 2254 544 2308 γὰρ
576 2254 649 2307 οὐχ
676 2256 727 2295 Α.
752 2258 793 2294 Ρ.
815 2258 856 2294 S.
885 2257 971 2294 Cas.
1002 2258 1112 2297 Cam.
1145 2255 1208 2306 qui
1237 2261 1281 2292 et
1307 2250 1482 2292 ἐναντίον
1513 2264 1587 2302 pro
1616 2247 1656 2287 ε’-

249 2322 406 2368 ναντίος
438 2322 609 2361 exhibet.
668 2323 794 2361 Iidem
818 2329 857 2361 et
879 2324 996 2374 paulo
1023 2328 1112 2373 post
1139 2335 1228 2360 cum
1259 2317 1555 2359 Alexandro
1581 2316 1652 2354 fol.

252 2393 328 2428 105
349 2387 477 2442 (104),
492 2402 532 2427 aa
562 2385 741 2435 ἐναντίος
769 2384 860 2440 γὰρ
890 2386 1020 2442 τούτῳ
1049 2402 1123 2440 pro
1153 2385 1328 2432 ἐναντίος
1357 2383 1409 2424 δὲ
1436 2380 1577 2436 τούτῳ.
1599 2402 1655 2414 --

247 2456 474 2494 Articulum
494 2461 585 2493 ante
607 2451 687 2494 ἆπὸ
709 2457 782 2494 τοῦ
801 2454 841 2494 Γ
855 2456 1001 2493 omittit
1017 2457 1060 2494 F.
1081 2455 1122 2493 in
1143 2467 1241 2504 qun,
1268 2452 1380 2491 sicuti
1406 2452 1520 2489 etiam
1537 2448 1578 2485 in
1600 2449 1652 2486 H.

249 2528 289 2560 et
309 2523 360 2560 N.
382 2522 492 2560 deest
508 2535 604 2560 mox
622 2525 714 2560 πνεΐ
727 2528 817 2573 post
845 2520 1000 2572 δυσμῆς
1023 2519 1260 2572 χειμερινῆς.
1288 2540 1342 2547 -
1370 2520 1490 2556 κεῖται
1511 2514 1656 2552 omittit

247 2589 293 2627 F.
312 2594 359 2626 ut
378 2591 412 2638 §.
427 2591 465 2627 6.
485 2608 539 2615 -—
569 2584 646 2626 ἀπὸ
669 2586 712 2627 δὲ
729 2589 802 2627 τοῦ
825 2586 889 2635 Δ,
922 2588 1044 2626 eiecto
1064 2586 1229 2624 articulo
1253 2587 1298 2623 F.
1315 2584 1363 2622 H.
1385 2582 1434 2621 N.
1459 2603 1512 2610 -—
1541 2574 1655 2632 εὗρό-

247 2666 358 2692 νοτοι
385 2651 588 2693 πνέουσιν·
619 2649 724 2693 οὕτω
742 2649 818 2706 γὰρ
846 2651 1036 2706 λέγονται.
1065 2655 1115 2694 F.
1171 2650 1292 2702 Apud
1316 2647 1544 2701 posterioris
1566 2646 1655 2685 nevi

249 2719 460 2769 scriptores
484 2717 698 2772 εὐρόνοτος
723 2728 780 2759 est
797 2721 850 2766 is,
881 2721 949 2771 qui
970 2735 991 2757 e
1010 2725 1154 2770 puncto
1175 2716 1233 2756 M
1249 2716 1392 2768 spirat,
1415 2727 1438 2751 a
1457 2726 1534 2763 quo
1561 2712 1653 2750 nul·

248 2784 455 2841 lum-flare
487 2792 648 2825 ventum
676 2787 879 2825 contendit
903 2786 1137 2825 Aristoteles
1167 2784 1198 2834 §.
1225 2786 1262 2822 9.
1310 2781 1382 2820 cfr.
1412 2778 1652 2819 Favorin.
