1774 3198
392 409 612 456 LIBRUM
641 407 968 449 SECUNDUM.
1030 407 1146 445 CAP.
1168 408 1236 447 ΠΙ.
1438 397 1532 441 533

96 525 239 565 teor-ol.
262 533 342 564 vet.
366 526 439 566 Gr.
458 532 505 563 et*
515 525 634 562 Rom.
652 525 684 572 I,
702 514 740 561 2.
767 536 808 574 p.
835 526 903 560 23.
932 540 985 549 —
1027 518 1243 559 Caeterum
1264 519 1373 571 quod
1395 519 1470 559 hac
1490 520 1534 559 in

94 608 142 633 re
163 590 295 646 βάρος
316 599 357 631 et
377 589 508 643 πάχος
528 590 735 644 distinguit
755 589 1104 638 Aristoteles,
1137 587 1441 627 demonstrat-ei
1458 601 1533 627 no-

95 662 291 700 tissimum
310 660 412 699 illud
430 656 994 713 theoremaphydrostaticum,
1019 656 1128 708 quod
1150 654 1306 708 primus
1337 655 1535 695 detexisse

94 730 226 767 fertur
254 723 624 774 Archimedes,‘
651 726 832 765 non'dum
849 725 1083 775 innotuisse,
1107 724 1181 763 etsi
1198 737 1281 763 non
1297 724 1441 776 procul
1463 723 1536 762 ab—

95 797 195 844 fuit,
236 811 328 835 cum
358 796 409 835 de
437 796 554 834 caelo
579 797 661 844 IV,
691 795 717 833 4
758 795 886 833 dicat:
928 791 1140 844 συμβαίνει
1170 789 1214 831 δὲ
1241 787 1298 843 μὴ
1328 791 1536 842 πανταχοῦ

96 861 227 903 ταῦτὰ
265 860 398 917 βαρέα
436 862 567 903 δοκεΐν
604 858 702 902 εἶναι
742 861 809 902 καὶ
838 862 1000 915 κοῦφα,
1051 856 1119 899 διὰ
1148 855 1224 912 τὴν
1250 860 1334 899 τῶν
1361 854 1536 913 πρώτων

96 928 315 985 διαφοράν.
351 929 479 985 Λέγω
508 929 553 970 δὲ
583 925 668 970 οἷον
697 929 738 971 ἓν
768 928 844 982 μὲν
874 926 961 982 ἀέρι
989 924 1217 981 βαρύτερον
1245 923 1356 966 ἔσται
1384 927 1536 966 ταλαν-

94 1003 226 1039 τιαΐον
255 997 374 1047 ξύλον
404 996 618 1050 μολύβδου
648 999 811 1050 μνα“ι’·ου,
842 996 884 1037 ἒν
914 994 959 1036 δὲ
986 993 1107 1036 ὕδατι
1135 992 1398 1049 κουφότερον.
1448 994 1533 1034 Cfr.

95 1068 294 1118 imprimis
311 1066 447 1106 locuin
479 1066 726 1106 Rhemnii
754 1065 943 1106 Fannii
971 1066 1021 1103 de
1038 1062 1258 1115 ponderib.
1280 1077 1316 1101 c.
1337 1062 1384 1109 4,
1415 1075 1536 1113 quem

96 1135 308 1187 adscripsit
337 1133 701 1174 Schneiderus
728 1134 876 1185 Eclog.
896 1132 1021 1183 phys.
1050 1145 1091 1183 p.
1117 1134 1220 1179 277,
1249 1130 1536 1168 commentario

94 1203 314 1242 illustravit
355 1200 458 1242 Klii
470 1203 551 1254 gel
596 1202 638 1240 in
675 1199 1004 1242 Wernsdorf
1047 1197 1165 1237 Poe't.
1218 1198 1345 1237 latin.
1388 1198 1536 1235 minor.

22 1323 27 1325 η
98 1272 217 1309 Tum.
236 1271 290 1308 V.
321 1269 429 1309 Part.
449 1272 478 1310 I.
506 1283 548 1321 p.
569 1270 650 1308 510
672 1281 756 1320 sqq.

210 1339 276 1377 37.
303 1324 391 1390 ’γάρ
420 1337 468 1375 ab
490 1337 605 1375 initio
629 1337 777 1375 omittit
798 1337 846 1375 E.
868 1356 924 1362 —-
951 1329 1086 1385 ὀλίγον
1106 1345 1182 1383 pro
1204 1329 1342 1385 ὀλίγου
1358 1334 1405 1372 F.
1426 1332 1536 1371 Cam.

95 1406 140 1444 P.
160 1405 200 1444 S.
220 1405 309 1444 Cas.
342 1405 412 1457 qui
431 1406 586 1444 mavult
606 1411 738 1443 tamen
758 1399 908 1455 ὀλίγου,
929 1402 986 1439 ita
1008 1407 1055 1439 ut
1074 1399 1156 1439 δεῖν
1178 1401 1433 1452 suppleatur,
1461 1412 1539 1451 po-

95 1472 239 1511 sterius
267 1473 429 1524 quidem
451 1486 676 1525 perperam.
705 1494 760 1500 -
788 1466 1055 1524 γεμιζομένων
1074 1468 1156 1507 τῶν
1176 1466 1330 1508 πλοίων
1347 1467 1541 1519 praebent

97 1540 147 1581 E.
168 1540 284 1579 Alex.
306 1540 357 1578 A.
381 1541 497 1580 Cam.
520 1542 569 1579 P.
593 1528 639 1579 S'
655 1540 746 1578 Cas.
770 1539 902 1591 quiin
922 1536 1100 1587 margine
1121 1534 1304 1573 adnotat:
1333 1531 1540 1587 γεμιζομέ-

97 1622 179 1650 νων
207 1607 360 1647 πλοίων
389 1622 421 1647 ε.
442 1609 536 1647 τῶν.
568 1609 709 1645 Luem
737 1613 799 1644 est
828 1610 1055 1655 suspectus.
1124 1601 1275 1640 Probat
1312 1600 1543 1640 Schnei-

99 1676 258 1714 derus
297 1676 441 1727 Eclog.
465 1675 589 1726 phys.
614 1675 702 1720 IX,
734 1676 774 1711 8.
799 1693 855 1700 -
913 1671 1045 1709 Aliam
1078 1670 1388 1721 explicationem
1414 1669 1542 1721 phae-

99 1742 263 1781 nomeni
295 1742 407 1781 dedit
433 1742 760 1781 Aristoteles
792 1738 994 1778 Problem.
1018 1736 1189 1787 XXIII,
1225 1741 1272 1776 3:
1307 1734 1395 1777 Διὰ
1421 1736 1466 1776 τί
1489 1734 1541 1776 τὰ

99 1812 222 1850 πλοῖα
251 1807 382 1863 γέμειν
410 1808 524 1848 δοκεῖ’
546 1810 704 1860 μᾶλλον
729 1805 772 1847 ἓν
800 1808 858 1862 τῷ
889 1803 1016 1857 λιμένι
1043 1802 1069 1857 ἢ
1099 1803 1142 1844 ἐν
1171 1806 1230 1860 τῷ
1256 1801 1437 1858 πελάγει·
1475 1802 1543 1844 καὶ

100 1880 176 1918 aa*
201 1875 245 1917 δὲ
274 1879 431 1917 θᾶττον
462 1875 506 1915 ἐκ
534 1878 610 1916 τοῦ
639 1871 836 1928 πελάγους
864 1871 968 1928 πρὸς
996 1870 1072 1925 τὴν
1100 1874 1195 1925 γῆν,
1224 1869 1251 1924 ἢ
1277 1869 1357 1911 ἀπὸ
1385 1873 1457 1925 γῆς
1487 1870 1544 1918 εἷς

101 1942 148 1985 τὸ
182 1942 380 1998 πέλαγος,·
410 1940 436 1996 ἢ
469 1940 530 1984 ὅτι
558 1940 606 1983 τό
635 1941 757 1983 πλέον
781 1939 895 1996 ὕδωρ
925 1938 1138 1994 ἀντερείδει
1167 1939 1327 1991 μᾶλλον
1354 1941 1429 1979 τοῦ
1458 1937 1545 1979 ὀλί-

101 2027 201 2066 γους
243 2010 285 2052 ἒν
316 2010 361 2051 δὲ
390 2013 448 2066 τῷ
482 2008 603 2065 ὀλίγῳ
632 1999 795 2058 δέδυκε,
839 2007 907 2049 διὰ
935 2004 983 2049 τό
1015 2010 1175 2060 κρατεῖν
1205 2004 1333 2047 αὐτοῦ
1360 2008 1544 2059 μᾶλλον,-

104 2078 212 2121 ὠθεῖ
236 2077 313 2134 γὰρ
342 2076 452 2119 κάτω
481 2075 528 2118 τὸ
554 2075 666 2132 ὕδωρ
698 2075 876 2118 ἄνωθεν.
903 2074 945 2116 ἒν
972 2074 1049 2128 μὲν
1078 2068 1150 2115 οἷαν
1177 2077 1236 2129 τῷ
1254 2072 1401 2126 λιμένι,
1430 2071 1543 2127 ὀλίγη

104 2146 212 2187 ἐστὶν
240 2143 265 2198 ἦ
296 2142 512 2194 θάλασσα,
552 2144 594 2185 ἒν
627 2144 672 2185 δὲ
699 2147 758 2200 τῷ
787 2141 946 2196 πελάγει
974 2145 1140 2195 βαθεῖα.
1193 2139 1296 2182 ὥστε
1332 2140 1400 2190 ’καὶ
1437 2138 1546 2193 ὀίγειν

104 2212 227 2253 πλέον
258 2212 362 2260 δόξει
392 2212 434 2253 ἓν
462 2215 520 2268 τῷ
548 2211 677 2264 λιμένι
715 2211 782 2251 καὶ
811 2208 1012 2262 κινήσεται
1048 2206 1355 2262 χᾳλεπώτερον,
1407 2205 1474 2247 διὰ
1497 2205 1544 2248 τὸ

107 2278 312 2321 δεδοκέναι
341 2282 518 2331 μᾶλλον,
549 2278 615 2318 καὶ
644 2270 770 2330 ἧττον
798 2275 1038 2330 ἀντερείδειν
1066 2274 1114 2316 τὸ
1143 2273 1280 2329 ὕδωρ·
1317 2273 1359 2314 ἓν
1386 2276 1445 2331 τῷ
1476 2289 1547 2315 πε-

109 2347 218 2402 λάγει
247 2347 292 2386 δὲ
329 2344 546 2387 τοῦναντιά
573 2342 730 2385 τούτων
757 2343 878 2384 ἐστίν.

225 2418 291 2455 38.
335 2411 381 2454 τὸ
414 2410 640 2466 παχύτερον
670 2409 768 2452 εἶναι
796 2410 936 2452 addito
956 2412 1126 2450 articulo
1146 2412 1193 2449 E.
1216 2412 1265 2449 F.
1289 2410 1404 2448 Alex.
1436 2409 1549 2450 Cam.

109 2486 159 2523 P.
180 2485 222 2522 S.
246 2483 334 2521 Cas.
392 2483 487 2520 Duo
507 2481 665 2519 codices
692 2481 751 2518 illi
780 2480 972 2518 omittunt
992 2480 1112 2517 etiam
1135 2491 1258 2523 τινος.
1287 2499 1342 2505 --
1370 2477 1455 2515 Alii
1474 2478 1549 2517 alia

54 2556 61 2560 ‘
111 2553 196 2590 eius
232 2550 343 2588 modi
381 2549 658 2600 experimenta
696 2547 1092 2586 commendaverunt.
1157 2547 1218 2584 Ita
1256 2545 1550 2584 Columella

104 2619 163 2677 <le
181 2633 225 2657 re
243 2619 389 2656 rustic.
409 2617 518 2665 XII,
540 2619 562 2653 6
575 2643 587 2663 ,
608 2619 653 2653 2:
684 2617 762 2653 Est
782 2622 822 2652 et
841 2614 959 2652 aliud
983 2615 1147 2652 muriae
1168 2619 1364 2650 maturae
1386 2614 1550 2662 experi-

115 2693 306 2725 mentum.
363 2685 481 2722 Nam
500 2681 571 2721 uhi
593 2684 754 2721 dulcem
773 2695 942 2720 caseum
960 2681 1178 2719 demiseris
1201 2681 1248 2717 in
1266 2693 1369 2726 eum,
1399 2680 1439 2716 si
1453 2690 1550 2728 pes-

114 2767 199 2790 sum
226 2751 326 2798 ibit,
355 2753 461 2789 scies
491 2765 576 2788 esse
608 2749 748 2787 adhuc
776 2747 974 2788 eraclam:
1004 2750 1042 2786 εἰ
1059 2746 1296 2795 innatabit,
1326 2754 1550 2784 maturam·

115 2819 232 2859 Idem
259 2819 580 2870 experimentum
602 2816 726 2855 habet
755 2816 883 2854 Cato
912 2830 945 2855 c.
970 2819 1037 2856 88.
1095 2814 1263 2854 Ovum
1292 2813 1408 2852 sicuti
1437 2812 1547 2851 Ari-

119 2887 338 2925 stoteles
364 2887 550 2925 iniiciunt
568 2886 790 2924 Galenus
812 2885 861 2922 de
882 2885 1015 2935 simpl.
1037 2882 1182 2922 medie.
1196 2881 1353 2936 facult.
1370 2880 1460 2920 libr.
1475 2881 1550 2920 IV.
