1774 3198
406 349 628 390 LIBRUM
657 343 988 386 SECUNDUM.
1047 339 1164 381 CAP.
1183 340 1296 381 VIII.
1468 330 1563 375 607

133 463 458 517 l'atmosphAEre.
491 464 612 502 Tom.
633 460 709 501 ΙΙΙ.
736 471 778 510 p.
797 457 892 498 248.
922 456 956 506 §.
978 459 1073 497 690.
1101 454 1278 494 Journal
1296 454 1346 492 de
1361 453 1567 506 Phys-ique

134 538 252 575 Tom.
278 535 382 575 XX.
411 546 452 585 p.
472 534 564 570 119.
594 551 649 556 —
673 521 1020 580 ἀναφυσσώμενον
1049 525 1160 564 Cam.
1182 547 1233 553 —
1261 517 1473 576 ὑπέρχεται
1491 535 1567 575 pro

135 599 363 657 ἷνπερχεΐται
393 599 444 638 Ε.
466 600 520 638 H.
539 598 591 637 N.
620 596 667 635 A.

249 686 316 721 22.
345 683 410 720 De
432 681 544 719 fusco
564 677 699 715 colore
721 675 814 714 solis
842 673 1007 725 caligine
1034 670 1208 711 obducti.
1235 670 1278 708 in
1297 675 1430 709 terrae
1448 670 1570 709 moti-

135 751 210 789 bus
240 750 313 788 cfr.
347 747 525 787 Ideler
562 745 695 784 Ueb‘er
721 734 801 782 den
827 744 1043 794 Ursprung
1073 740 1146 778 der
1168 737 1458 790 Fenerkugeln
1485 738 1574 776 und

138 818 206 855 des
216 794 463 856 Nordlichts
482 813 635 867 (Berlin
657 816 777 852 1832.
801 807 860 864 8.)
879 825 920 863 p.
933 811 999 850 68.
1020 823 1063 850 v.
1080 806 1371 848 Humboldt
1403 807 1572 858 Voyage

139 899 226 923 aux
245 886 330 935 re'g.
352 885 546 936 e'quinox.
576 884 695 921 Tom.
714 882 787 921 IV.
818 893 860 932 p.
886 882 938 918 17
959 891 1016 931 sq.
1038 900 1095 907 —-
1125 874 1233 916 ἐστὶν
1251 872 1382 921 αἰτίας
1408 874 1572 914 inverso

138 951 281 992 ordine
309 952 354 991 F.
370 952 425 990 H.
445 952 496 990 N.

211 1083 213 1085 ι
251 1034 319 1070 23.
350 1026 629 1083 ἀμαυρότερον
659 1041 734 1080 pro
754 1022 941 1079 ἀμαυρόν
962 1027 1015 1066 Η.
1039 1026 1094 1065 Ν.
1118 1047 1169 1051 -
1200 1019 1299 1064 εἶναι
1327 1029 1421 1077 post
1450 1019 1572 1076 ἀναγ-

140 1103 255 1140 καῖον
282 1100 432 1138 omittit
448 1100 496 1138 E.
519 1119 575 1125 —-
601 1091 836 1135 ὑπονοστεῖν
859 1094 1061 1147 dependet
1085 1094 1133 1133 ab
1153 1089 1393 1146 ἀρχομένου.

253 1190 322 1230 24.
353 1184 541 1242 καθάπερ
567 1184 722 1240 εἴρηται
741 1184 807 1225 καὶ
827 1181 1026 1238 πρότερον
1055 1190 1206 1236 spectat
1223 1183 1274 1221 ad
1293 1183 1346 1234 Π,
1363 1186 1400 1229 8,
1415 1185 1460 1220 6:
1489 1195 1572 1220 non

139 1259 198 1298 uti
227 1259 356 1298 voluit
389 1257 478 1296 Cas.
517 1254 569 1294 ad
598 1256 660 1304 II,
692 1257 738 1301 5,
769 1257 808 1292 3.
856 1251 924 1292 καὶ
953 1258 1044 1291 ante
1073 1248 1273 1306 πρότερον
1305 1251 1496 1290 omittunt
1524 1254 1572 1290 F.

139 1328 194 1366 H.
215 1325 270 1366 N.
289 1347 346 1353 —
374 1319 546 1378 ἀθρόως
572 1336 648 1375 pro
677 1316 836 1375 ἀθρόον
861 1322 917 1360 Ν.

250 1406 319 1444 25.
348 1400 570 1456 τρέπεσθαι
600 1415 676 1453 pro
706 1397 1018 1454 περιτρέπεσθαι
1047 1399 1212 1438 exhibet
1229 1400 1274 1438 E.
1306 1398 1375 1449 qui
1394 1411 1491 1436 mox
1508 1411 1576 1436 ar-

138 1472 307 1512 ticulum
326 1478 416 1510 ante
436 1473 555 1510 κινεΐν
574 1469 734 1507 omittit.
750 1490 806 1496 —
835 1469 990 1519 πολλῆς
1010 1464 1109 1507 ὄντα
1138 1465 1204 1506 καὶ
1230 1466 1396 1519 ψυχρᾶς
1422 1471 1577 1504 mutato

141 1541 286 1580 ordine
304 1540 525 1579 verborum
541 1539 590 1576 F.
614 1528 723 1576 ’ὄντα
743 1536 895 1587 πολλῆς
923 1533 988 1574 καὶ
1008 1537 1174 1587 ψυχρᾶς
1203 1535 1260 1575 Η.
1280 1534 1335 1572 Ν.
1354 1555 1411 1561 -
1440 1529 1576 1588 ὥσπερ

143 1605 194 1659 δὴ
224 1604 272 1647 τὸ
302 1608 473 1658 πνεῦμα,
503 1605 638 1643 addito
669 1600 719 1655 δή
743 1606 788 1643 F.
810 1603 922 1642 Cam.
954 1604 1021 1654 qui
1042 1603 1189 1642 deinde
1209 1609 1254 1642 ut
1275 1602 1379 1653 §21
1411 1601 1578 1640 exhibet

144 1671 424 1728 φυσσώμενον.
446 1693 502 1702 -
529 1672 760 1712 Articulum
780 1677 872 1710 ante
892 1668 959 1710 διὰ
977 1672 1049 1710 τοῦ
1080 1667 1284 1723 στόματος
1312 1669 1503 1708 omittunt
1529 1670 1576 1709 Ε.

143 1745 190 1783 F.
209 1742 263 1782 H.
282 1742 335 1782 N.
363 1741 558 1794 praebent
586 1739 780 1779 editiones
809 1752 959 1777 omnes.

258 1824 327 1860 26.
366 1823 430 1860 De
455 1834 502 1859 re
532 1820 605 1859 cfr.
631 1818 838 1858 Problem.
855 1820 1069 1867 XXXIV,
1089 1822 1130 1858 7.
1160 1832 1202 1870 p.
1228 1815 1330 1867 964,
1352 1831 1397 1855 a:
1424 1813 1510 1857 Διά
1538 1815 1581 1855 τί

145 1886 189 1928 ἐκ
216 1889 292 1928 τοῦ
321 1884 525 1939 πόματος
564 1885 630 1926 καὶ
667 1882 826 1940 θερμὸν
864 1885 930 1926 καὶ
964 1882 1128 1939 ψυχρὸν
1163 1882 1374 1924 πνέουσιν·
1417 1887 1578 1938 φυσῶσι

144 1953 220 2008 μὲν
247 1952 324 2009 γὰρ
353 1951 526 2008 ψυχρόν,
556 1950 722 2004 ἀάζουσι
753 1952 798 1994 δὲ
813 1951 995 2008 θερμόν·
1037 1957 1203 2006 σημεῖον
1233 1951 1278 1992 δὲ
1310 1949 1373 1992 ὅτι
1399 1952 1604 2006 θερμαί--

144 2038 214 2074 νει,
245 2020 316 2063 ἐὰν
342 2021 512 2075 πλησίον
543 2019 727 2077 προσόηιῃ
755 2037 818 2070 τις
845 2020 918 2075 τὴν
943 2026 1060 2075 χεῖρα
1088 2023 1162 2061 τοῦ
1195 2017 1413 2073 στόματος.
1452 2018 1580 2073 ἢάμ-

145 2089 329 2145 φοτέρως
358 2086 378 2130 ὃ
399 2088 478 2145 ἀὴρ
508 2087 740 2141 κινούμενος
765 2087 946 2145 ψυχρός·
978 2085 998 2130 ὃ
1023 2088 1076 2129 δὲ·
1095 2091 1238 2143 φυσῶν
1265 2093 1367 2128 κινεΐ
1389 2085 1460 2128 τὸν
1479 2086 1578 2139 ἀέρα

147 2155 220 2198 οὐκ
249 2155 441 2212 ἀθρόως,
484 2155 589 2198 ἀλλὰ
619 2155 687 2197 διὰ
715 2160 856 2198 στενοῦ
886 2159 960 2197 τοῦ
990 2154 1207 2207 στόματος.
1246 2177 1304 2185 -—
1343 2153 1476 2208 ὀλίγον
1506 2149 1579 2196 οὖν

148 2222 323 2265 ἐκπνέων
350 2222 477 2264 πολὺν
505 2230 606 2265 κινεῖ
627 2222 700 2265 τὸν
727 2221 944 2276 θύραθεν,
985 2223 1026 2263 ἓν
1055 2216 1088 2279 ᾧ
1119 2220 1166 2263 τὸ
1194 2220 1355 2277 θερμὸν
1384 2219 1429 2263 ὃν
1459 2221 1506 2263 τὸ
1536 2223 1580 2264 ἐκ

147 2293 222 2332 τοῦ
251 2289 454 2343 στόματος
483 2289 530 2332 οὗ
562 2291 746 2347 φαίνεται
776 2289 831 2331 (δι’
855 2288 1080 2345 ὀλιγότητα.
1115 2286 1136 2330 ὃ
1169 2289 1213 2331 δὲ
1243 2288 1379 2341 ἀάζων
1409 2288 1580 2346 ἀθρόων

149 2356 295 2399 ἔκπνεῖ.
335 2357 397 2398 διὸ
429 2356 601 2413 θερμόν.
641 2357 724 2400 ἔστι
751 2356 829 2413 γὰρ
859 2360 1080 2414 φυσασμοῦ
1107 2361 1167 2414 τῷ
1197 2357 1400 2414 διαφέρειν
1428 2361 1479 2414 τῇ
1508 2374 1582 2400 συ-

150 2427 332 2480 στροφῇ·
359 2421 380 2466 ὅ
402 2424 446 2466 δὲ
470 2424 629 2478 ἀασμὸς
650 2423 812 2481 ἀθρόου
832 2424 1048 2475 ἕκπνευσις.
1077 2427 1196 2466 Adde
1217 2429 1357 2466 Alex.
1379 2429 1418 2467 Α
1427 2427 1583 2479 phro-

150 2494 364 2534 disiens.
395 2495 602 2535 Problem.
624 2498 667 2546 I,
690 2497 755 2534 65.
787 2510 828 2548 p.
853 2500 919 2546 10,
941 2497 986 2535 b:
1025 2492 1091 2535 διὰ
1123 2493 1165 2534 τί
1192 2496 1401 2548 φυσῶντες
1427 2492 1480 2534 τὰ
1505 2493 1581 2547 μὲν

149 2557 289 2615 θερμοὶ
315 2559 519 2613 ψύχομεν,
548 2559 600 2602 τὰ
628 2560 672 2602 δὲ
699 2560 840 2616 ψυχρὰ
870 2562 1166 2616 θερμαίνομεν·
1195 2563 1254 2618 τῷ
1271 2559 1344 2614 τὴν
1376 2559 1582 2603 ἇναπνοὶν

149 2626 311 2682 θερμὴν
344 2625 455 2669 εἶναι.
506 2629 571 2670 καὶ
600 2626 646 2670 τὸ
676 2628 781 2678 ἐξιὸν
817 2633 974 2683 πνεϊτμα
1011 2630 1221 2685 διαφορεῖν
1248 2627 1331 2682 ’τὴν
1367 2628 1410 2670 ἐν
1444 2627 1583 2678 αὐτοῖς

150 2694 359 2750 ποιότητα.
388 2695 440 2737 τὰ
471 2695 516 2737 δὲ
543 2695 683 2750 θερμὰ
711 2696 909 2750 ψύχομεν,
937 2701 995 2755 τῷ
1025 2704 1144 2739 κινεῖν
1174 2697 1241 2738 καὶ
1270 2697 1479 2751 ὁίαφορεῖν
1508 2695 1582 2751 τὴν

152 2760 195 2802 ἓν
225 2761 363 2812 αὐτοῖς
390 2762 588 2827 ποιᾞτα
616 2763 776 2818 θερμὴν
806 2760 944 2809 οὖσαν.
971 2790 1026 2797 -
1066 2763 1265 2818 αῗάζωμεν
1292 2779 1368 2817 pro
1397 2762 1582 2818 ἀάζωμεν

116 2872 124 2883 ,
151 2831 329 2871 F.H.N.
340 2834 450 2873 Cam.
463 2847 526 2886 γρ.
548 2834 636 2874 Cas.
670 2830 896 2887 ἀτμίζωμεν
912 2837 960 2876 Ε.
978 2835 1163 2876 ΑΙεΧυ-
1191 2829 1274 2874 διὰ
1302 2829 1392 2885 τὴν
1421 2830 1581 2886 αὐτὴν
