1820 3158
162 363 566 409 —1›·343‚a-Bekk·-
659 364 1049 421 LIB.1.CAP.V1.
1125 362 1491 404 -p·329,G.Cas.-
1540 357 1599 398 21

160 493 235 531 της
264 477 448 527 νοτίδος,
502 474 609 517 ἀλλὰ
645 474 712 517 διὰ
749 474 796 517 τὸ
834 473 982 530 μικρὸν
1011 471 1111 516 εἶναι
1139 472 1188 516 τὸ
1217 473 1302 516 ἅνω
1332 478 1407 517 τοῦ
1439 473 1602 525 κύκλου,

159 544 207 586 τὸ
238 544 283 586 δὲ
308 545 420 587 κάτω
449 542 769 594 πολλαπλάσιον,
799 541 844 585 οἰ
869 541 1075 584 δύνασθαι
1105 542 1180 597 τὴν
1211 541 1310 596 ὄψιν
1330 546 1413 585 τῶν
1433 542 1604 598 ἀνθρώ-

158 629 248 654 πων
278 612 478 669 φέρεσθαι
506 610 716 666 κλωμένην
741 610 846 667 πρὸς
881 610 955 653 τὸν
989 609 1104 665 ἣλιον
1136 608 1228 652 οὔτε
1256 615 1315 668 τῷ
1343 612 1465 669 νοτίῳ
1497 614 1603 666 πλη-

161 679 370 731 σιάζοντος
397 679 488 722 οὔτ’
512 679 575 722 ἐπὶ
599 683 784 736 θεριναῖς
811 685 984 735 τροπαῖς
1013 677 1131 728 ὄντος
1151 682 1226 720 τοῦ
1246 676 1378 733 ἡλίου.
1439 684 1478 721 5.
1497 677 1602 721 Διό-

159 764 234 803 περ
265 748 308 790 ἔν
324 747 485 797 τούτοις
510 748 587 802 μὲν
615 754 702 797 τοῖς
730 746 872 796 τόποις
901 746 998 789 οὐδὲ
1023 748 1209 802 γίνεσθαι
1238 745 1422 801 κομήτην
1451 746 1600 789 αὐτόν·

161 814 261 858 ὅταν
301 816 346 858 δὲ
383 816 487 872 πρὸς
521 816 672 872 βορέαν
710 813 975 872 ὖπολειφθεὶς
1012 812 1146 870 τύχῃ,
1205 813 1428 869 λαμβάνειν
1472 812 1603 868 κόμην
1650 824 1651 827 ’

159 882 228 925 διᾶ
251 882 299 925 τὸ
329 883 509 939 μεγάλην
539 881 638 925 εἶναι
667 882 742 937 τὴν
769 883 1025 940 περιφέρειαν
1051 883 1127 937 τὴν
1154 882 1317 925 ἄνωθεν
1344 885 1420 924 τοῦ
1448 879 1604 938 ὁρίζον-

157 968 249 1000 τος,
293 951 341 993 τὸ
374 952 418 993 δὲ
447 950 559 993 κάτω
587 951 712 1007 μέρος
743 955 817 993 τοῦ
843 949 995 992 κύκλου
1019 949 1188 1005 μικρόν·
1240 949 1393 1008 ῥᾳδίως
1419 948 1498 1005 γὰρ
1528 948 1603 1002 τὴν

157 1018 258 1073 ὄψιν
287 1023 369 1061 τῶν
391 1018 625 1075 ἀνθρώπων
644 1018 906 1075 ἀφικνεῖσθαι
926 1017 1019 1060 τότε
1040 1017 1145 1073 πρὸς
1163 1017 1237 1060 τὸν
1253 1016 1382 1073 ἥλιον.
1427 1023 1466 1058 6.
1486 1019 1600 1058 Πᾶσι

160 1087 205 1128 δὲ
232 1086 394 1136 τούτοις
420 1086 478 1129 τὰ
497 1086 574 1140 μὲν
601 1090 716 1142 κοινῇ
746 1087 961 1140 συμπίπτει
991 1086 1116 1142 λέγειν
1146 1085 1344 1135 ἀδύνατα,
1381 1083 1435 1127 τὰ
1460 1084 1506 1126 δὲ
1535 1085 1602 1126 καὶ

155 1155 301 1210 χωρίς·
350 1158 514 1208 πρῶτον
551 1154 627 1207 μὲν
665 1148 738 1196 οὖν
766 1159 854 1203 τοῖς
881 1153 1087 1210 λέγουσιν,
1127 1152 1190 1196 ὅτι
1216 1158 1298 1196 τῶν
1327 1152 1603 1208 πλανωμένων

160 1222 268 1263 ἐστὶν
303 1218 360 1271 εἷς
403 1221 587 1277 ἀστέρων
632 1219 653 1263 ὃ
696 1220 901 1276 κομήτης·
959 1222 997 1264 οἱ
1036 1221 1113 1277 γὰρ
1153 1220 1407 1275 πλανώμενοι
1457 1220 1604 1269 πάντες

157 1289 200 1331 ἐν
227 1292 286 1347 τῷ
315 1288 450 1347 κύκλῳ
486 1287 773 1332 ὗπολειήονται
811 1294 894 1332 τῶν
933 1291 1110 1348 ζῳδίων,
1162 1294 1335 1344 κομῆται
1375 1290 1421 1332 δὲ
1457 1290 1603 1331 πολλοὶ

155 1355 333 1411 ὥμμένοι
360 1359 461 1400 εἰσὶν
489 1357 568 1408 ἔξω
596 1362 672 1400 τοῦ
700 1357 873 1400 κύκλου·
902 1356 988 1400 εἶτα
1018 1359 1085 1400 καὶ
1114 1359 1277 1408 πλείους
1306 1357 1395 1408 ἑνὸς
1423 1357 1510 1412 ἅμα
1537 1374 1603 1413 γε·

154 1425 337 1481 γένηνται
366 1425 574 1475 πολλάκις.
632 1432 674 1468 7.
703 1426 824 1483 Πρὸς
844 1427 890 1468 δὲ
909 1425 1091 1478 τούτοις,
1123 1428 1158 1469 εἷ
1179 1426 1247 1468 διὰ
1275 1426 1350 1480 τὴν
1379 1425 1602 1468 ἀνάκλασιν

153 1492 229 1548 τὴν
257 1492 388 1548 κόμην
419 1493 592 1548 ἴσχουσι,
622 1493 814 1551 καθάπερ
833 1489 963 1551 φησὶν
980 1494 1194 1549 Αἰσχύλος
1222 1495 1289 1536 καὶ
1311 1492 1598 1550 Ἱπποκράτης,

155 1559 233 1603 ἔδει
261 1561 361 1603 ποτὲ
388 1563 612 1617 φαίνεσθαι
642 1563 709 1604 καὶ
739 1562 824 1604 ἄνω
848 1562 978 1617 κόμης
1005 1562 1080 1604 τὸν
1108 1561 1262 1617 ἀστέρα
1287 1566 1456 1610 τοῦτον,
1494 1561 1599 1601 ἒπει-

157 1628 283 1685 δήπερ
311 1627 567 1671 ὑπολείπεται
598 1629 674 1681 μὲν
703 1631 768 1670 καὶ
799 1631 856 1678 εἰς
884 1629 1035 1678 ἄλλους
1061 1628 1240 1676 τόπους,
1287 1628 1363 1681 τὴν
1394 1628 1438 1669 δὲ
1469 1626 1599 1680 κόμην

156 1778 245 1816 gam
278 1765 338 1803 illi
366 1765 551 1817 praeberi
579 1766 664 1804 eius
693 1765 804 1804 modi
832 1765 1014 1805 humoris
1034 1765 1211 1818 copiam,
1243 1763 1315 1804 sed
1335 1779 1426 1805 cum
1455 1765 1599 1816 exigua

156 1836 208 1873 sit
227 1849 322 1887 pars
344 1834 483 1873 circuli
509 1847 629 1885 supra
650 1833 919 1883 horizontem,
952 1847 1054 1886 quae
1078 1835 1183 1873 infra
1205 1834 1325 1886 longe
1345 1834 1486 1882 maior,
1517 1845 1600 1871 non

156 1916 274 1954 posse
303 1902 515 1941 hominum
546 1903 679 1941 visum
707 1902 866 1941 reflecti
894 1902 946 1941 ad
966 1903 1109 1949 solem,
1137 1908 1207 1941 aut
1228 1915 1319 1940 cum
1347 1901 1510 1940 australi
1532 1914 1600 1939 re-

156 1970 263 2021 gioni
283 1970 344 2008 sol
354 1969 529 2017 accedat,
539 1977 608 2009 aut
619 1984 711 2009 cum
731 1971 884 2010 aestivo
902 1971 1073 2010 solstitio
1094 1971 1404 2022 appropinquet.
1429 1974 1468 2009 5.
1483 1970 1600 2019 Quo-

156 2038 260 2076 circa
290 2038 334 2076 in
358 2038 444 2077 istis
467 2039 565 2077 locis
597 2045 793 2077 cometam
822 2039 980 2078 nullum
1012 2039 1209 2077 existere:
1241 2038 1401 2090 quando
1423 2051 1525 2077 vero
1548 2036 1599 2074 ad

156 2106 472 2158 septentrionem
513 2107 691 2158 relinqui
728 2108 965 2158 contigerit,
1015 2106 1227 2145 adsumere
1269 2119 1424 2145 comam
1442 2134 1455 2153 ,
1507 2118 1599 2142 cum

157 2187 321 2225 magnus
351 2175 403 2212 sit
426 2175 536 2213 orbis
565 2189 688 2226 supra
713 2173 971 2213 horizontem
997 2174 1190 2223 ambitus,
1220 2188 1321 2226 quae
1341 2173 1447 2211 infra
1474 2172 1601 2224 parti-

159 2241 246 2279 cula
266 2241 418 2292 exigua.
475 2244 595 2280 Tunc
614 2243 720 2281 enim
741 2243 931 2281 facillime
950 2242 1161 2280 hominum
1180 2242 1413 2294 adspectum
1434 2239 1601 2292 perduci

159 2307 211 2346 ad
229 2309 367 2347 solem.
425 2313 463 2347 6.
495 2309 620 2360 Quod
639 2316 779 2348 contra
797 2309 897 2348 haec
915 2310 1050 2348 omnia
1069 2309 1317 2348 monendum
1335 2308 1512 2357 videtur,
1532 2313 1600 2345 aut

160 2376 312 2415 cunctis
353 2389 565 2415 commune
598 2390 683 2415 esse
717 2378 932 2429 contingit,
972 2382 1041 2415 aut
1070 2377 1237 2415 seorsim
1276 2375 1491 2414 dicendum
1524 2379 1597 2413 est.

159 2446 215 2484 Et
231 2444 366 2496 primo
387 2443 547 2493 quidem
568 2443 659 2481 loco
677 2444 770 2482 illos
785 2446 965 2484 refutare
987 2458 1192 2493 conemur,
1220 2444 1289 2495 qui
1309 2443 1448 2498 dicunt
1465 2455 1600 2482 come—

159 2519 240 2551 tam
282 2525 366 2550 esse
403 2524 456 2549 ex
488 2511 737 2563 planetarum
771 2525 957 2551 numero.
1025 2512 1179 2550 Omnes
1211 2512 1318 2549 enim
1344 2510 1528 2562 planetae
1558 2509 1601 2548 in

162 2579 352 2631 signifero
381 2579 480 2617 orbe
499 2579 806 2629 relinquuntur,
837 2586 1016 2619 cometae
1039 2593 1140 2618 vero
1163 2591 1452 2631 saepenumero
1486 2583 1600 2615 extra

161 2648 276 2686 illum
304 2647 444 2686 orbem
473 2647 677 2697 conspecti
705 2653 811 2685 sunt.
870 2646 1031 2685 Deinde
1059 2647 1176 2685 etiam
1199 2661 1280 2685 uno
1299 2647 1437 2698 plures
1457 2645 1598 2683 eodem

164 2722 257 2754 sunt
286 2716 367 2753 orti
387 2721 585 2765 tempore.
643 2718 683 2752 7.
715 2714 871 2763 Quibus
889 2713 1061 2762 accedit,
1091 2714 1199 2765 quod
1223 2715 1254 2752 si
1271 2713 1440 2753 reflexio
1465 2726 1600 2750 comae

164 2783 362 2833 originem
389 2782 577 2835 praebet,
608 2781 945 2832 quemadmodum
978 2780 1178 2820 affirmant
1195 2781 1419 2832 Aeschylus
1437 2786 1478 2818 et
1495 2780 1601 2831 Hip-

164 2856 367 2900 pocrates,
398 2849 515 2888 etiam
537 2849 684 2900 absque
705 2863 818 2888 coma
843 2849 952 2888 sidus
976 2848 1078 2888 illud
1100 2854 1286 2887 cernatur
1305 2862 1462 2886 necesse
1483 2848 1600 2892 foret,
