1774 3198
272 337 363 380 572
485 343 928 383 COMMENTARIUS
957 343 1017 384 IN
1040 346 1440 388 METEOROLOG.

269 455 493 494 discrimine
511 454 616 491 inter
642 459 846 506 utramque
869 455 1114 494 affectionem
1141 456 1210 494 cfr.
1231 457 1303 503 IV,
1324 460 1362 496 7.
1394 477 1443 484 -—
1480 458 1599 497 Recte
1619 475 1659 498 se

267 521 385 559 habet
410 521 589 558 futurum
614 517 865 570 ποιήσουσιν,
900 522 1008 560 cuius
1036 522 1078 559 in
1103 522 1230 560 locum
1253 529 1496 573 exspectaret
1524 525 1660 575 aliquis

266 583 469 636 ποιήσειαν
489 581 548 623 ι’ὶν.
606 585 686 623 Cfr.
706 592 796 637 post
823 588 1153 626 Matthiaeum
1177 589 1246 625 Gr.
1262 602 1330 638 gr.
1351 589 1387 638 §.
1401 592 1493 628 523.
1514 603 1554 640 p.
1567 590 1659 629 745.

195 691 200 699 ,
265 652 570 691 Elmsleium
599 652 650 690 ad
677 653 911 704 Euripid.
951 656 1062 692 Med.
1098 656 1217 691 1066.
1258 656 1583 693 Bornemann
1611 656 1661 694 ad

263 717 593 768 Xenophont.
622 718 811 756 Anabas.
840 720 902 768 II,
925 723 971 769 3,
991 723 1028 757 6.
1058 720 1237 758 ποιοῦσιν
1255 720 1303 756 H.
1325 718 1379 759 Ν.
1407 741 1457 748 -
1496 717 1542 759 τό
1571 728 1662 760 ante

263 781 332 822 τὸν
360 779 482 822 τόπον
510 779 606 822 εἶναι
644 785 788 823 omittit
815 787 859 824 F.
905 782 1006 824 πολὺ
1038 781 1135 824 εἶναι
1169 786 1328 824 inverso
1362 786 1501 825 ordine
1528 790 1575 826 F.
1606 809 1659 815 —

262 849 416 888 Deinde
446 847 866 900 ἀναπεπταμένος
892 848 1016 896 τόπος
1031 858 1087 889 est
1104 852 1250 889 locus
1278 853 1426 903 longe
1453 854 1659 904 lateque

262 922 457 966 patens,
477 922 520 954 ut
541 913 864 967 ἀναπεπτάμενον
881 915 1048 968 πέλαγος
1063 918 1167 968 apud
1182 918 1496 957 Herodotum
1516 921 1656 968 VHI,6

260 982 417 1020 altum
457 996 591 1020 mare
628 983 835 1034 significat,
880 980 1182 1034 ἀναπεπταμένα
1211 983 1459 1035 πεδίαιιριιᾶ
1487 983 1658 1022 Theo-

259 1048 526 1099 phrastum
555 1049 604 1085 de
623 1057 728 1087 vent.
747 1050 858 1097 §.40.
879 1064 917 1100 p.
937 1054 1016 1089 773
1045 1063 1246 1101 campos
1274 1052 1376 1089 lata
1403 1057 1656 1102 patentes.

259 1116 330 1153 cfr.
359 1115 394 1165 §.
415 1114 479 1152 44.
506 1127 544 1165 p.
568 1115 658 1153 774.
679 1113 876 1154 Problem.
908 1117 1074 1161 XXVI,
1097 1119 1161 1154 52.
1183 1129 1224 1166 p.
1248 1117 1339 1162 946,
1353 1130 1387 1154 a.

367 1184 434 1219 21.
463 1181 685 1219 Articulum
703 1188 792 1219 ante
813 1180 919 1219 αἰτία
938 1181 1047 1219 addit
1064 1181 1119 1219 N.
1152 1182 1257 1232 quod
1284 1184 1368 1220 fere
1387 1183 1654 1233 probavimus.

256 1248 317 1285 Ita
337 1259 618 1297 saepenumero
640 1247 953 1286 Aristoteles
980 1242 1078 1298 τίςῆ
1097 1245 1228 1300 φύσις.
1265 1249 1307 1297 Ι,
1332 1252 1401 1297 12,
1429 1254 1492 1288 20.
1531 1250 1592 1298 11,
1614 1252 1653 1298 3,

259 1312 323 1351 48.
352 1313 407 1357 11,
428 1314 464 1362 4,
484 1315 548 1350 28.
579 1313 634 1361 II,
660 1315 697 1360 8,
717 1317 781 1351 50.

846 1424 959 1462 ΟΑΡ.
991 1425 1062 1464 VI.

365 1512 428 1549 De
459 1511 701 1563 singulorum
734 1517 944 1551 ventorum
977 1512 1200 1550 nominibus
1228 1519 1267 1551 et
1293 1508 1539 1564 qualitatibus
1568 1520 1654 1563 post

253 1579 373 1624 alios,
401 1579 505 1616 inter
536 1590 635 1628 quos
662 1591 758 1628 prae
781 1579 944 1616 caeteris
969 1578 1152 1616 laudandi
1181 1579 1455 1617 Salmasius
1480 1580 1653 1615 Exerci-

253 1651 330 1682 tat.
363 1642 546 1682 Plinian.
583 1657 624 1694 p.
647 1647 726 1682 878
744 1657 828 1694 sqq.
885 1646 1134 1683 Martinus
1172 1645 1222 1683 ad
1253 1646 1391 1695 Virg.
1415 1645 1562 1695 Georg.
1585 1647 1652 1693 HI,

251 1715 333 1750 277
351 1718 431 1762 sqq'.
459 1709 529 1748 Ko
542 1711 651 1747 eler
669 1708 924 1761 Allgemeine
946 1712 1200 1762 Geograplzie
1220 1712 1291 1749 der
1307 1711 1432 1750 Alten
1454 1712 1483 1749 I.
1503 1724 1543 1761 p.
1556 1712 1651 1749 286.

250 1778 393 1827 Kapp
421 1776 469 1813 ad
497 1775 712 1814 Aristotel.
744 1777 791 1813 de
819 1777 966 1814 mundo
983 1779 1154 1816 Excurs.
1177 1779 1259 1825 III,
1288 1777 1380 1815 inde
1405 1792 1427 1815 a
1452 1790 1538 1828 pag.
1559 1779 1650 1825 367,

252 1844 417 1892 Coray
441 1843 579 1879 Τναίιέ
596 1841 901 1893 d’Hippocrate
916 1857 985 1880 sur
1006 1844 1062 1880 les
1083 1847 1184 1892 airs,
1205 1845 1260 1881 les
1281 1858 1388 1880 eaax
1405 1851 1444 1879 et
1463 1845 1517 1880 les
1532 1840 1650 1878 lieux.

231 1909 364 1958 ‚Dis-c.
386 1908 590 1956 prelimin.
621 1921 659 1958 p.
679 1908 1175 1956 LXVIII—LXXXIII,
1207 1909 1415 1946 Genell'i
1437 1908 1565 1945 Ueber
1585 1907 1650 1943 die

254 1972 572 2011 Windsclzeiben
592 1971 661 2010 cler
679 1972 804 2010 Alten
834 1974 873 2010 in
893 1974 1038 2012 Wolf
1060 1975 1266 2011 Litterar.
1284 1974 1512 2011 Analecten
1541 1971 1649 2020 Heft

246 2040 329 2087 IV,
354 2034 512 2076 'abunde
534 2039 594 2088 egi
622 2037 835 2077 Meteorol.
865 2047 943 2076 vet.
976 2040 1120 2077 Graec.
1145 2047 1184 2076 et
1201 2041 1319 2077 Rom.
1340 2041 1417 2083 III,
1452 2042 1564 2076 12—
1581 2041 1645 2076 13.
1686 2070 1697 2081 ,

245 2118 284 2155 p.
311 2107 360 2142 63
383 2127 416 2132 -
437 2108 489 2143 87
509 2110 548 2141 et
569 2105 603 2154 §.
621 2107 669 2142 18
686 2108 812 2143 —27.
842 2118 881 2154 p.
898 2100 1144 2143 110—136.
1189 2108 1290 2143 Fere
1315 2117 1462 2152 omnes,
1491 2105 1557 2154 qui
1574 2102 1647 2141 hac

246 2171 296 2208 de
325 2184 369 2208 re
398 2177 561 2221 egerunt
592 2171 802 2221 scriptores
829 2172 1033 2221 paululum
1069 2171 1173 2209 inter
1200 2186 1240 2208 se
1270 2171 1467 2208 differunt.
1545 2169 1645 2207 Cum

244 2250 360 2274 nemo
383 2250 531 2282 eorum,
561 2250 655 2286 quos
675 2237 852 2283 laudavi,
883 2250 1016 2274 omnes
1035 2238 1140 2275 locos
1160 2237 1404 2285 indicaverit,
1436 2249 1486 2273 ex
1508 2236 1645 2287 quibus

244 2303 430 2353 quaestio,
447 2315 543 2352 quae
562 2303 720 2352 singulis
739 2304 980 2353 temporibus
998 2303 1156 2353 singulis
1177 2304 1304 2340 ventis
1322 2303 1481 2340 nomina
1499 2302 1644 2340 tributa

243 2370 342 2416 sint,
372 2369 503 2406 dirimi
531 2374 682 2418 potest,
722 2374 839 2418 atque
866 2370 954 2419 'ipse
977 2370 1048 2407 1.].
1073 2369 1280 2406 nonnullos
1298 2367 1642 2418 praetermiserim,

173 2426 176 2432 ¹
242 2449 331 2472 cum
350 2441 554 2485 praeterea
571 2436 676 2485 apud
697 2436 840 2473 multos
856 2436 1047 2474 lectorum
1066 2436 1225 2486 gratiam
1246 2448 1382 2472 eorum
1398 2447 1561 2472 recensu
1578 2446 1642 2470 me

241 2514 325 2538 csse
343 2501 535 2539 initurum
551 2514 630 2538 non
651 2501 838 2550 dubitem,
870 2507 1061 2552 quotquot
1084 2501 1180 2538 mihi
1198 2501 1455 2538 innotuerunt
1480 2512 1642 2536 enume-

239 2567 356 2615 rabo,
390 2568 442 2604 ita
467 2573 620 2616 tamen,
660 2574 704 2605 ut
733 2581 862 2618 neque
889 2568 1012 2606 verba
1039 2568 1115 2605 huc
1147 2567 1382 2618 pertinentia
1413 2564 1639 2611 adscribam,

239 2645 368 2682 neque
395 2646 472 2684 quo
502 2633 621 2671 modo
651 2634 750 2671 alter
777 2634 824 2670 ab
854 2634 978 2671 altero
1011 2634 1204 2684 scriptore
1229 2619 1401 2683 differat,
1431 2644 1637 2681 exponam.

239 2698 339 2735 Sunt
358 2705 502 2744 autem,
532 2701 601 2749 qui
620 2700 951 2738 commemorandi
970 2699 1170 2748 videntur,
1191 2700 1266 2738 loci
1285 2698 1325 2735 hi
1340 2712 1348 2733 :
1375 2698 1527 2734 Auctor
1547 2697 1639 2735 libri

212 2790 215 2794 «
238 2763 288 2800 de
315 2763 464 2801 mundo
502 2776 535 2802 c.
557 2765 594 2802 4.
622 2779 663 2816 p.
686 2766 787 2809 394,
814 2765 839 2803 b
873 2763 970 2816 (cfr.
999 2765 1196 2816 Apulei.
1229 2764 1277 2801 de
1305 2762 1452 2801 mundo
1481 2776 1521 2814 p.
1547 2765 1639 2801 128.
