1820 3158
4 658 14 803 -t-:za-——zz
0 595 13 655 :⁴:22
6 584 7 587 Α
0 379 15 578 &saka-‘es
0 271 14 370 *n-ssv-Ezf
0 241 3 256 ⁷
8 233 10 235 v
0 212 2 226 ἶ
0 196 2 207 ἡ

4 867 14 1021 πεπι-

0 1105 13 1299 πεπ
4 1019 13 1102 3:.=

3 1437 11 1452 .—
3 1301 12 1431 4³:3³2:

336 333 442 374 XIV
832 331 1235 373 PRAEFATIO.

334 446 374 507 ξ.
408 446 493 491 III.
575 445 657 490 De
694 443 1017 490 codicibus
1061 444 1123 489 in
1171 443 1388 507 quibus
1436 443 1732 490 Meteoro-

698 522 906 583 logica
944 522 1373 584 reperiuntur.

444 609 732 652 Bekkerus
763 626 811 652 ac
836 610 1168 652 Brandisius
1202 619 1377 666 quatuor
1405 609 1568 651 codices
1598 619 1740 651 contu-

333 678 490 728 lerunt,
528 693 698 733 quorum
729 678 852 734 longe
883 680 1061 733 optimus
1101 687 1163 719 est
1202 679 1448 720 ‚parisiensis
1481 681 1585 719 1853
1625 679 1738 733 (Ε),

334 760 510 801 quocum
540 745 626 785 fere
656 761 818 802 semper
848 747 977 787 editio
1007 745 1161 787 Aldina
1187 749 1300 800 prior
1329 747 1546 787 consentit.
1607 744 1740 796 Alter,

334 815 465 854 codex
485 813 791 856 Laurentianus
810 818 878 866 87,
901 818 926 856 7
964 813 1052 868 (F),
1083 815 1124 853 in
1145 827 1225 870 quo
1251 813 1415 868 singula
1442 812 1569 854 verba
1598 828 1742 868 saepe-

335 895 504 922 numero
533 885 782 937 transposita
811 881 1199 940 deprehenduntur,
1249 882 1318 921 uti*
1347 882 1471 921 etiam
1507 883 1550 921 in
1580 881 1741 922 duobus

333 948 518 1003 reliquis,
549 950 713 991 videtur
738 964 830 992 esse
851 950 976 1000 idem,
1007 964 1060 990 ex
1081 964 1158 1004 quo
1181 947 1428 989 Camotiana
1456 949 1583 989 editio
1610 948 1744 990 fluxit.

312 1015 502 1057 ‘Tertius
535 1018 666 1057 codex
706 1018 828 1072 (H),
869 1016 1100 1058 Vaticanus
1131 1016 1568 1070 1027,bombycinus,
1609 1017 1744 1058 forma

335 1084 546 1139 quadrata,
579 1085 753 1127 diversis
775 1085 966 1127 manibus
989 1086 1266 1139 conscriptus,
1300 1085 1450 1139 partim
1479 1086 1576 1139 igne
1604 1084 1743 1125 laesus

335 1161 375 1193 et
407 1152 663 1203 infuscatus,
695 1156 862 1195 minime
886 1168 1055 1203 recens,
1087 1155 1248 1207 integra
1280 1153 1462 1192 continet
1490 1151 1746 1193 Meteorolo-

334 1222 428 1275 gica
455 1221 551 1260 inde
583 1235 607 1260 a
635 1220 706 1262 fol.
739 1226 839 1272 211,
861 1221 887 1263 b
914 1225 970 1271 ι).
1046 1219 1228 1269 Quartus
1268 1220 1443 1274 denique
1485 1221 1615 1261 codex
1653 1219 1743 1275 (N)

333 1289 378 1328 in
407 1288 542 1328 praef.
571 1288 816 1330 Bekkeri
861 1291 1009 1330 dicitur
1052 1303 1143 1329 esse
1173 1287 1403 1329 Vaticanus
1433 1291 1534 1338 258,
1577 1289 1648 1343 qui
1677 1303 1745 1328 se-

335 1357 514 1397 cundum
545 1355 889 1399 Brandisiutn
928 1356 957 1397 l.
986 1355 1015 1398 l.
1059 1371 1095 1411 p.
1121 1360 1175 1397 64
1213 1358 1395 1397 continet
1425 1355 1746 1412 meteorologica

334 1401 408 1464 fdl.
439 1428 555 1465 99—
574 1429 675 1476 157,
708 1440 799 1466 cum
827 1425 1094 1479 inscriptione
1121 1423 1229 1465 libro
1259 1426 1392 1479 primo
1422 1425 1672 1479 praemissa:
1704 1424 1746 1465 ἐκ

334 1495 415 1533 τῶν
443 1496 786 1547 μετεωρολογικῶν
814 1494 972 1546 βιβλίον
995 1491 1046 1533 α’.
1103 1493 1179 1533 Est
1201 1492 1457 1542 chartaceus,
1488 1491 1625 1532 forma
1647 1506 1746 1546 qua-

337 1560 464 1600 drata.
522 1560 747 1600 Praeterea
780 1568 886 1617 teste
924 1560 1066 1601 Bran
1083 1560 1223 1601 disio
1263 1558 1591 1614 Meteorologica
1619 1560 1748 1612 c'onti-

336 1635 486 1667 nentur
523 1628 567 1666 in
598 1628 686 1668 cod.
705 1626 912 1668 Vaticano
941 1632 1020 1668 252
1040 1627 1340 1679 chartaceo2),
1365 1627 1523 1667 somnae
1542 1629 1748 1668 maximae

335 1695 434 1735 inde
466 1709 491 1734 a
521 1693 593 1734 fol.
623 1699 674 1736 93
697 1720 752 1726 —
782 1697 826 1736 in
847 1694 1038 1736 Vatican.
1061 1698 1140 1735 249
1164 1693 1495 1744 membranaceo,
1526 1695 1748 1736 admodum

337 1763 518 1811 recenti,
570 1763 701 1816 signis
732 1762 940 1803 nonnullis
979 1764 1105 1803 minio
1135 1763 1253 1816 pictis
1284 1771 1452 1811 ornato,
1494 1763 1591 1803 inde
1621 1777 1646 1802 a
1675 1762 1748 1803 fol.

339 1833 419 1871 156
444 1853 493 1859 -
523 1831 566 1869 in
588 1831 727 1870 codice
749 1829 951 1871 Urbinate
974 1833 1041 1870 38.
1071 1829 1303 1880 chartaceo,
1337 1829 1495 1869 formae
1525 1832 1748 1883 maximae,

339 1899 410 1951 qui
447 1895 742 1937 Michaelis
781 1896 1059 1951 Apostolii
1105 1912 1230 1938 manu
1272 1898 1528 1951 conscriptus
1571 1899 1746 1949 videtur,

338 1966 435 2005 inde
464 1965 516 2005 ab
549 1966 669 2005 initio
709 1988 764 1994 —
799 1966 842 2004 in
873 1965 963 2005 cod.
994 1964 1181 2006 Palatino
1214 1969 1316 2015 161,
1365 1966 1521 2005 recenti
1549 1964 1622 2006 illo
1651 1967 1747 2006 inde

340 2047 366 2072 a
392 2031 465 2073 fol.
499 2037 576 2073 124
606 2056 658 2062 —
684 2033 727 2072 in
758 2033 848 2073 cod.
891 2032 1000 2073 Bibl.
1031 2032 1179 2088 Regin.
1212 2036 1288 2074 123
1319 2032 1563 2084 chartaceo,
1608 2034 1748 2074 admo-

340 2101 436 2141 dum
464 2101 620 2140 recenti
649 2113 703 2140 ex
732 2099 984 2141 bibliotheca
1012 2099 1258 2141 Bourdeloti
1291 2101 1389 2140 inde
1427 2115 1452 2139 a
1482 2100 1555 2142 fol.
1585 2105 1666 2142 202
1694 2124 1749 2130 -

323 2169 383 2210 .in
412 2168 622 2209 codicibus
647 2151 851 2209 ottobon.
873 2173 949 2210 188
981 2183 1005 2209 a
1025 2167 1096 2209 fol.
1122 2171 1201 2210 104
1230 2176 1270 2208 et
1299 2172 1379 2209 203
1411 2169 1506 2210 inde
1536 2184 1561 2210 a
1581 2168 1654 2210 fol.
1679 2172 1747 2220 62,

405 2285 475 2342 Ν1)
512 2301 585 2336 cfr.
618 2302 827 2336 Brandis
867 2302 904 2335 in
940 2303 1105 2335 Abhandl.
1141 2286 1322 2336 der'Berl.
1349 2305 1459 2336 Acad.
1492 2304 1563 2336 hisi.
1597 2304 1676 2346 phil.
1705 2305 1750 2338 CL

343 2360 442 2394 1831.
475 2371 508 2403 p.
536 2361 591 2394 65.

431 2417 464 2455 2)
493 2416 595 2451 Adde
629 2419 706 2451 cod.
731 2417 890 2452 Vatican.
918 2419 996 2451 253.
1034 2418 1099 2451 cfr.
1132 2417 1329 2452 Brendis
1361 2419 1383 2451 1.
1408 2419 1432 2451 Ι.
1467 2429 1501 2460 p.
1525 2417 1581 2451 66.
1613 2427 1667 2450 nr.
1692 2417 1749 2451 92.

343 2474 721 2521 Trendelenburg
747 2477 790 2510 ad
816 2475 1055 2509 Aristotel.
1082 2477 1123 2507 de
1144 2478 1240 2509 anim.
1266 2475 1379 2509 Praef.
1398 2475 1521 2518 p.X11.
1553 2473 1749 2507 Secundum

342 2530 634 2564 Brandisium
669 2535 869 2567 chartaceus
905 2533 999 2567 foliis
1031 2532 1206 2577 quaternis
1238 2533 1455 2573 minoribus,
1494 2530 1577 2564 satis
1613 2541 1749 2574 recens,

345 2587 442 2621 cuius
465 2588 623 2622 librarius
645 2589 816 2623 interdum
841 2591 1030 2635 scripturae
1051 2590 1255 2634 compendia
1271 2590 1360 2622 male
1384 2587 1572 2630 intellexit3
1599 2594 1632 2621 at
1650 2589 1749 2622 bom-

344 2644 513 2688 bycinus,
550 2645 732 2692 diligenter
760 2648 926 2691 scriptus,
961 2658 1209 2691 saepenumero
1232 2657 1311 2680 cum
1334 2645 1455 2679 codice
1479 2645 1506 2677 E
1530 2645 1749 2679 consentiens

346 2703 536 2736 secundum
571 2705 603 2736 T
615 2715 663 2737 re
676 2716 697 2737 n
711 2706 732 2737 d
745 2707 818 2739 ele
830 2717 853 2738 n
866 2707 886 2738 b
900 2717 920 2737 u
933 2705 1004 2746 rgi
1017 2717 1098 2740 um.
1150 2706 1211 2738 Est
1233 2713 1336 2747 quem
1362 2702 1546 2736 Bekkerus
1571 2702 1748 2749 insignivit

346 2759 460 2793 littera
479 2761 517 2794 L.
563 2760 726 2795 Continet
747 2768 901 2796 meteora
928 2761 1009 2795 inde
1037 2773 1055 2794 a
1078 2763 1140 2795 sol.
1164 2763 1229 2795 137
1254 2761 1296 2793 ad
1319 2760 1382 2793 fol.
1403 2760 1478 2794 158.
