1774 3198
277 354 371 398 554
488 364 932 404 COMMENTARIUS
958 365 1017 403 ΙΝ
1041 365 1443 413 METEOROLOG.

272 470 407 524 ἄνεμοι
439 470 493 520 ὡς
518 472 569 514 τὰ
596 470 726 512 πολλὰ
751 472 922 526 γίνονται
954 474 1148 525 Olymp.
1175 477 1245 514 sol.
1265 479 1330 525 38,
1343 477 1381 514 b.
1400 499 1456 507 —
1483 477 1661 532 συμπέσῃ

269 539 453 592 γενέσθαι
480 540 702 589 scripsimus
729 553 818 578 cum
837 543 880 579 F.
904 541 956 581 H.
975 541 1026 579 N.
1057 541 1222 579 docente
1249 543 1584 581 Stallbaumio
1613 546 1662 583 ad

269 607 459 644 Platon.
486 604 644 644 Phileb.
672 605 707 653 §.
727 606 818 645 104.
847 620 887 657 p.
911 605 1000 644 146.
1037 609 1086 646 Ε.
1116 613 1156 644 et
1189 607 1379 646 editiones
1404 622 1538 647 omnes
1561 608 1660 661 γίνε-

268 673 382 709 σθαι.
403 693 456 699 -
475 668 680 723 γινομένου
700 685 775 723 pro
793 670 1000 724 γενομένου
1020 672 1075 712 Ν.
1102 694 1157 701 --
1190 673 1280 711 Alia
1305 687 1437 724 causa,
1465 689 1535 713 cur
1562 688 1661 726 pro-

266 737 386 774 cellae
413 738 717 788 superveniente
747 739 884 788 pluvia
913 739 1022 776 ocius
1049 745 1217 789 cessent,
1257 740 1418 778 affertur
1453 741 1656 780 Problem-

264 803 429 848 XXVI,
450 807 487 841 6.
517 817 558 854 Ρ.
582 803 674 851 940,
692 804 716 841 b
745 804 859 842 haec:
890 801 950 843 ὅτι
972 803 1012 844 αἱ
1042 804 1183 844 κοιλίαι
1212 805 1476 855 συμπίπτουσι
1503 808 1575 845 τοῦΙ
1595 804 1658 845 νέ-

264 881 387 920 φους,
426 865 574 915 ὕδατος
601 867 896 921 γενομένου,
935 868 976 909 ἓν
1005 866 1068 917 αἶς
1095 866 1118 922 ἢ
1149 868 1250 923 ἀρχὴ
1277 873 1347 910 τοῦ
1374 868 1519 917 ὓδατος
1549 871 1656 910 συνί-

263 948 427 985 σταται,
458 949 554 986 quae
571 949 652 973 non
668 937 721 974 ita
738 936 904 974 absurda
923 943 1000 984 est,
1029 951 1073 975 ac
1090 939 1218 988 primo
1244 939 1408 984 fortasse
1427 938 1566 976 obtutu
1590 939 1654 976 vi-

261 999 388 1039 detur.
444 1001 814 1040 vehementissimas
835 1004 939 1040 enim
958 1004 1146 1054 procellas
1172 1005 1340 1041 maxima
1358 1003 1556 1042 densitatis
1577 1004 1657 1042 dif-

260 1067 426 1105 ferentia
449 1068 545 1105 oriri
564 1074 702 1106 notum
723 1075 800 1117 est;
829 1069 896 1107 ubi
912 1070 1040 1107 rarior
1058 1069 1149 1118 aer,
1176 1071 1231 1108 ibi
1249 1068 1411 1108 κοιλίαις
1440 1070 1567 1107 imbre
1585 1083 1655 1107 au-

259 1139 339 1171 tem
369 1134 592 1182 delabente,
627 1135 839 1185 unicuique
865 1136 964 1173 a’eris
990 1137 1091 1187 parti
1119 1137 1162 1174 in
1190 1137 1257 1174 illa
1275 1137 1455 1186 regione,
1485 1136 1551 1173 ubi
1571 1136 1655 1174 eius

256 1200 365 1238 modi
384 1199 524 1238 κοιλίαι
544 1201 728 1244 existunt,
756 1201 891 1238 eadem
912 1207 1188 1252 temperatura,
1214 1202 1383 1252 ideoque
1401 1202 1535 1239 eadem
1555 1201 1653 1240 den-

254 1267 344 1304 sitas
371 1267 700 1312 communicatur,
727 1266 832 1304 unde
860 1267 950 1304 illae
975 1265 1117 1305 κοιλίαι
1145 1268 1357 1317 replentur.
1410 1268 1562 1305 Eodem
1584 1282 1651 1306 re-

257 1331 397 1380 deunt,
426 1345 524 1382 quae
551 1330 935 1382 Theophrastus
964 1334 1012 1370 de
1036 1340 1143 1371 vent.
1174 1334 1207 1380 ξ.
1230 1336 1293 1370 50.
1323 1346 1362 1383 p.
1384 1336 1464 1371 777
1489 1334 1647 1372 scribit:

253 1417 310 1426 -—-
337 1393 437 1447 μετὰ
464 1394 533 1435 τὸν
561 1392 672 1435 ῧετὺν
693 1396 765 1438 ,καὶ
793 1394 865 1447 τὴν
889 1396 1065 1446 χάλαζαν
1093 1396 1216 1448 (quod
1235 1404 1341 1435 recte
1360 1412 1400 1436 se
1416 1398 1562 1437 habere
1585 1400 1650 1437 in-

254 1463 406 1513 telliges
428 1464 564 1510 exiis,
592 1477 690 1514 quae
718 1464 901 1514 leguntur
927 1464 969 1501 in
995 1463 1247 1513 Leopold.
1284 1477 1325 1502 v.
1353 1463 1493 1502 Bueh
1527 1467 1650 1503 Reise

254 1529 383 1566 durch
407 1530 639 1580 Norusegen
664 1531 751 1568 und
774 1529 1004 1580 Lappland
1031 1531 1062 1568 I.
1090 1543 1126 1580 p.
1149 1525 1257 1581 268)
1286 1527 1350 1567 καὶ
1371 1526 1444 1575 τὰς
1460 1526 1649 1576 τοιαύτας

252 1591 360 1641 τινας
387 1594 639 1645 [χειμασιάς],
669 1591 723 1640 ὡς
741 1592 803 1632 ἐπὶ
823 1591 868 1633 τὸ
899 1592 1000 1633 πολὺ
1031 1594 1160 1634 πίπτει
1188 1591 1239 1633 τι),
1256 1591 1472 1645 πνεύματα.
1501 1592 1647 1634 Πάντα

251 1657 327 1712 γὰρ
354 1663 481 1699 ταῦτα
517 1660 581 1700 καὶ
609 1658 659 1699 τὰ
690 1662 857 1699 τοιαῦτα
884 1658 1022 1711 πέψεις
1048 1661 1111 1700 καὶ
1143 1658 1439 1713 ἀποκαθάρσεις
1464 1658 1565 1707 τινές
1592 1661 1648 1700 εἲ·-

252 1738 326 1765 σιν.
386 1727 487 1765 Cum
511 1727 719 1778 postremis
739 1728 810 1766 cfr.
836 1727 1034 1767 Problem.
1054 1729 1227 1777 XXVI,
1245 1731 1289 1778 3,
1321 1728 1389 1766 ubi
1405 1728 1490 1766 fere
1510 1728 1647 1768 eadem

247 1792 439 1843 leguntur.

360 1863 426 1898 17.
464 1858 593 1906 αι’τίας
625 1873 700 1911 pro
730 1856 856 1910 ἀρχάς
883 1862 928 1899 F.
982 1862 1045 1898 De
1070 1859 1293 1898 discrimine
1319 1860 1423 1898 inter
1450 1856 1577 1912 ἀρχήν
1607 1866 1646 1899 et

250 1923 379 1964 αἲτίαν
399 1927 467 1967 cfr.
486 1927 535 1963 ad
555 1929 710 1975 1,3‚13.
742 1927 941 1976 Olymp.
962 1927 1003 1963 in
1023 1925 1178 1962 Exc.ad
1195 1929 1271 1974 1,9‚
1286 1928 1321 1964 1.
1351 1922 1577 1972 ὕσαντόςΙ
1601 1940 1644 1965 τε

247 2005 300 2030 sc.
327 1994 400 2030 τοῦ
425 1989 545 2041 Διός,
592 2005 706 2042 quam
738 1992 957 2041 pleniorem
996 1990 1203 2028 dictionem
1239 1991 1399 2040 praebet
1437 1993 1644 2030 Silenus

248 2058 406 2096 Chius
433 2060 474 2096 in
498 2058 631 2096 Schol.
651 2058 882 2096 Mediolon.
910 2056 962 2094 ad
989 2057 1187 2097 Homer.
1219 2058 1360 2106 odyss.
1382 2054 1433 2107 α’,
1456 2060 1522 2097 75.
1559 2060 1643 2097 Eo-

246 2123 335 2161 dem
355 2123 472 2161 modo
496 2125 609 2162 estin
630 2122 809 2174 Sophist.
829 2121 996 2160 Ecenclz.
1015 2123 1047 2168 Ι,
1069 2122 1119 2161 4:
1153 2120 1216 2162 καὶ
1238 2121 1319 2161 ἐπεὶ
1342 2123 1546 2173 συμβαίνει
1570 2121 1643 2175 τὴν

243 2191 329 2240 γῆν,
359 2186 578 2235 ’ὕσαντος
605 2189 785 2241 γίνεσθαι
809 2184 1044 2239 διάβροχον,
1074 2184 1146 2226 κᾶν
1173 2182 1199 2241 ᾗ
1221 2185 1434 2238 διάβροχος
1460 2184 1642 2240 ὑπολαμ-

243 2252 416 2304 βάνομεν
443 2247 548 2294 ὗσαι.
604 2255 721 2295 Adde
751 2254 1090 2305 Theophrast.
1120 2255 1168 2292 de
1192 2256 1299 2305 sign.
1319 2255 1390 2303 IV,
1410 2259 1447 2293 2.
1472 2268 1514 2305 p.
1535 2259 1639 2294 7982

246 2318 392 2370 [εὐδίας
422 2322 619 2372 σημεῖον],
671 2318 767 2360 ὅταν
795 2317 1016 2366 ὕσαντος
1053 2316 1151 2372 πρὸς
1179 2317 1333 2371 δυσμὰς
1357 2319 1562 2369 χαλκῶδες
1589 2317 1635 2359 τὲ

242 2384 340 2439 νέφη
365 2389 510 2439 χρῶμα
538 2384 620 2440 ἔχῃ.
653 2388 702 2425 de
730 2401 855 2424 cau-ss.
874 2388 1064 2436 plantar.
1095 2387 1172 2434 IV,
1197 2387 1269 2434 14,
1290 2390 1328 2424 3.
1357 2399 1398 2436 Ρ.
1418 2388 1519 2425 529:
1547 2384 1638 2438 ἐρυ-

242 2451 332 2503 σίβη
364 2451 407 2491 δὲ
436 2452 561 2504 σῆψίς
587 2451 647 2499 τίς
673 2451 755 2491 ἐστι
781 2453 854 2490 τοῦ
883 2449 1145 2504 ἐφισταμένου
1172 2447 1305 2504 ὑγροῦ.
1351 2448 1411 2489 διὸ
1438 2446 1538 2489 noaz>
1563 2447 1638 2500 μὲν

241 2515 266 2556 {2'
279 2532 431 2557 σαντο
443 2533 463 2565 ς
491 2516 536 2557 οὐ
554 2517 710 2570 γίνεται,
731 2518 798 2556 ubi
816 2519 890 2556 alia
905 2518 1092 2569 quaedam
1113 2519 1197 2555 loca
1214 2517 1322 2555 addit
1348 2518 1374 2555 S
1388 2517 1480 2555 chn
1492 2517 1534 2554 ei
1546 2517 1569 2553 d
1581 2529 1637 2554 er

239 2585 353 2623 Tom.
369 2587 438 2624 IV.
466 2598 506 2635 p.
528 2587 622 2630 361,
650 2598 766 2635 quem
784 2585 900 2622 etiam
921 2585 994 2622 cfr.
1016 2585 1067 2622 ad
1083 2583 1410 2634 Xenophont.
1440 2582 1634 2619 Hellenic.

237 2649 272 2697 1,
295 2654 332 2698 1,
353 2653 482 2688 16.—-
509 2645 586 2689 ῧπό
603 2657 693 2701 post
710 2648 777 2688 καί
791 2650 936 2688 omittit
945 2651 1058 2688 F.-—-
1085 2646 1291 2699 κατέχουσι
1309 2648 1434 2700 prima
1451 2659 1567 2684 manu
1584 2648 1631 2685 E.

236 2716 302 2754 De
329 2727 402 2752 usu
431 2716 611 2755 vocabuli
641 2717 713 2755 cfr.
732 2717 774 2763 Ι,
795 2720 834 2763 7,
855 2719 926 2753 10:
955 2712 1101 2768 βορέας
1126 2717 1299 2764 κατεῖχεν
1327 2719 1367 2751 et
1391 2712 1552 2763 saepius.
1578 2732 1633 2740 -—-

237 2781 331 2820 Post
351 2778 540 2830 κατίχωσι
557 2787 747 2833 punctum
766 2787 919 2832 ponunt
933 2783 980 2821 F,
992 2780 1044 2819 A.
1057 2779 1165 2819 Cam.
1186 2781 1226 2818 S.
1243 2785 1283 2818 et
1298 2777 1438 2816 deinde
1458 2777 1633 2817 scribunt
