1820 3158
310 337 373 381 90
417 344 625 387 -1’.360‚b.
637 323 796 378 Bena—
828 345 1028 384 ‚LIB.11.
1058 345 1253 386 cAP.1v.
1310 345 1529 389 -p.344‚1‹'.
1553 346 1678 382 cas...

306 453 380 506 μὲν
410 447 479 495 οὖν
510 453 716 506 συμβαίνει
745 452 810 492 καὶ
838 450 933 501 τούς
961 451 1137 505 αὐχμοὺς
1165 454 1230 494 καὶ
1259 451 1331 502 τοὶς
1356 454 1577 510 ἐπομβρίας
1602 458 1704 497 πολ-

306 519 402 568 λοὺς
433 519 517 572 ἅμα
544 519 608 559 καὶ
638 515 740 559 κατὰ
767 516 916 572 πολλὴν
942 519 1007 560 καὶ
1038 522 1181 572 συνεχῆ
1217 520 1398 574 γίνεσθαι
1431 519 1591 575 χώραν,
1638 518 1706 562 ὁτὲ

306 587 351 628 δὲ
378 587 443 628 καὶ
473 583 575 626 κατὰ
598 583 723 638 μέρη·
766 583 954 633 πολλάκις
981 583 1055 640 γάρ
1084 583 1110 639 ἥ
1138 585 1212 638 μὲν
1239 584 1369 641 κύκλῳ
1404 585 1520 641 χώρα
1547 584 1707 638 λαμβά-

305 669 360 695 νει
387 651 481 699 τοὺς
508 648 678 704 ὡραίους
706 649 884 706 ὄμβρους
906 650 932 704 ἢ
954 652 1019 692 καὶ
1038 652 1217 703 πλείους,
1247 652 1290 693 ἐν
1308 652 1354 692 δέ
1371 668 1447 693 τινι
1473 651 1583 707 μέρει
1608 649 1708 692 ταύ-

252 726 385 772 12της
413 715 565 770 αὐχμός
592 717 711 758 ἐστιν.
772 724 836 759 12.
868 715 960 759 ‘Ore‘
991 717 1034 758 δὲ
1059 717 1290 759 τούναντίον
1318 722 1388 771 τῆς
1417 717 1547 774 κύκλῳ
1576 716 1707 771 πάσης

301 785 326 838 ἢ
342 785 516 839 μετρίοις
537 783 747 839 χρωμένης
771 782 912 825 ὕδασιν
942 782 966 837 ἢ
987 785 1052 825 καὶ
1071 787 1225 837 μᾶλλον
1242 784 1480 838 αὖχμώσης,
1512 784 1552 825 ἕν
1571 800 1609 824 τι
1628 782 1707 836 μό·-

303 867 388 906 ριον
421 850 570 899 ὕδατος
597 849 783 905 ἄφθονον
811 849 1003 904 λαμβάνει
1030 853 1201 904 πλῆθος.
1243 850 1370 891 αἶ’τιον
1397 850 1436 891 δ’
1461 849 1521 891 ὅτι
1551 848 1605 898 ὡς
1632 849 1706 902 μὲν

300 915 353 959 τὰ
377 916 506 958 πολλὰ
531 916 578 957 τὸ
606 915 704 958 αὐτὸ
732 916 869 965 πάθος
905 918 967 958 ἐπὶ
994 918 1114 958 πλείω
1144 915 1289 970 διήκειν
1318 915 1420 964 εἰκὸς
1444 915 1604 972 χώραν,
1642 913 1707 956 διὰ

300 983 348 1026 τό
374 983 663 1039 παραπλησίως
690 987 848 1024 κεῖσθαι
877 984 978 1039 πρὸς
1002 983 1073 1025 τὸν
1100 982 1213 1036 ἥλιον
1239 982 1290 1024 τὰ
1310 982 1514 1037 σύνεγγυς,
1545 982 1612 1024 ἐὰν
1627 980 1705 1035 μή-

250 1058 348 1092 13τι
378 1048 576 1105 διαφορὰν
615 1048 755 1101 ἔχωσιν
793 1049 908 1091 ἴδιον.
987 1056 1051 1091 13.
1102 1050 1161 1091 Οὐ
1200 1049 1281 1104 μήν
1319 1049 1411 1091 ἀλλ’
1445 1050 1567 1090 ἐνίοτε
1606 1046 1706 1090 κατὰ

299 1118 386 1159 τοδὶ
414 1117 488 1169 μὲν
517 1113 563 1156 τὸ
591 1115 714 1170 μέρος
739 1113 763 1169 ἦ
795 1115 895 1171 ξηρὰ
923 1114 1195 1168 ἀναθυμίασις
1223 1116 1370 1170 ἐγένετο
1400 1117 1564 1168 πλείων,
1606 1113 1708 1158 κατὰ

248 1187 299 1226 14
310 1184 354 1226 δὲ
381 1184 427 1225 τὸ
455 1181 553 1223 ἄλλο
582 1179 606 1235 ἡ
627 1181 876 1235 ἀτμιδώδης,
907 1179 974 1223 ὁτὲ
1003 1182 1047 1223 δὲ
1075 1181 1318 1223 τούναντίον.
1379 1184 1441 1223 14.
1469 1183 1552 1223 Καὶ
1581 1181 1706 1222 αῧτοῦ

300 1251 344 1292 δὲ
371 1249 517 1291 τούτου
546 1247 673 1290 αἴτιον
701 1247 747 1290 τὸ
778 1246 967 1302 ἑκατέραν
994 1249 1246 1300 μεταπίπτειν
1284 1250 1339 1296 εἷς
1365 1247 1437 1301 τὴν
1464 1251 1537 1300 τῆς
1565 1246 1705 1300 ἔχομέ-

299 1333 371 1370 νης
402 1315 539 1371 χώρας
575 1314 872 1368 ἀναθυμίασιν,
920 1312 1004 1356 οἷον
1032 1312 1057 1368 ἥ
1085 1315 1158 1367 μὲν
1187 1312 1288 1369 ξηρὰ
1324 1314 1426 1355 κατὰ
1459 1315 1531 1367 τήν
1560 1314 1705 1355 οἰκείαν

300 1381 364 1439 ῥεῖ
390 1381 550 1438 χώραν,
595 1379 621 1434 ἦ
658 1381 700 1422 ‹5'
733 1379 836 1436 ὑγρὰ
870 1380 970 1437 πρὸς
1006 1380 1079 1434 τὴν
1107 1385 1355 1434 γειτνιῶσαν,
1395 1379 1420 1433 ἢ
1449 1382 1514 1421 καὶ
1542 1382 1598 1428 εἷς
1624 1383 1705 1421 τῶν

298 1448 439 1504 πόρρω
465 1446 555 1490 τινὰ
576 1445 702 1489 τόπον
723 1445 925 1505 Διἰπεώσθη
953 1444 1031 1488 ὕπὸ
1050 1446 1307 1499 πνευμάτων·
1339 1444 1406 1488 ὁτὲ
1434 1445 1473 1487 δ’
1499 1445 1601 1500 αὕτη
1630 1446 1704 1499 μὲν

248 1519 297 1557 15
313 1513 481 1568 ἔμεινεν,
519 1512 543 1567 ἦ
573 1513 614 1555 δ’
648 1514 806 1556 ἐναντία
842 1512 989 1555 ταύτὸν
1014 1511 1208 1566 ἐποίησεν.
1281 1515 1344 1555 15.
1384 1513 1468 1554 Καὶ
1497 1513 1704 1566 συμβαίνει

301 1648 459 1687 flatuosi
488 1654 528 1686 et
555 1648 660 1686 sicci.
730 1651 791 1685 11.
819 1646 1031 1686 Interdum
1055 1647 1176 1697 igitur
1203 1646 1358 1694 evenit,
1388 1652 1432 1684 ut
1453 1646 1640 1684 siccitates
1667 1652 1706 1683 ct

299 1714 447 1753 imbres
475 1715 589 1752 multi
615 1714 731 1752 simul
762 1720 801 1751 et
830 1727 902 1764 per
939 1726 1122 1763 magnum
1158 1713 1502 1764 continentemque
1535 1712 1705 1762 regionis

299 1787 466 1820 tractum
504 1781 711 1828 exsistant,
756 1780 957 1817 interdum
993 1793 1065 1830 per
1098 1784 1242 1830 partes,
1302 1780 1427 1829 Saepe
1455 1779 1560 1817 enim
1584 1779 1705 1828 regio,

301 1861 399 1899 quae
425 1847 730 1896 circumquaque
759 1846 909 1884 adiacet
937 1846 1191 1895 tempestivos
1229 1850 1296 1882 aut
1322 1845 1437 1881 etiam
1470 1845 1607 1895 plures
1637 1858 1705 1882 re-

301 1915 395 1965 cipit
421 1913 596 1958 imbres,
643 1913 753 1950 cuius
781 1918 912 1949 tamen
945 1917 1100 1962 partem
1136 1911 1303 1960 aliquam
1339 1910 1486 1947 siccitas
1525 1916 1703 1960 occupat.

303 1985 364 2019 12.
404 1978 652 2029 Quandoque
683 1991 782 2016 vero
815 1978 1055 2015 contrarium
1084 1977 1236 2023 evenit,
1270 1989 1360 2013 cum
1388 1981 1470 2014 tota
1497 1976 1538 2014 in
1565 1976 1702 2013 orbem

299 2046 409 2096 regio
446 2052 512 2083 aut
546 2044 711 2082 modicis
746 2045 855 2094 aquis
889 2044 1016 2081 utitur
1053 2049 1120 2080 aut
1154 2042 1286 2093 potius
1323 2042 1492 2092 squalet,
1547 2048 1590 2080 ut
1626 2056 1703 2080 una

300 2111 490 2164 quaedam
523 2112 607 2149 eius
639 2125 729 2162 pars
760 2124 882 2161 aquae
910 2110 1137 2148 immensam
1171 2108 1322 2159 copiam
1350 2108 1524 2159 accipiat.
1584 2109 1703 2147 Cuius

299 2179 360 2216 rei
387 2191 499 2216 causa
526 2184 600 2224 est,
631 2177 736 2228 quod
760 2177 922 2214 eandem
942 2175 1185 2214 affectionem
1208 2186 1346 2224 magna
1367 2187 1418 2212 ex
1437 2181 1548 2225 parte
1573 2175 1696 2225 regio-

300 2258 391 2283 nem
438 2245 553 2295 longe
591 2245 745 2295 lateque
784 2243 1004 2294 pervadere
1050 2255 1147 2280 vero
1194 2241 1321 2278 simile
1364 2247 1443 2289 est,
1494 2247 1705 2292 propterea

303 2311 410 2362 quod
441 2311 587 2348 vicinia
619 2311 704 2348 loca
735 2309 975 2348 consimilem
1009 2308 1058 2345 ad
1092 2308 1215 2345 solem
1238 2308 1354 2345 situm
1377 2307 1601 2356 obtineant,
1631 2307 1703 2345 nisi

304 2377 398 2426 quid
446 2378 652 2427 proprium
693 2375 935 2414 differentiae
974 2374 1154 2412 habeant.
1243 2377 1305 2412 13.
1348 2374 1471 2424 Atqui
1503 2373 1704 2411 interdum

300 2442 375 2479 hac
392 2444 432 2479 in
456 2449 565 2492 parte
592 2443 691 2481 sicca
706 2441 900 2480 exhalatio
922 2441 1044 2478 multa
1061 2439 1284 2486 adscendit,
1311 2441 1351 2477 in
1372 2440 1446 2478 alia
1463 2452 1561 2476 vero
1580 2451 1702 2488 προσ

301 2521 410 2555 rosa,
443 2508 644 2546 interdum
670 2508 868 2546 contrario
898 2507 1029 2544 modo.
1090 2507 1150 2546 14.
1181 2507 1288 2556 Quin
1317 2511 1357 2543 et
1384 2504 1484 2543 illud
1511 2503 1626 2540 huius
1645 2504 1703 2541 rei

302 2587 415 2612 causa
435 2580 511 2621 est,
540 2575 645 2624 quod
663 2581 830 2624 utraque
856 2573 1052 2612 exhalatio
1072 2574 1113 2610 in
1135 2586 1240 2617 eam,
1271 2584 1368 2621 quae
1387 2570 1628 2607 cohaerentis
1646 2576 1704 2607 est

302 2641 495 2690 regionis,
519 2640 675 2679 incidat.
733 2640 869 2679 Veluti
888 2640 988 2678 sicca
1008 2639 1165 2690 quidem
1185 2638 1346 2689 propria
1364 2635 1403 2673 in
1425 2635 1584 2686 regione
1603 2635 1703 2682 fluit,

305 2706 464 2744 humida
494 2719 590 2742 vero
619 2707 660 2743 in
686 2706 912 2751 finitimam,
947 2711 1015 2743 aut
1041 2706 1159 2742 etiam
1184 2704 1227 2740 in
1252 2701 1505 2740 remotiorem
1535 2702 1702 2751 aliquem

303 2772 432 2809 locum
464 2785 486 2809 a
518 2771 645 2808 ventis
680 2771 849 2822 impulsa
877 2777 947 2809 est.
1005 2768 1228 2820 Aliquando
1263 2772 1393 2805 autem
1422 2766 1517 2806 haec
1545 2766 1703 2818 quidem
