1760 3138
258 406 351 450 252
405 414 713 454 vEXCERPTA
733 415 814 453 EX
832 415 1125 454 COMMENT.
1142 413 1323 464 ALEX„
1352 417 1385 455 Ι.
1402 418 1546 456 PHIL.

257 520 384 576 ῥύακα
412 538 501 563 τινα
523 527 644 571 ποιεῖ’,
676 519 722 569 ὃς
741 519 832 576 ἄχρι
859 525 931 562 τοῦ
959 526 1144 575 ποταμοῦ
1171 509 1492 578 περιέχειῦῆὗλυκὺ
1533 523 1658 579 ὕδωρ.

257 587 300 628 ἐκ
325 588 499 641 πλαγίων
529 582 599 628 οὗν
629 588 694 628 καὶ
721 586 825 628 κατὰ
851 587 897 629 τὸ
915 587 1061 642 πέρας,
1091 587 1133 629 ἐκ
1151 588 1362 642 θαλάττης
1382 617 1509 630 ......
1528 605 1593 630 ται
1609 592 1659 642 *),

257 651 304 693 οὗ
326 651 464 705 ,δήπου
495 652 539 693 δέ
567 654 632 694 καὶ
663 652 764 694 κατὰ
792 653 864 707 τὴν
894 652 1034 707 ἀρχήν.
1077 653 1139 696 ὅτι
1168 655 1212 696 δὲ
1247 656 1420 709 γίνονται
1458 653 1663 709 ἐκφάνσεις

255 719 320 759 καὶ
358 717 596 770 ἀναπόσεις,
643 720 708 760 καὶ
743 718 804 760 ὅτι
844 719 951 761 ἐστὶν
987 719 1030 761 ἐν
1055 720 1165 776 μέσῳ
1194 725 1266 775 τῆς
1292 721 1501 773 θαλάττης
1537 718 1661 775 ὕδωρ,

256 785 448 826 δείκνυσιν
476 785 519 827 ἐκ
546 789 619 839 τῆς
646 785 838 840 ἱστορίας.
895 789 1093 841 Olymp.
1123 791 1190 828 fol.
1210 793 1278 839 23,
1296 803 1319 828 a
1346 812 1402 819 —
1428 788 1495 836 24,
1516 802 1552 827 a.

362 854 472 901 XII,
514 858 579 893 11.
631 849 851 904 Ὁμοίως
879 852 1041 893 δὲκαὶ
1070 853 1121 894 αἱ
1149 856 1327 908 κρῆναι
1355 881 1492 894 .....
1522 866 1661 906 γειτ-

253 919 462 970 νιῶσιν]
525 919 699 973 Κρηνῶν
727 919 792 959 καὶ
813 922 1006 972 ποταμῶν
1032 918 1078 960 τό
1107 916 1186 960 ἀπὸ
1214 923 1284 973 γῆς
1310 918 1408 971 ἔχειν
1435 917 1508 971 τὴν
1536 916 1663 973 ἀρχὴν

253 983 450 1039 διάφορον
479 983 545 1024 διὰ
571 982 617 1024 τὸ
647 982 787 1025 πόσον.
825 982 941 1037 ὃμὲν
966 984 1042 1040 γὰρ
1069 984 1250 1038 ποταμὸς
1267 984 1356 1028 ἀπὸ
1383 983 1556 1039 μεγάλης
1584 1000 1662 1037 πη-

250 1053 344 1104 γῆς,
382 1047 407 1102 ἦ
441 1050 484 1090 δὲ
521 1049 646 1103 κρήνη
685 1049 762 1091 ἀπὸ
792 1054 949 1105 μικρᾶς.
1001 1052 1067 1092 καὶ
1095 1050 1145 1092 τὰ
1173 1051 1328 1107 φρέατα
1359 1051 1402 1092 δὲ
1431 1049 1509 1092 ἀπὸ
1537 1053 1663 1104 πηγῆς

251 1115 384 1167 ἔχουσι
422 1114 494 1169 τὴν
527 1115 674 1170 ἀρχὴν,
722 1116 826 1157 ἀλλὰ
866 1116 1136 1171 διαφέρουσιν.
1194 1116 1256 1158 ὅτι
1291 1120 1370 1158 ποῦ
1397 1116 1471 1170 μὲν
1500 1116 1562 1156 ἐπὶ
1591 1119 1661 1156 τοῦ

250 1182 425 1236 φρέατος
454 1178 531 1223 ἀπὸ
560 1185 632 1223 τοῦ
660 1181 823 1262 ssdffovf
851 1186 924 1236 τῆς
949 1187 1021 1237 γῆς
1049 1184 1248 1224 ἐκδίδοται
1275 1182 1327 1224 τὰ
1343 1182 1486 1232 ὕδατα,
1504 1186 1594 1226 ,ποῦ
1619 1181 1663 1222 δὲ

250 1247 313 1288 ἐπὶ
341 1251 477 1302 πηγῶν
505 1249 571 1289 καὶ
599 1252 756 1302 κρηνῶν
784 1247 862 1289 ἀπὸ
891 1253 966 1290 τοῦ
995 1250 1057 1289 ἐπὶ
1085 1252 1245 1302 πολλῆς.
1294 1246 1355 1289 διὸ
1382 1248 1556 1301 ποταμοὶ
1587 1247 1662 1300 μέν

250 1315 315 1354 καὶ
342 1318 505 1368 κρῆναι,
537 1313 683 1369 ῥευστὰ
710 1313 842 1366 ἔχουσι
870 1315 922 1356 τὰ
949 1314 1092 1356 υδατα.
1133 1314 1185 1355 τὰ
1213 1314 1257 1354 δὲ
1287 1313 1441 1369 φρέατα
1471 1314 1660 1365 στάσιμα.

251 1379 299 1421 οὗ
326 1380 402 1435 γὰρ
434 1380 612 1435 ἐκρέουσι
650 1380 753 1433 πλὴν
782 1382 815 1421 εἲ
851 1382 916 1422 καὶ
947 1379 1122 1434 στάσιμα
1160 1380 1251 1421 ἐστι
1279 1378 1330 1420 τὰ
1369 1385 1581 1435 φρεατιαῖα
1615 1376 1663 1419 v'-

250 1447 367 1487 δατα.
418 1445 512 1487 ἀλλ’
546 1463 618 1488 ουν
655 1445 767 1499 ὅμως
800 1446 874 1499 οὐχ
903 1445 1023 1500 ὅμοια
1050 1453 1135 1495 τοῖς
1167 1447 1381 1499 λιμναίοις·
1431 1445 1558 1486 ἐκεῖνα
1584 1444 1661 1500 γὰρ

247 1509 470 1553 ὑπόστασιν
497 1512 646 1565 ἔχουσι.
687 1516 817 1553 ταῦτα
846 1513 890 1554 δὲ
919 1513 991 1554 οὗκ
1029 1512 1185 1565 ἔχουσιν
1219 1509 1453 1553 ὑπόστασιν.
1503 1510 1563 1552 διὸ
1603 1511 1662 1551 ἀεὶ

249 1578 450 1619 ἐκδίδοται
477 1578 589 1633 ὕδωρ
619 1578 662 1619 ἐκ
686 1582 766 1620 τῶν
795 1579 903 1620 κάτω
929 1582 1002 1632 τῆς
1022 1582 1106 1632 γῆς.
1165 1579 1315 1631 Olym
1328 1594 1368 1631 p.
1397 1581 1465 1619 fol.
1482 1579 1550 1626 24,
1568 1593 1604 1617 a.

359 1649 490 1696 XIII,
523 1647 589 1686 14.
646 1646 821 1699 Δῆλον
859 1644 914 1686 δέ
950 1645 1062 1686 ἐστι
1100 1647 1252 1686 τοῦτο
1289 1643 1580 1695 θεωμένοις
1615 1639 1663 1695 ἧ-

250 1712 403 1766 μῖν**)
431 1710 521 1760 τὰς
547 1715 638 1765 τῆς
664 1715 754 1766 γῆς
783 1710 1083 1767 περιόδους]
1104 1709 1400 1766 Περιόδους
1420 1709 1463 1749 δὲ
1479 1708 1664 1762 λέγειτῆς

248 1781 322 1832 γῆς
350 1776 529 1832 διάφορα
558 1776 683 1830 αὐτῆς
708 1777 825 1833 μέρη.
855 1778 1034 1832 περιόδοι
1063 1777 1107 1818 δὲ
1132 1776 1310 1831 λέγονται
1339 1775 1405 1816 διὰ
1429 1773 1526 1822 τοὺς
1553 1790 1663 1829 περι-

247 1843 522 1897 νοστήσαντας
549 1844 614 1884 καὶ
644 1844 1014 1898 συγγραψαμένους.
1056 1841 1357 1897 συνεργάψαντο
1385 1840 1461 1895 γὰρ
1489 1839 1562 1893 τὴν
1590 1843 1664 1892 τῆς

247 1914 319 1964 γῆς
347 1909 464 1951 θέσιν
499 1907 554 1958 ὡς
589 1910 655 1950 καὶ
686 1914 767 1951 τῶν
795 1912 987 1962 ποταμῶν
1022 1910 1088 1950 καὶ
1116 1912 1197 1950 τῶν
1225 1911 1374 1949 λοιπῶν
1401 1906 1561 1947 πάντων
1589 1904 1663 1954 τοὶς

249 1974 468 2031 διαφοράς,
525 1979 606 2018 τῶν
642 1975 717 2028 μὲν
764 1974 957 2017 αὐτόπται
997 1974 1221 2030 γενόμενοι,
1267 1977 1348 2015 τῶν
1386 1972 1430 2014 δὲ
1457 1971 1660 2025 αὐτήκοοι.

247 2045 402 2096 Olym
414 2058 455 2096 p.
483 2044 556 2083 fol.
575 2046 641 2093 24,
662 2058 697 2083 a.
1223 2081 1227 2085 .

357 2111 483 2158 XIII,
516 2114 581 2150 15.
631 2105 696 2149 ‘H
718 2106 1001 2162 ἒ’ξωθεν***)
1029 2106 1292 2154 θάλαττα,
1333 2099 1390 2158 ἧς
1417 2102 1471 2145 τὸ
1502 2103 1662 2158 πέρας

249 2173 306 2216 οὗ
347 2171 505 2228 δῆλον
545 2180 660 2222 τοῖς
702 2174 962 2227 ἐνταῦθα]
1009 2173 1116 2223 ’Έξω
1144 2171 1356 2214 θάλατταν
1383 2169 1456 2223 τὴν
1481 2168 1662 2224 ἐρυθρὰν

250 2239 317 2282 διὰ
345 2241 391 2282 τὸ
419 2240 476 2294 μὴ
506 2240 604 2294 ἔχειν
633 2241 766 2297 πέρας.
793 2241 897 2294 πλὴν
925 2244 996 2282 νῦν
1018 2240 1092 2293 μέν
1121 2252 1256 2294 φησιν,
1286 2237 1347 2279 ὅτι
1376 2235 1416 2278 ἕν
1444 2252 1520 2277 τινι
1548 2234 1661 2290 τόπῳ

249 2307 356 2348 ἐστὶν
384 2306 537 2360 ἰσθμὸς
564 2306 775 2349 συνάπτων
805 2306 879 2355 τὰς
905 2306 979 2348 δύο
1010 2306 1208 2360 ἠπείρους.
1255 2303 1358 2356 πλὴν
1386 2304 1420 2344 εἷ
1436 2303 1515 2343 -καὶ
1543 2301 1660 2350 ἔστιν,

248 2373 341 2414 ἀλλ’
376 2369 447 2415 οὗν
490 2375 556 2415 καὶ
585 2373 705 2423 αὐτὸς
732 2372 752 2416 ὃ
784 2372 936 2426 ἰσθμὸς
973 2372 1048 2426 ἔχει
1084 2370 1395 2424 ἐπιβεβλημένην
1431 2368 1658 2410 θάλασσαν.

249 2440 284 2479 εἷ
312 2441 376 2480 καὶ
406 2439 625 2482 διοδεῦεται
655 2436 748 2490 οὖν,
779 2438 872 2481 ἀλλ’
901 2433 972 2481 οὗν
1002 2438 1070 2481 διὰ
1097 2436 1308 2491 θαλάττης
1336 2433 1402 2477 διὰ
1426 2434 1472 2476 τὸ
1503 2432 1661 2486 ἀβαθές

251 2506 317 2545 καὶ
346 2506 590 2549 ἐπιπόλαιον.
650 2511 801 2562 Olym
811 2522 852 2561 p.

294 2652 332 2694 *)
359 2655 500 2687 Lacuna
526 2665 599 2688 non
625 2661 768 2699 apparet
793 2657 831 2690 in
854 2656 935 2692 edit.
957 2654 1095 2689 Aldina.

296 2717 352 2758 ’¹‘*)
376 2721 427 2752 Ita
452 2720 544 2754 enim
567 2721 649 2755 edit.
670 2722 850 2757 Aldina.

296 2784 373 2827 ***)
395 2787 446 2819 Ῑῑᾶ
467 2787 593 2832 legitur
617 2790 706 2832 apud
730 2789 811 2822 Ald.
837 2787 995 2831 quamvis
1018 2786 1092 2829 ipse
1116 2772 1501 2826 olympiodorus,
1535 2791 1658 2824 quem-

341 2841 525 2875 admodum
551 2847 645 2886 paiet
670 2855 716 2878 ex
739 2843 984 2887 sequentibu8‚
1009 2841 1075 2880 ἔξω
1097 2838 1245 2885 legerit.-

1756 2833 1760 2862 ι’

1756 2868 1758 2882 4
