1774 3198
342 400 346 403 *
391 385 612 427 LIBRUM
642 383 970 424 SECUNDUM.
1030 383 1147 424 CAP.
1167 385 1273 426 vm.
1460 376 1558 422 609

112 499 333 538 Aristotel.
356 512 396 550 p.
416 501 485 537 87.
508 504 594 537 not.
615 501 712 544 220,
730 497 856 536 euius
877 497 1004 536 verba
1024 496 1230 536 adscribo:
1259 494 1302 536 ἐν
1321 488 1355 552 ᾧ
1372 496 1556 554 refertur

46 605 54 615 .
114 567 177 605 ad
194 569 391 605 omissum
420 567 494 605 τοῦ
522 562 667 612 τόπου,
698 565 812 617 quod
828 565 890 603 ad
904 563 1076 617 πλησίον
1091 565 1408 617 intelligendum
1426 566 1557 605 νείἰη-Δ

114 637 270 686 quitur.
329 635 430 672 Post
451 632 674 686 γενομένων
698 647 795 671 vero
816 634 1006 684 suppleri
1029 631 1148 671 debet
1167 628 1398 682 av'nffivsut
1419 634 1558 685 signi-

101 701 265 750 ficetur
307 699 468 740 lunae
515 701 758 752 sphaera
798 714 908 738 eum
947 700 1128 738 sidere
1177 701 1371 750 ipsius.
1439 701 1559 739 Nam

116 765 227 822 φορά
268 778 308 807 et
349 769 644 819 sphaeram
689 770 830 818 ipsam
866 768 1043 805 denotat
1074 766 1358 817 philosopho,
1404 769 1480 818 qui
1508 767 1559 806 de

113 838 223 875 caelo
252 837 302 882 11,
329 840 380 876 12
409 837 498 875 init.
528 834 694 881 δικαίως
723 831 964 887 ἀπορήσειεν
994 830 1045 873 ἄν
1063 847 1146 880 τις,
1174 830 1242 872 διὰ
1264 832 1355 873 τίνα
1383 830 1470 873 ποτ’
1493 834 1559 873 αἶ·-

113 903 205 943 τιάν
235 902 278 943 ἓν
305 902 381 955 μὲν
409 906 460 958 τῇ
490 900 632 957 πρώτῃ
659 904 769 959 φορᾷ
798 899 998 942 τοσοῦτόν
1028 899 1138 940 ἐστιν
1175 897 1359 954 ἀστέρων
1396 902 1561 953 πλῆθος

118 995 170 1001 -
202 970 266 1010 ἐπὶ
296 970 340 1011 δὲ
367 974 449 1011 τῶν
477 968 612 1010 ἄλλων
640 966 683 1010 (ἓν
709 968 837 1022 χωρὶς
866 965 1035 1008 ἕκαστον
1065 970 1165 1020 (leg.
1190 965 1387 1023 ἄστρον),
1419 966 1493 1009 δύο
1515 968 1560 1010 δὲ

114 1036 141 1091 ἢ
163 1039 286 1080 πλείω
319 1036 366 1078 οὗ
398 1039 582 1093 φαίνεται
613 1037 655 1078 ἓν
685 1039 736 1092 τῇ
765 1035 868 1091 αὐτῇ
905 1034 1143 1087 ἐνδεδεμένα
1172 1037 1284 1097 φορᾷ
1324 1035 1364 1073 Ιι.
1394 1051 1424 1074 e.
1463 1037 1560 1076 Iure

117 1107 336 1146 dubitabit
366 1109 546 1159 aliquis,
587 1121 673 1158 qua
704 1106 874 1144 tandem
896 1106 947 1142 de
976 1118 1110 1143 eausa
1142 1106 1190 1141 in
1216 1105 1362 1154 primo
1397 1104 1562 1154 quidem

117 1173 214 1212 orbe
242 1183 370 1213 tanta
399 1178 457 1213 sit
483 1175 701 1212 stellarum
733 1172 982 1218 multitudo;
1019 1174 1065 1210 in
1094 1173 1275 1208 caeteris
1302 1184 1400 1209 vero
1434 1185 1562 1210 unum

115 1242 232 1280 sidus
259 1243 475 1287 deorsum5
520 1242 600 1279 duo
632 1248 774 1278 autem
804 1240 874 1278 vel
898 1240 1035 1289 plura
1075 1238 1208 1276 eidem
1238 1236 1446 1288 sphaerae
1477 1253 1562 1277 non

116 1318 346 1361 cernantur
383 1310 571 1360 illigata.
639 1310 698 1346 Et
725 1306 963 1351 sickeodem
999 1308 1142 1356 capite
1182 1306 1356 1355 saepius
1393 1304 1562 1344 verbum

115 1378 224 1416 illud
257 1385 436 1428 usurpat
464 1373 729 1414 Aristoteles.

232 1449 300 1484 33.
331 1441 567 1495 ὀψιαίτερον
596 1456 674 1494 pro
693 1439 964 1494 πρωὶάίτερον
982 1441 1038 1479 Η.
1060 1440 1109 1478 Ν.
1139 1440 1213 1490 τῆς
1233 1435 1470 1492 ὀψιαίτερον
1500 1437 1563 1480 ἔκ-

117 1511 292 1563 λείψεως
318 1509 586 1564 πρωϊαίτερον
615 1510 735 1548 Alex.
757 1509 831 1549 fol.
856 1511 950 1556 109,
969 1521 1000 1545 a.
1031 1508 1082 1547 A.
1101 1509 1144 1546 P.
1164 1508 1205 1546 S.
1225 1507 1313 1546 Cas.
1344 1508 1418 1558 τῆς
1438 1503 1564 1558 ὂψαί-

118 1594 238 1633 τερον
267 1576 485 1628 ἐκλείψεως
513 1578 624 1616 Cam.
648 1599 705 1605 -
733 1574 827 1628 περί
853 1581 946 1613 ante
975 1571 1276 1626 τετταράκοντα
1304 1575 1496 1613 omittunt
1515 1577 1563 1614 F.

120 1649 231 1687 Cam.
259 1641 560 1698 τετταράκοντα
588 1639 742 1697 ἡμέρας
770 1638 926 1695 πρόεισι
956 1638 1152 1687 πολλάκις
1180 1641 1229 1679 Ε.
1250 1641 1368 1680 Alex.
1393 1641 1444 1679 A.
1473 1655 1565 1681 τετ-

120 1711 356 1767 ταράκοντα
385 1711 478 1751 σείει
504 1690 668 1765 ἦμερῶν
694 1713 741 1750 F.
773 1711 884 1749 Cam.
918 1712 964 1750 P.
997 1711 1039 1747 S.
1072 1710 1156 1748 Cas.
1190 1731 1246 1738 —-
1295 1705 1445 1755 αὐτούς
1471 1715 1565 1748 ante

120 1780 275 1828 τόπους
297 1781 447 1818 omittit
466 1781 514 1817 E.
554 1781 618 1818 De
642 1793 689 1818 re
721 1779 795 1817 cfr.
826 1778 981 1817 Kries
1010 1778 1037 1815 l.
1058 1777 1086 1815 l.
1118 1790 1160 1828 p.
1183 1779 1224 1815 7.
1281 1775 1402 1815 Adde
1431 1777 1562 1815 Plin.

124 1852 240 1888 Hist.
262 1856 404 1887 natur.
423 1849 480 1894 ΙΙ,
500 1851 565 1896 82,
586 1846 663 1885 84:
696 1847 909 1884 Desinunt
928 1852 1070 1882 autem
1090 1851 1301 1891 tremores,
1323 1857 1446 1894 quum
1463 1857 1564 1881 ven·

125 1925 192 1955 tus
214 1917 405 1954 emersit:
433 1917 501 1952 sin
528 1929 625 1953 vero
649 1914 877 1961 duravere,
909 1926 994 1950 non
1023 1918 1123 1950 ante
1152 1910 1448 1962 quadraginta
1479 1911 1566 1949 dies

122 1986 350 2023 sistuntur:
371 1983 619 2034 plerumque
638 1990 678 2019 et
699 1980 886 2026 tardius,
918 1986 1061 2029 utpote
1082 1991 1206 2029 quum
1228 1977 1404 2028 quidam
1424 1991 1565 2016 annuo

124 2059 164 2090 et
183 2050 343 2089 biennii
361 2052 501 2100 spatio
521 2047 782 2087 duraverint.

240 2119 307 2157 34.
334 2108 457 2170 ᾗγὰρ
486 2113 744 2166 ἀντιτυπήσει
773 2115 825 2153 Ν.
856 2104 983 2167 ᾗγὰρ
1014 2108 1063 2152 ἂν
1089 2107 1347 2161 ἀντιτυπήσει
1367 2112 1421 2149 Η.
1439 2132 1495 2138 -—
1524 2124 1567 2150 τε

126 2192 219 2239 post
244 2183 424 2236 μάλιστα
454 2184 606 2222 omittit
625 2186 672 2221 F.
692 2203 749 2209 -—
777 2183 874 2219 Post
891 2176 1005 2233 ὕδωρ
1035 2181 1085 2218 Ε.
1109 2180 1163 2217 Η.
1184 2176 1240 2215 N.
1269 2178 1390 2216 Alex.
1412 2177 1466 2217 A.
1494 2177 1569 2216 ad-

129 2255 232 2292 dunt
261 2251 302 2291 ἒν
331 2248 510 2302 σώματι,
541 2264 641 2301 quae
662 2249 787 2288 verba
816 2261 869 2286 ex
888 2246 1067 2298 sequenti
1095 2246 1202 2283 linea
1223 2245 1487 2296 irrepserunt.
1513 2267 1570 2274 —-

128 2317 186 2372 μὴ
211 2315 435 2369 δυνάμενον
462 2332 540 2371 pro
567 2313 613 2356 οὗ
637 2311 858 2366 δυνάμενον
877 2317 926 2353 F.
956 2314 1027 2365 qui
1046 2312 1236 2364 deinceps
1252 2325 1328 2364 pro
1353 2310 1576 2359 διεξελθεῖν,

128 2388 246 2440 ponit
273 2387 507 2438 simpliciter
536 2384 802 2435 compositum
829 2381 1018 2421 διελθεῖν.

247 2458 314 2494 35.
356 2451 408 2492 ἐκ
442 2452 788 2506 προσαγωγῆς
824 2449 1088 2501 explicuimus
1116 2448 1167 2486 ad
1189 2450 1231 2494 1,
1255 2450 1331 2497 13,
1354 2450 1422 2486 23.
1454 2447 1569 2494 cfr.I,

134 2523 201 2570 14,
223 2527 261 2563 7.
281 2545 321 2549 —
365 2517 667 2574 μαραινομένου
693 2532 770 2571 pro
794 2517 1016 2569 composito
1041 2515 1095 2555 N.
1120 2538 1176 2544 —
1219 2515 1449 2554 Articulum
1481 2519 1572 2553 ante

134 2586 414 2641 ἀναθυμίασις
456 2589 647 2627 omittunt
683 2588 732 2626 E.
762 2588 811 2625 F.
851 2598 1078 2638 perperam.
1113 2605 1168 2613 -
1218 2580 1344 2633 δῆλον
1373 2577 1435 2620 ὅτι
1462 2581 1572 2619 deest

133 2658 241 2710 apud
274 2659 328 2698 H.
349 2656 404 2695 N.

249 2729 317 2765 36.
356 2721 406 2763 ἅν
436 2729 527 2775 post
556 2720 632 2768 ἕως
662 2722 813 2760 omittit
838 2723 888 2760 F.
929 2712 1001 2760 οὖν
1027 2719 1138 2758 deest
1163 2719 1208 2757 in
1233 2716 1289 2756 N.
1319 2740 1375 2747 —-
1420 2712 1571 2769 ἀνάγκη

141 2793 288 2831 omittit
299 2792 349 2838 E.
381 2790 497 2831 σείειν
518 2790 698 2830 correxit
714 2790 774 2839 E„
804 2788 874 2840 qui
890 2787 1054 2827 videtur
1074 2792 1189 2825 antea
1204 2785 1388 2824 habuisse
1403 2784 1574 2823 verbum

139 2859 309 2899 finitum.
320 2883 376 2889 —
393 2860 506 2900 Idem
526 2857 705 2899 correxit
724 2857 842 2895 etiam
859 2852 1135 2909 ἠρεμαίτερον,
1155 2854 1266 2893 cuius
1284 2854 1327 2892 in
1338 2854 1470 2893 locum
1481 2848 1576 2905 ἦρε-

1244 2914 1296 2950 39
