1774 3184
234 338 310 378 ET
331 336 548 378 OLYMP.
580 337 643 376 IN
666 335 852 376 ARIST.
874 336 1206 377 METEOROL.
1246 339 1351 379 LIB.
1373 340 1405 379 Ι.
1469 332 1560 374 177

118 464 201 491 νων
229 449 295 490 καὶ
323 451 406 490 τῶν
430 444 657 500 χασμάτων
686 443 806 500 αὕτη.
851 443 1011 488 ἐπειδὰν
1039 445 1086 489 τὸ
1115 446 1243 500 μέλαν
1270 448 1392 505 νέφος
1420 450 1488 492 καὶ
1513 450 1561 492 τὸ

120 516 308 572 λαμπρὸν
337 515 380 556 ἓν
406 518 465 571 τῷ
496 513 606 572 αὐτῷ
637 508 735 557 ὦσιν
759 513 954 572 ἐπιπέδῳ,
983 512 1059 556 κᾶν
1086 513 1189 570 τύχῃ
1218 515 1333 573 πέριξ
1358 517 1435 572 μὲν
1462 515 1561 560 εἶναι

117 584 164 625 τὸ
196 582 397 639 λαμπρόν,
431 582 473 624 ἓν
493 581 616 639 δὲτῷ
638 581 751 639 μέσῳ
782 582 827 624 δὲ
853 581 901 624 τὸ
928 581 1082 635 μέλαν·
1112 582 1248 637 ἐπειδὴ
1275 583 1323 627 τὸ
1352 585 1427 640 μὲν
1455 589 1563 641 λαμ-

117 649 222 707 πρὸν
259 654 418 705 μᾶλλον
458 656 560 692 κινεῖ
590 649 663 705 τὴν
693 649 792 704 ὄψιν
821 649 888 691 ἐπ)
919 649 1088 692 ἔλαττον
1118 651 1163 692 δὲ
1190 650 1238 692 τὸ
1267 652 1417 707 μέλαν,
1457 667 1562 709 συμ-

115 720 246 772 βαίνει
274 717 512 774 βαθύτερον
541 719 762 774 φαίνεσθαι
789 717 837 760 τὸ
864 717 1004 771 μέσον.
1035 717 1132 759 ἀλλ’
1159 719 1194 760 εἲ
1220 718 1296 773 μὲν
1326 715 1398 763 οὖν
1426 720 1561 777 ὀλίγον

117 788 302 842 φαίνεται
316 784 461 840 χάσμα
480 789 673 838 καλεῖται,
695 788 731 828 εἴ
750 786 795 828 δὲ
815 785 985 828 ἐπιπολὺ
1003 785 1204 839 βόθυνος.
1235 786 1369 846 τούτῳ
1387 787 1464 844 γὰρ
1483 787 1560 843 μό·
1618 812 1628 817 >

115 871 187 895 νον
214 853 402 908 ἀλλήλων
428 853 681 910 διαφέρουσι.
712 853 814 896 ὅθεν
842 855 909 896 καὶ
939 853 1018 895 ἀπὸ
1047 858 1129 896 τῶν
1155 853 1312 905 ἔξωθεν
1334 855 1560 911 χασμάτων

114 921 182 962 καὶ
211 920 408 975 βοθύνων
437 920 592 978 εἴρηται
620 926 916 978 μεταφορικῶς.
957 921 1091 964 ἰστέον
1124 923 1190 976 δέ,
1223 921 1287 965 ὅτι
1315 921 1438 980 ὅνπερ
1462 922 1560 981 τρό-

113 1005 192 1031 πον
222 989 379 1044 ἀληθές
407 991 529 1031 εἰπεῖν
555 990 676 1042 ἔστιν,
709 988 770 1031 ὅτι
791 989 842 1031 τὰ
862 990 1034 1044 πλησίον
1063 989 1279 1044 κινούμενα
1303 995 1387 1033 τῶν
1414 991 1558 1047 πόρρω

112 1054 266 1110 ὁμοίως
300 1058 366 1099 καὶ
404 1058 605 1111 ἰσοταχῶς
639 1057 886 1111 κινουμένων
925 1058 1139 1113 φαίνονται
1175 1056 1399 1114 ταχύτερον
1436 1066 1557 1102 κινεῖ-

114 1128 231 1177 σθαι,
263 1123 395 1175 οὕτως
422 1124 497 1167 οὒκ
524 1123 678 1167 ἄτοπον
707 1126 851 1178 εἰπεῖν,
892 1123 956 1166 ὅτι
984 1123 1036 1166 τὰ
1060 1129 1220 1179 μᾶλλον
1250 1126 1373 1168 λευκὰ
1401 1125 1427 1181 ἢ
1450 1131 1556 1182 λαμ-

111 1192 196 1249 πρὰ
224 1196 307 1235 τῶν
332 1191 519 1246 μελάνων
554 1198 740 1249 προκινεῖ
772 1191 850 1247 τὴν
888 1190 989 1247 ὄψιν
1025 1194 1083 1242 εἷς
1111 1191 1343 1249 ἀντίληψιν.
1386 1194 1450 1238 διὸ
1481 1195 1556 1238 κᾶν

109 1258 154 1302 ἓν
180 1263 249 1316 τῷ,
269 1259 380 1317 αὐτῷ
407 1259 584 1313 τύχωσιν
610 1258 710 1302 ὄντα
738 1259 937 1318 ἐπιπέδῳ,
986 1260 1175 1315 ἐξέχοντα
1208 1262 1398 1304 δοκοῦσιν
1437 1261 1551 1317 εἶναι,

106 1326 154 1369 τὸ
186 1328 231 1369 δὲ
256 1327 384 1380 μέλαν
413 1328 455 1370 ἐν
481 1327 622 1382 βάθει.
664 1327 727 1370 διὸ
758 1329 826 1370 καὶ
856 1327 896 1370 οἲ
925 1328 1131 1386 ζωγράφοι
1160 1328 1322 1371 ἐπειδάν
1350 1346 1388 1372 τι
1419 1330 1554 1384 ἔξέχον

107 1389 253 1449 ζητῶσι
282 1398 470 1450 ποιῆσαι,
511 1393 598 1438 οἷον
624 1395 800 1450 μαζούς,
842 1395 1010 1446 λευκοὺς
1048 1396 1199 1446 αὐτοὺς
1226 1402 1431 1450 ποιοῦσιν,
1473 1398 1553 1441 ὅσα

106 1462 149 1505 δ’
173 1463 216 1505 ἓν
242 1462 370 1518 βάθει
397 1463 567 1517 μέλανα,
597 1460 684 1506 οἷον
712 1462 962 1521 ὀφθαλμούς
970 1496 982 1515 ,
1014 1463 1086 1506 διὰ
1112 1462 1160 1506 τὸ
1188 1464 1332 1507 λευκὸν
1362 1463 1418 1514 ὡς
1444 1470 1552 1520 μᾶλ-

105 1533 178 1572 λον
205 1520 341 1573 κινοῦν
368 1532 541 1586 πλησίον
571 1533 807 1588 φαίνεσθαι,
837 1531 885 1574 τὸ
917 1531 962 1574 δὲ
988 1531 1139 1585 μέλαν,
1178 1529 1234 1580 ὥς
1261 1525 1409 1585 ἦττον,
1448 1550 1552 1589 πορ-

105 1598 285 1655 ρωτέρω.
338 1598 529 1654 προαγὼν
568 1599 642 1653 τὴν
672 1599 938 1640 διδασκαλίαν
966 1602 1049 1640 τῶν
1081 1597 1367 1654 ὀλιγοχρονίων
1395 1598 1421 1654 ἢ
1451 1599 1551 1655 ἀλη-

104 1669 198 1708 θῶν
225 1664 251 1719 ἢ
279 1667 446 1719 ψευδῶν
475 1663 496 1707 ὃ
519 1665 822 1721 Ἀριστοτέλης,
852 1665 1041 1721 τρέπεται
1071 1669 1142 1707 νῦν
1171 1665 1236 1706 ἐπὶ
1264 1663 1318 1706 τὰ
1346 1667 1552 1723 πολυχρό-

104 1749 171 1775 νια
213 1733 280 1774 καὶ
315 1731 516 1789 πρότερον
554 1732 777 1788 διαλέγεται
818 1734 908 1790 περὶ
946 1731 1138 1791 κομήτων
1166 1730 1214 1774 οὐ
1241 1732 1400 1787 μάτην,
1445 1734 1551 1777 ἀλλὰ

105 1799 210 1842 διότι
242 1793 363 1849 οὗτος
391 1797 478 1843 οἷον
508 1800 684 1860 διᾴττων
714 1800 824 1844 ἐστὶν
852 1799 1081 1855 ἱστάμενος.
1138 1794 1189 1854 ἦν
1218 1799 1264 1842 δὲ
1294 1797 1391 1854 ἡμῖν
1420 1816 1549 1858 προσ-

103 1872 204 1922 εχῶς
239 1869 330 1925 περὶ
366 1866 603 1928 διᾴττοντος
632 1866 653 1910 ὃ
681 1867 813 1924 λόγος.
852 1867 957 1922 μετὰ
986 1868 1031 1909 δὲ
1057 1866 1130 1909 τὸν
1157 1866 1342 1922 κομήτην
1371 1868 1458 1925 ἕρεῖ
1482 1872 1549 1912 καὶ
1607 1919 1611 1922 ⁴

101 1936 194 1991 περὶ
218 1936 425 1991 γαλαξίου,
456 1935 591 1991 ἐπειδὴ
612 1934 633 1979 ὃ
653 1938 848 1992 γαλαξίας
876 1935 996 1979 οὐδὲν
1024 1933 1162 1991 ἕτερόν
1191 1935 1300 1977 ἔστιν
1329 1937 1366 1978 εἶ
1389 1937 1448 1992 μὴ
1479 1955 1550 1980 κο-

100 2001 234 2063 μήτης
270 2003 477 2054 κυκλικός·
507 2003 600 2058 τὴν
639 2005 684 2046 δὲ
720 2006 811 2061 περὶ
849 2008 931 2047 τῶν
967 2002 1161 2058 κομήτων
1201 2003 1468 2047 διδασκαλίαν
1505 2005 1548 2047 έν

99 2072 207 2127 τρισὶ
246 2072 444 2128 θεωρίαις
482 2072 763 2127 παραδίδωσι,
815 2073 881 2114 καὶ
913 2072 955 2114 ἓν
985 2071 1062 2126 μὲν
1091 2075 1143 2128 τῇ
1170 2069 1314 2127 πρώτῃ
1345 2071 1420 2120 τὰς
1456 2074 1547 2128 περὶ

101 2138 235 2182 αὗτῶν
263 2139 478 2195 γενομένας
505 2138 628 2189 δόξας
655 2137 880 2196 ὑφηγεῖται.
931 2139 974 2181 έν
1004 2139 1050 2181 δὲ
1078 2143 1129 2196 τῇ
1159 2138 1329 2198 δευτέρα
1360 2140 1547 2195 διελέγχει

100 2205 267 2255 ταύτας.
297 2206 340 2247 ἐν
360 2206 405 2248 δὲ
423 2210 474 2263 τῇ
495 2207 612 2263 τρίτῃ
632 2206 706 2261 τὴν
735 2207 875 2262 ἀληθῆ
904 2207 1005 2263 λέγει
1034 2208 1125 2263 περὶ
1156 2205 1291 2249 αὖτῶν
1319 2202 1545 2261 ὗπόληψιν,

101 2272 254 2315 ταύτὸν
285 2272 326 2314 δ’
351 2274 472 2315 εἰπεῖν
500 2273 575 2327 τὴν
607 2274 756 2316 οῗκείαν
794 2276 932 2325 δόξαν.
980 2272 1205 2330 ἀρξώμεθα
1243 2267 1316 2315 οὗν
1354 2271 1435 2315 ἀπὸ
1473 2278 1548 2328 τῆς

101 2339 281 2397 πρώτης.
331 2339 603 2396 Ἀναξαγόρας
641 2341 717 2395 μὲν
755 2338 777 2383 ὅ
808 2341 1084 2395 Κλαζομένιος
1120 2341 1186 2382 καὶ
1216 2338 1481 2395 Δημόκριτος
1520 2338 1542 2383 ὃ

95 2407 342 2464 Ἀβδηρίτης
367 2407 441 2450 τὸν
468 2406 650 2462 κομήτην
678 2408 836 2464 ἔφασαν
864 2407 964 2451 εἶναι
993 2407 1166 2450 σύνοδον
1193 2411 1277 2450 τῶν
1305 2406 1420 2449 πέντε
1439 2411 1545 2450 πλα-

99 2476 304 2530 νωμένων.
357 2475 529 2517 σύνοδον
567 2476 612 2516 δὲ
647 2475 721 2518 οὐκ
759 2476 824 2517 ἐπ’
858 2476 1022 2524 εὐθείας
1049 2475 1282 2531 γινομένην,
1329 2473 1433 2529 αὕτη
1462 2474 1542 2532 γὰρ

102 2543 200 2586 οὐδὲ
239 2543 389 2598 κυρίως
428 2543 622 2596 σύνοδος,
665 2540 768 2584 ἀλλὰ
797 2543 900 2585 κατὰ
929 2542 1075 2585 κύκλον
1105 2534 1295 2596 ἀλλήλοις
1322 2541 1542 2586 συνιόντων

101 2612 216 2666 δίκην
255 2614 375 2653 τινῶν
411 2627 453 2653 τε
491 2615 635 2666 μαχῶν
674 2610 997 2664 συντιθεμένων,
1054 2606 1110 2658 ὧς
1145 2610 1329 2667 γίνεσθαι
1354 2608 1538 2653 “κύκλον.

100 2677 358 2735 Πυθαγόρας
373 2679 409 2734 '‘)
439 2679 484 2721 δὲ
513 2680 580 2722 καὶ
604 2676 877 2735 Ἱπποκράτης
918 2676 994 2732 οὐχ
1022 2674 1043 2719 ὃ
1074 2679 1199 2735 Κῷος
1236 2675 1332 2719 ἀλλ’
1367 2674 1389 2718 ὃ
1418 2680 1537 2729 Χῖος,

145 2826 180 2870 *)
203 2826 284 2861 Ald.
307 2822 548 2872 Πυθαδόρας.
774 2867 789 2882 ο
1151 2876 1201 2911 12
