1820 3158
328 362 388 403 70
435 368 821 410 -p.355‚a.sse1«1‹.-
895 369 1063 406 LIB.11.
1094 340 1274 405 GAP.11.
1337 359 1702 408 —p.340‚n.t3as.-

324 477 424 528 μετὰ
451 477 522 529 τὴν
542 476 700 530 γένεσιν,
732 480 803 516 τοῦ
833 476 877 516 δὲ
904 476 1109 530 γινομένου
1138 475 1203 514 καὶ
1233 473 1502 528 φθειρομένου
1530 471 1645 514 πάλιν
1673 476 1727 519 εἰς

328 542 455 598 ὕδωρ,
485 542 574 583 ἀλλ’
600 539 748 593 ὁμοίως
769 539 944 589 ἅπαντος
972 540 1233 592 διαλυομένου
1259 540 1323 581 καὶ
1345 539 1630 591 συνισταμένου
1652 538 1727 578 πά-

275 613 394 650 13λιν
423 611 478 657 εἷς
504 607 625 661 ὕδωρ.
685 613 748 646 13.
786 606 844 648 Τὸ
862 607 935 659 μὲν
956 602 1028 648 οὗν
1046 606 1215 659 πότιμον
1243 607 1308 647 καὶ
1334 605 1456 659 γλυκὺ
1485 604 1550 645 διὰ
1579 604 1730 660 κουφό-

325 691 427 728 τητα
463 678 541 714 πᾶν
570 671 773 726 ἀνάγεται,
818 672 863 714 τὸ
925 672 936 687 ³
970 671 1149 728 ἁλμυρὸν
1185 671 1369 725 ὑπομένει
1408 671 1473 712 διὰ
1502 670 1630 726 βάρος
1658 670 1730 711 οὐκ

326 742 366 780 ἓν
397 744 452 796 τῷ
485 738 609 780 αὐτοῦ
639 740 767 794 οἰκείῳ
796 737 931 794 τόπῳ·
970 743 1087 780 τοῦτο
1119 739 1193 793 γὰρ
1224 739 1378 791 οἳητέον
1407 738 1666 792 ἀπορηθῆναί
1690 753 1730 777 τε

327 805 608 860 προσηκόντως
637 804 808 859 (ἄλογον
835 804 910 858 γὰρ
940 805 974 845 εἴ
993 802 1048 858 μή
1075 806 1136 852 τίς
1165 805 1246 844 ἔστι
1275 803 1397 853 τόπος
1424 804 1572 852 ὕδατος
1601 802 1731 855 ὥσπερ

328 876 406 913 τῶν
435 871 565 927 ἄλλων
596 872 813 924 στοιχείων)
843 872 907 911 καὶ
936 869 1086 923 ταύτην
1115 868 1210 911 εἶναι
1238 868 1373 911 λύσιν·
1404 870 1450 912 ὃν
1477 870 1551 924 γὰρ
1580 867 1734 924 ὁρῶμεν

328 938 571 991 κατέχουσαν
609 936 733 978 τόπον
768 937 841 990 τὴν
880 936 1113 985 θάλατταν,
1162 929 1281 983 οὗτος
1319 935 1391 977 οὐκ
1418 936 1498 977 ἔστι
1526 935 1735 987 θαλάττης

277 1003 438 1044 Mam&
463 1006 617 1056 μᾶλλον
646 1002 806 1051 ὕδατος.
868 1006 931 1043 14.
967 1004 1157 1044 Φαίνεται
1182 1002 1226 1042 δὲ
1254 1001 1483 1055 θαλάττης,
1513 1000 1575 1043 ὅτι
1595 1001 1735 1054 τὸμὲν

329 1069 507 1124 ἁλμυρὸν
537 1068 720 1122 ὑπομένει
751 1069 816 1110 διὰ
844 1069 890 1110 τὸ
915 1068 1066 1124 βάρος,
1095 1068 1141 1109 τὸ
1173 1068 1216 1108 δὲ
1243 1068 1365 1122 γλυκὺ
1395 1070 1458 1109 καὶ
1489 1067 1658 1120 πότιμον
1689 1067 1737 1108 ἀ-

329 1136 484 1191 νάγεται
514 1136 580 1177 διὰ
607 1135 679 1188 τὴν
709 1134 960 1190 κουφότητα,
1001 1133 1187 1188 καθάπερ
1218 1135 1259 1174 ἒν
1287 1141 1370 1182 τοῖς
1398 1139 1478 1176 τῶν
1509 1133 1620 1190 ζῴων
1659 1133 1738 1176 σώ-

328 1218 462 1256 μασιν.
513 1204 577 1244 καὶ
605 1201 680 1256 γὰρ
711 1201 751 1242 ἐν
780 1201 936 1250 τούτοις
963 1206 1036 1255 τῆς
1069 1204 1223 1256 τροφῆς
1261 1199 1523 1253 εἰσελθούσης
1559 1202 1739 1254 γλυκείας

330 1267 445 1323 ἣτῆς
471 1266 595 1324 ὑγρᾶς
621 1272 776 1323 τροφῆς
803 1266 1022 1315 ὑπόστασις
1050 1268 1113 1308 καὶ
1142 1267 1188 1307 τὸ
1220 1268 1449 1322 περίττευμα
1471 1268 1651 1321 φαίνεται
1674 1284 1738 1306 πι-

330 1335 426 1389 κρὸν
455 1334 500 1376 ὂν
530 1335 594 1375 καὶ
617 1332 818 1388 ἁλμυρόν·
849 1334 894 1374 τὸ
920 1334 995 1388 γὰρ
1025 1333 1145 1388 γλυκὺ
1175 1334 1238 1373 καὶ
1267 1332 1437 1385 πότιμον
1463 1331 1540 1373 ὑπὸ
1569 1336 1640 1385 τῆς
1669 1333 1739 1384 ‘'u-

331 1401 461 1457 φύτου
501 1397 752 1454 θερμότητος
792 1397 985 1441 ἑλκυσθὲν
1029 1402 1084 1448 εἷς
1119 1400 1192 1447 τὰς
1230 1398 1381 1454 σάρκας
1419 1401 1482 1440 καὶ
1511 1399 1584 1452 τὴν
1614 1398 1739 1452 ἄλλην

280 1467 524 1515 15σύνταξιν
551 1462 655 1519 ἦλθε
685 1470 764 1507 τῶν
791 1470 945 1520 μερῶν,
985 1464 1038 1515 ὡς
1066 1467 1231 1507 ἕκαστον
1260 1466 1443 1520 πέφυκεν.
1503 1471 1566 1506 15.
1588 1464 1739 1519 ’Ὠσπερ

332 1528 403 1574 οὖν
432 1532 546 1574 κάκεῖ
568 1531 731 1580 ἄτοπον,
761 1532 872 1580 εἴτις
891 1537 962 1586 τῆς
982 1534 1153 1584 ποτίμου
1182 1536 1337 1587 τροφῆς
1363 1532 1419 1585 μὴ
1439 1533 1590 1584 νομίζοι
1617 1530 1740 1572 τόπον

334 1598 431 1641 εἶναι
458 1598 532 1652 τὴν
559 1599 731 1648 κοιλίαν,
770 1597 831 1639 ὅτι
859 1599 1011 1651 ταχέως
1040 1598 1281 1653 ἀφανίζεται,
1320 1598 1422 1639 ἀλλὰ
1450 1602 1522 1640 τοῦ
1551 1596 1742 1653 περιττώ-

337 1735 626 1785 generationem
646 1738 862 1778 remaneat,
889 1734 1034 1783 partim
1053 1746 1152 1771 vero
1174 1734 1352 1783 gignatur
1372 1739 1412 1770 et
1431 1733 1472 1769 in
1491 1745 1627 1783 aquam
1648 1745 1743 1769 rur-

334 1814 398 1838 sus
423 1802 609 1846 intereat,
639 1799 707 1836 sed
735 1799 944 1836 universus
974 1800 1154 1836 similiter
1180 1799 1440 1847 dissolvatur,
1470 1805 1509 1835 et
1533 1799 1575 1835 in
1602 1811 1742 1849 aquam

334 1879 471 1903 rursus
491 1871 724 1903 concrescat.
783 1866 846 1900 13.
878 1865 1014 1914 Itaque
1035 1865 1141 1915 quod
1163 1865 1336 1915 potabile
1355 1870 1414 1901 est
1434 1870 1473 1902 et
1492 1865 1628 1912 dulce,
1653 1864 1744 1901 uni—

335 1945 496 1969 versum
524 1930 573 1968 ob
600 1931 801 1968 levitatem
830 1930 1045 1967 attollitur:
1090 1930 1193 1980 quod
1217 1937 1346 1967 autem
1369 1930 1514 1967 salsum
1537 1936 1616 1975 est,
1648 1943 1744 1980 prae

337 1997 516 2048 pondere
533 1996 709 2044 subsidit,
728 2009 808 2032 non
829 1996 870 2032 in
887 2009 958 2032 suo
977 1995 1098 2047 ipsius
1118 1996 1284 2047 proprio
1303 1997 1403 2034 loco,
1432 1995 1587 2034 Etenim
1608 1995 1745 2033 existi—

337 2062 525 2101 mandum
543 2069 620 2110 est,
652 2063 700 2099 de
725 2062 800 2099 hoc
823 2068 930 2099 recte
959 2062 1178 2100 dubitatum
1210 2075 1292 2099 esse
1323 2060 1552 2113 (absurdum
1576 2074 1744 2111 namque

338 2135 416 2175 est,
445 2129 518 2166 nisi
544 2129 682 2178 aliquis
712 2142 853 2178 aquae,
880 2134 925 2165 ut
955 2134 1200 2166 caeterorum
1233 2129 1519 2166 elementorum
1548 2129 1596 2165 sit
1619 2126 1745 2178 locus)

337 2201 452 2245 atque
470 2194 570 2232 hanc
590 2208 671 2231 esse
692 2195 940 2232 solutionem.
998 2195 1036 2231 Is
1055 2195 1158 2231 enim
1176 2194 1299 2243 locus,
1330 2207 1407 2244 quo
1424 2195 1616 2231 contineri
1639 2207 1747 2231 mare

338 2262 533 2299 cernimus
544 2288 557 2306 ,
588 2261 705 2297 maris
726 2273 806 2297 non
824 2266 903 2306 est,
935 2260 1003 2297 sed
1027 2261 1156 2310 potius
1187 2273 1319 2310 aquae.
1380 2261 1443 2300 14.
1471 2261 1595 2299 Maris
1617 2266 1746 2298 autem

339 2327 512 2375 videtur,
531 2333 742 2377 propterea
766 2326 870 2376 quod
889 2339 978 2376 pars
997 2327 1094 2363 salsa
1115 2327 1281 2364 subsidit
1303 2340 1397 2378 prae
1416 2326 1604 2377 pondere,
1626 2326 1748 2364 dulcis

339 2406 438 2431 vero
462 2406 504 2430 ac
529 2393 711 2443 potabilis
740 2393 791 2429 ob
811 2393 1011 2431 levitatem
1034 2394 1246 2440 attollitur,
1278 2392 1443 2444 perinde
1465 2398 1579 2442 atque
1599 2393 1640 2429 in
1661 2393 1748 2429 ani-

341 2460 501 2495 malium
523 2459 775 2509 corporibus,
804 2459 847 2495 in
869 2458 1008 2509 quibus
1035 2472 1125 2496 cum
1155 2459 1270 2496 dulce
1296 2459 1525 2496 alimentum
1553 2459 1746 2508 ingestum

343 2530 420 2571 est,
450 2524 624 2562 alimenti
643 2525 798 2561 humidi
817 2524 1078 2561 sedimentum
1104 2531 1221 2575 atque
1249 2530 1542 2562 excrementum
1571 2537 1746 2562 amarum

343 2591 563 2639 salsumque
585 2589 771 2628 cernitur.
827 2592 921 2628 Pars
953 2591 1056 2627 enim
1083 2591 1206 2629 dulcis
1229 2596 1268 2627 et
1289 2590 1470 2640 potabilis
1491 2603 1512 2626 a
1531 2590 1660 2627 calore
1683 2591 1748 2629 in-

341 2661 432 2692 nato
457 2661 615 2692 attracta
637 2656 677 2693 in
697 2669 832 2693 carnes
853 2657 1096 2707 aliarumque
1121 2657 1293 2707 partium
1317 2655 1632 2693 constitutionem
1654 2657 1748 2702 abit,

343 2733 417 2770 pro
449 2720 635 2770 cuiusque
663 2722 821 2759 illarum
852 2728 1002 2760 natura.
1065 2724 1126 2760 15.
1155 2720 1498 2770 Quemadmodum
1515 2722 1635 2771 igitur
1654 2723 1748 2768 illic,

345 2786 376 2823 si
398 2786 483 2836 quis
506 2787 721 2831 censuerit,
753 2792 934 2826 ventrem
963 2787 1145 2838 potabilis
1171 2786 1367 2833 alimenti,
1399 2793 1615 2837 *propterea
1643 2788 1748 2838 quod
