1774 3198
313 362 404 405 658
610 371 879 410 ADDENDA
913 373 982 411 ΕΤ
1015 373 1397 416 CORRIGENDA.

399 479 470 512 tino
494 478 529 511 in
554 477 717 525 Argolide
740 490 848 524 prope
872 481 1018 514 Lernam
1043 481 1108 515 sito
1131 485 1238 518 relata
1263 486 1423 531 leguntur
1446 487 1536 531 apud
1557 491 1706 522 veteres.

398 535 461 567 cfr.
486 535 739 568 Buttmann
760 537 902 578 Mythol.
927 537 974 570 11.
997 549 1031 580 p.
1056 539 1099 572 99
1122 549 1173 582 sq.

310 591 346 621 P.
364 589 441 622 453.
469 590 492 621 l.
515 591 549 623 9.
578 609 617 615 ——
651 587 815 632 διόπερ
844 589 971 624 καθά
984 603 1068 635 περ
1104 593 1244 628 videtur
1266 594 1366 628 etiam
1390 595 1607 630 scribendum
1633 609 1708 631 esse

396 645 496 686 Phys.
519 643 589 688 111,
610 644 644 677 4.
670 656 704 687 p.
729 647 807 687 203,
819 647 851 686 b,
875 646 934 679 ubi
953 645 1190 681 Bekkerus
1214 646 1267 683 διο
1290 647 1457 693 καθάπερ
1479 661 1556 684 cnm
1575 653 1707 686 duobus

395 699 571 732 codicibus
601 701 863 744 (adstipulantur
889 701 932 735 A.
957 702 1087 746 Cam.‚)
1111 704 1231 737 tertius
1255 711 1380 747 autem,
1405 716 1506 749 quem
1532 718 1707 751 compara-

394 754 457 797 vit,
483 752 608 798 διόπερ
635 755 734 789 καθα
767 757 920 798 praebet.
953 759 1017 792 cfr.
1049 758 1277 793 Commentar.
1308 762 1349 793 ad
1380 762 1431 804 ΙΙ,
1456 765 1495 803 3,
1521 766 1554 795 2.
1588 776 1620 807 p.
1644 764 1709 797 520

395 815 430 842 et
452 811 568 842 locum
591 812 632 843 de
653 819 795 852 generat.
823 815 952 846 animal.
983 815 1029 855 V,
1054 819 1085 849 1.
1113 826 1146 858 p.
1170 817 1247 857 776,
1262 817 1283 848 b
1317 816 1354 849 in
1378 823 1449 851 not.
1476 819 1518 851 ad
1546 818 1704 853 Addend.

393 877 428 908 p.
453 866 530 900 365.
554 867 579 899 l.
601 868 653 902 13.
675 868 861 901 laudatum.

308 939 324 944 -
348 919 425 954 462.
449 922 473 954 1.
502 923 555 954 13.
582 940 623 947 «—
648 922 742 968 Lege
766 922 892 957 enim.

308 994 322 1000 -
370 993 410 1000 -
456 998 473 1002 -
500 978 553 1011 17.
575 996 618 1004 —
643 978 737 1023 Lege
760 983 879 1012 nota.

306 1052 322 1055 —
370 1048 411 1056 —
456 1053 472 1058 -
496 1033 552 1066 31.
575 1053 619 1059 --
642 1034 723 1066 Post
751 1045 783 1076 p.
807 1036 873 1067 226
897 1035 1002 1067 adde:
1028 1034 1124 1067 cuius
1150 1035 1237 1068 haec
1261 1041 1339 1069 sunt
1361 1038 1487 1071 verba:
1514 1040 1707 1080 Comproba-

393 1094 461 1119 tnm
485 1095 531 1120 est
555 1090 619 1121 iam
637 1089 760 1121 «ludum
784 1096 950 1122 auctorum
974 1092 1126 1132 exemplis
1141 1098 1262 1124 veteres
1288 1095 1474 1126 aestimasse
1493 1100 1612 1126 montes
1641 1096 1708 1135 ple-

394 1154 508 1186 rosque
530 1147 621 1184 longe
645 1146 792 1186 altiores,
819 1157 915 1188 quam
939 1157 974 1177 re
994 1157 1073 1178 vera
1097 1153 1190 1187 sunt,
1225 1154 1321 1191 atque
1341 1150 1540 1191 persuasisse
1565 1150 1643 1191 sibi,
1668 1160 1707 1180 ex

392 1199 546 1229 montibus
579 1200 746 1230 altioribus
777 1211 872 1240 posse
905 1202 1043 1242 conspici
1079 1212 1130 1234 res
1161 1205 1258 1235 multo
1288 1206 1490 1246 remotiores,
1531 1215 1629 1248 quam
1650 1215 1708 1246 per

391 1254 533 1284 rationes
559 1252 706 1294 physicas
728 1255 835 1285 liceat.

305 1327 321 1332 -
345 1306 473 1344 463.1.
501 1306 552 1341 15.
574 1323 621 1332 -—
642 1305 887 1340 Herodoti
913 1303 1085 1351 Πυρήνην
1136 1309 1253 1351 itaque
1277 1310 1378 1343 etiam
1410 1312 1706 1354 Aristotelis,

393 1362 453 1405 qui
469 1373 531 1395 sua
545 1373 591 1395 ex
602 1363 783 1395 Herodoto
800 1359 925 1403 hausit)
952 1361 1138 1395 Ioannes
1158 1363 1382 1398 Miillerns
1403 1367 1509 1410 (Opp.
1528 1369 1632 1403 Tom.
1645 1369 1707 1401 Vi.

393 1429 427 1461 p.
442 1415 540 1459 398),
569 1422 665 1460 putat
689 1427 765 1451 esse
791 1423 965 1459 montem,
993 1426 1097 1460 quem
1119 1428 1212 1451 nunc
1235 1422 1381 1452 Brenner
1403 1430 1588 1463 vocamus,
1613 1421 1707 1455 Istri-

392 1483 459 1515 que
483 1482 571 1515 quos
594 1478 748 1506 autumat
770 1473 909 1514 sontes,
948 1472 1097 1505 fluminis
1127 1473 1232 1507 hodie
1267 1478 1327 1507 Inn
1360 1475 1452 1508 dicti.
1511 1478 1707 1519 Pyrenaeos

393 1533 529 1561 montes
553 1539 630 1562 cum
655 1528 804 1572 Alpibus
839 1527 996 1561 confudit
1031 1527 1134 1561 etiam
1166 1529 1460 1566 Posidonius.
1503 1522 1581 1565 Cfr'?
1601 1535 1704 1576 Reliq.

395 1585 449 1617 ed.
472 1584 593 1617 Bake
615 1596 650 1627 p.
674 1586 752 1618 123.

306 1638 522 1674 -464.1.1.
547 1658 592 1664 ——
619 1638 740 1683 Atqui,
764 1650 841 1673 cum
867 1639 1106 1674 Aristoteles
1095 1651 1183 1683 lpse,
1209 1631 1298 1673 sicut
1313 1641 1526 1683 Herodotus,
1553 1641 1707 1684 Scylacis

394 1694 597 1728 auctoritate
614 1700 730 1729 utatur
744 1695 803 1738 ita,
826 1701 865 1728 ut
876 1701 1022 1739 uterque
1038 1695 1164 1745 librwx
1187 1695 1261 1728 eius
1284 1696 1497 1739 deperditum
1521 1702 1599 1729 ante
1622 1706 1707 1729 ocu-

393 1753 446 1784 los
469 1750 631 1784 habuisse
653 1751 822 1794 videatur,
848 1752 1083 1796 consequitur,
1103 1750 1155 1784 id
1163 1752 1256 1794 quod
1278 1763 1402 1785 verum
1426 1763 1502 1785 esse
1526 1751 1583 1784 alii
1606 1751 1707 1786 vide-

393 1811 473 1838 runt
496 1805 724 1849 (Niebuhr
747 1809 849 1839 kleine
862 1809 952 1840 Schr.
969 1809 1067 1841 1810.
1094 1808 1215 1850 p.105.
1263 1808 1404 1840 Ukert
1428 1810 1543 1849 Geogr.
1567 1808 1625 1839 der
1647 1808 1704 1840 Gr.

391 1863 457 1893 und
482 1864 601 1894 Rb'mer
622 1863 699 1895 Vol.
723 1863 751 1894 Ι.
778 1863 867 1896 Part.
892 1863 937 1896 Π.
964 1874 998 1905 p.
1023 1858 1481 1906 285—297),'periplum,
1515 1862 1574 1906 qni
1601 1862 1706 1896 hodie

392 1917 455 1948 sub
481 1915 634 1958 Scylacis
658 1915 911 1959 Caryandensis
938 1917 1078 1950 nomine
1103 1917 1353 1956 circumfertur,
1383 1919 1425 1950 ab
1444 1918 1512 1950 isto
1534 1917 1612 1952 viro
1635 1927 1706 1950 non

393 1981 468 2003 esse
495 1971 733 2013 compositum.
780 1973 892 2016 Quum
918 1977 1032 2005 tamen
1053 1971 1161 2013 viris,
1191 1981 1279 2014 quos
1306 1972 1462 2014 laudavi,
1486 1962 1705 2006 consentien-

393 2025 502 2067 tibus,
536 2025 682 2068 Philippi
705 2027 907 2060 Macedonis
933 2032 1042 2060 aetate
1067 2026 1214 2070 scriptus
1237 2037 1314 2060 esse
1336 2026 1515 2070 videatur,
1546 2038 1634 2062 vero
1658 2027 1704 2060 si-

393 2079 488 2120 mile,
518 2079 742 2114 Aristotelem
765 2081 838 2114 eius
867 2082 1068 2116 auctoritate
1096 2092 1172 2115 esse
1194 2093 1312 2124 nsum,
1344 2082 1392 2115 ita
1417 2088 1532 2116 tamen
1555 2088 1594 2115 ut
1616 2083 1705 2116 bene

394 2134 508 2176 sciret,
537 2145 574 2167 se
599 2146 670 2168 non
693 2136 861 2180 Scytacis,
890 2139 951 2171 sed
975 2138 1060 2171 alius
1083 2135 1260 2180 scriptoris
1284 2146 1371 2180 opus
1394 2143 1472 2171 ante
1497 2139 1617 2171 oculos
1642 2139 1704 2170 ha-

393 2191 487 2231 bere,
511 2191 603 2223 unde
622 2191 879 2235 explicandum,
909 2195 1001 2237 quod
1018 2195 1051 2227 h.
1069 2195 1093 2226 l.
1113 2192 1268 2236 Scylacis
1286 2194 1379 2226 nulla
1396 2193 1525 2227 mentio
1544 2193 1588 2226 sit
1603 2193 1704 2226 facta.

304 2266 321 2271 -
344 2244 420 2278 466.
445 2250 519 2277 not.
545 2263 585 2269 -
612 2245 714 2278 Adde
737 2247 889 2281 Kiimtz
914 2251 1028 2282 Lehrb.
1055 2251 1112 2282 der
1138 2251 1223 2281 Νῑει.
1259 2249 1339 2282 Vol.
1368 2250 1397 2282 Ι.
1428 2261 1461 2292 p.
1485 2249 1551 2282 263
1575 2259 1625 2291 sq.

304 2321 319 2326 -
340 2299 466 2334 467.1.
493 2302 546 2333 12.
570 2320 614 2326 —-
646 2303 761 2347 Lege:
796 2303 954 2346 aptius.

303 2376 321 2382 -
343 2354 421 2389 469.
447 2376 465 2381 -
488 2356 545 2388 28.
570 2375 615 2384 —-
638 2356 755 2390 Adde:
782 2360 939 2405 Problem.
960 2358 988 2401 1,
1012 2361 1066 2392 20.
1089 2371 1124 2402 p.
1149 2359 1275 2401 861,b.

304 2431 321 2437 -
344 2411 422 2447 470.
448 2431 466 2437 -
489 2412 543 2447 11.
567 2430 611 2437 —
637 2413 754 2457 Lege:
790 2415 950 2446 emblem.
978 2414 1116 2456 xxvi,
1144 2415 1198 2448 58.
1226 2426 1260 2457 p.
1285 2405 1526 2456 947‚a'ibi'q.
1553 2413 1701 2456 Septa-

391 2465 494 2498 lium
518 2466 598 2500 Vol.
614 2467 677 2500 111.
699 2479 731 2510 p.
750 2470 816 2502 298
841 2479 953 2513 neque
977 2468 1086 2502 nostri
1112 2469 1183 2502 loci
1209 2469 1363 2502 oblitum.

304 2541 321 2546 —
344 2519 422 2555 470.
453 2521 477 2553 l.
501 2523 556 2554 27.
587 2537 627 2545 —
674 2523 753 2556 Huc
784 2523 932 2566 pertinet
958 2525 1073 2558 fabula
1101 2525 1143 2557 de
1167 2524 1302 2570 origine
1325 2523 1393 2557 Nili
1418 2523 1454 2556 in
1478 2525 1584 2557 altera
1606 2527 1699 2565 parte

389 2581 501 2608 terrae
523 2576 716 2611 habitabilis
739 2590 758 2612 a
778 2585 895 2613 nostra
919 2579 1076 2613 fluctibus
1102 2580 1232 2614 Oceani
1259 2580 1413 2613 diremta.
1459 2578 1532 2612 cfr.
1555 2575 1699 2610 Philo-

390 2636 530 2677 storg.
556 2634 646 2664 Hist.
670 2638 782 2666 eccles.
818 2635 888 2677 111,
916 2637 968 2668 10.
1013 2634 1142 2669 Alex.
1170 2647 1206 2671 v.
1234 2634 1480 2668 Hnmboldt
1504 2636 1599 2666 Atlas
1620 2631 1698 2671 ,ςέο-

389 2688 566 2731 graphique
594 2695 623 2720 et
647 2690 798 2733 physique
822 2692 878 2723 des
902 2690 1025 2731 regions
1049 2692 1266 2735 equinoxiales
1295 2692 1339 2723 du
1362 2699 1510 2722 nouveau
1531 2688 1698 2719 continent.

388 2742 483 2775 Paris
509 2741 608 2776 1834.
634 2743 698 2776 fol.
722 2756 756 2786 p.
780 2743 836 2778 41.
866 2750 938 2778 not.
962 2744 997 2779 4.

302 2815 318 2821 -
339 2793 463 2828 47o.1.
490 2798 544 2830 36.
567 2815 611 2822 -
637 2798 752 2842 Lege:
781 2799 1079 2832 Posteriores.
