1812 3158
305 337 399 379 342
524 341 973 382 COMMENTARIUS
999 342 1061 381 IN
1082 343 1490 384 METEOROLOG.

302 456 503 506 pulantur.
531 453 605 491 cfr.
625 454 688 497 Π,
711 456 756 491 5:
786 449 976 502 ἐπιπολῆς
1002 450 1068 490 καὶ
1099 447 1252 503 ἀσθενῆ
1281 449 1545 506 ἀποκρίνεται.
1581 456 1615 504 I,
1648 459 1712 502 12,

308 522 375 569 15,
397 519 549 569 saepius
569 539 624 547 —-
650 514 779 563 οὕτως
798 516 967 568 πλησίον
992 518 1032 556 S.
1050 518 1138 557 Cas.
1175 518 1309 568 Quod,
1339 520 1413 557 nisi
1435 519 1551 558 codd.
1579 533 1716 559 omnes

305 582 412 625 οὕτω
431 584 679 635 praeberent,
709 597 790 621 non
812 589 913 622 esset
932 584 1275 623 contemnendum.
1304 585 1377 623 cfr.
1394 588 1716 624 Bornemann

305 651 351 687 cle
367 663 469 701 gem.
498 649 718 699 Cyropaed.
739 664 879 687 recens.
901 654 1022 701 p.89.
1050 651 1299 690 Schaefer
1319 651 1369 688 ad
1387 651 1716 690 Demosthen.

306 718 425 754 Tom.
447 717 480 754 Ι.
501 718 649 767 p.207.
679 737 735 744 ——
789 718 853 755 De
872 730 919 755 re
947 717 1020 756 cfr.
1050 718 1223 756 Senec.
1259 717 1422 767 Quae-st.
1441 725 1526 758 nat.
1554 718 1612 767 II,
1642 721 1717 756 10:

304 784 475 820 Summa
490 795 589 831 pars
607 784 689 820 eius
708 781 837 832 [ae'ris]
859 791 915 820 est
933 786 1152 822 siccissima
1171 784 1503 836 validissimaque,
1525 793 1562 822 et
1578 785 1624 822 ob
1643 785 1720 823 hoo

305 851 428 886 etiam
446 851 692 894 tenuissima,
718 857 881 898 propter
901 852 1093 887 viciniam
1112 859 1359 889 aeternorum
1389 852 1544 898 ignium
1571 857 1610 887 et
1627 851 1720 888 illos

305 923 361 953 tot
383 922 510 952 motus
544 915 717 952 siderum
745 916 1024 968 adsiduumque
1043 918 1148 955 caeli
1167 919 1461 955 circumactum.
1517 915 1602 954 Illa
1617 929 1720 966 pars

305 985 390 1019 ima
402 988 447 1023 ,et
465 983 603 1018 vicina
624 983 762 1031 terris,
789 983 910 1020 densa
928 991 965 1022 et
985 985 1215 1034 caliginosa
1233 991 1310 1021 est.-
1337 985 1434 1033 quia
1451 991 1626 1020 terrenas
1648 996 1720 1020 ex-

305 1047 526 1085 halationes
544 1055 734 1096 receptat.
790 1049 936 1087 Media
952 1064 1051 1100 pars
1068 1051 1321 1100 temperatior
1332 1076 1345 1097 ‚
1373 1051 1410 1085 si
1426 1050 1590 1086 summis
1608 1049 1720 1086 imis·

304 1127 376 1165 que
406 1114 618 1164 conseras,
654 1123 847 1164 quantum
873 1115 931 1153 ad
946 1119 1169 1154 siccitatem
1195 1119 1505 1166 tenuitatemque
1529 1116 1720 1163 pertinet:

306 1187 504 1218 caeterum
519 1188 687 1231 utraque
702 1190 817 1229 parte
826 1181 1038 1231 frigidior.
1092 1183 1206 1221 Nam
1225 1184 1430 1230 superiora
1448 1184 1531 1219 eius
1550 1181 1721 1218 calorem

305 1249 526 1284 vicinorum
555 1249 725 1285 siderum
749 1250 944 1286 sentiunt:
981 1248 1175 1298 inferiora
1197 1262 1347 1300 quoque
1370 1256 1524 1297 tepent,
1548 1248 1723 1296 primum
1767 1252 1769 1254 ’

306 1320 506 1350 terrarum
533 1313 665 1351 halitu
671 1340 685 1358 ,
713 1315 784 1363 qui
805 1313 971 1351 multum
995 1327 1126 1352 secum
1151 1314 1276 1352 calidi
1295 1314 1435 1366 affert,
1462 1312 1601 1351 deinde
1623 1313 1721 1363 quia

306 1379 415 1416 radii
433 1379 526 1416 solis
545 1382 807 1429 replicantur,
839 1387 879 1418 et
899 1394 1091 1431 quousque
1111 1381 1239 1418 redire
1261 1387 1486 1430 potuerunt,
1516 1378 1721 1426 duplicato

307 1445 438 1482 calore
455 1445 662 1495 benignius
674 1446 844 1495 fovent.-
872 1445 1010 1484 deinde
1035 1449 1157 1484 etiam
1178 1447 1248 1484 illo
1267 1448 1431 1496 spiritu,
1460 1446 1528 1495 qui
1544 1441 1722 1482 omnibus

307 1511 550 1549 animalibus
572 1510 829 1563 arbustisque
846 1525 896 1549 ac
916 1514 1020 1550 satis
1036 1513 1189 1550 calidus
1206 1520 1277 1551 est.
1315 1511 1438 1550 Nihil
1456 1512 1559 1548 enim
1577 1512 1723 1547 viveret

305 1579 393 1625 sine·
415 1579 561 1616 calore.
618 1579 763 1616 Adiiee
789 1591 894 1616 nuno
921 1579 1055 1629 ignes,
1092 1593 1172 1618 non
1198 1567 1352 1615 tantam
1379 1574 1658 1631 manufactos
1685 1582 1724 1612 et

307 1653 442 1691 certo-⁹,
470 1645 541 1681 sed
562 1652 716 1693 opertos
736 1647 872 1693 terris,
902 1660 1066 1697 quorum
1085 1646 1213 1697 aliqui
1230 1650 1466 1692 eruperunt,
1491 1645 1724 1681 innumera-

307 1710 405 1748 biles
437 1713 481 1748 in
507 1710 740 1749 abscondito
761 1712 955 1762 flagrant
982 1720 1019 1749 et
1041 1713 1201 1750 obscuro
1226 1723 1377 1760 semper
1408 1707 1496 1761 (cfr.
1517 1708 1564 1745 de
1581 1708 1724 1746 mundo

306 1777 380 1825 IV,
399 1781 478 1816 25:
508 1774 726 1829 ἐμπεριέχει
754 1775 799 1816 δὲ
825 1776 891 1816 καὶ
919 1775 1072 1824 πολλὰς
1098 1773 1123 1829 ἦ
1151 1778 1200 1830 γῆ
1229 1774 1271 1815 ἐν
1300 1770 1425 1828 αὗτῇ,
1463 1770 1649 1825 καθάπερ
1677 1769 1726 1812 {5-

308 1839 450 1888 δαῖος,
504 1839 610 1881 οὕτω
639 1841 704 1880 καὶ
731 1840 957 1893 πνεύματος
983 1843 1050 1882 καὶ
1074 1841 1201 1896 πυρὸς
1227 1839 1378 1894 πηγάς·
1417 1837 1572 1880 τούτων
1602 1837 1646 1878 δὲ
1683 1836 1725 1877 αἱ

305 1905 380 1957 μὲν
407 1903 486 1946 ὑπὸ
515 1909 589 1960 γῆν
618 1906 716 1946 εἰσιν
745 1905 935 1960 ἀόρατοι,
979 1907 1125 1947 πολλαὶ
1161 1906 1205 1946 δὲ
1233 1903 1436 1951 ἀναπνοὰς
1464 1903 1620 1954 ἔχουσιν
1658 1902 1725 1943 καὶ

308 1969 611 2026 ἀναφυσήσεις.)
639 1995 694 2003 -
745 1974 894 2011 Media
925 1987 1018 2023 ergo
1043 1988 1146 2023 pars
1171 1974 1274 2011 aeris
1299 1973 1351 2011 ab
1379 1972 1441 2009 his
1470 1970 1648 2008 submota
1681 1973 1723 2008 in

307 2040 468 2091 frigore
492 2054 562 2078 suo
589 2049 732 2079 manet.
791 2041 956 2078 Natura
985 2042 1090 2078 enim
1113 2040 1222 2078 αὲνίε
1237 2039 1376 2089 gelida
1397 2045 1465 2076 est.
1525 2036 1662 2086 [Quod
1682 2036 1726 2075 in

310 2107 534 2145 Stoicorum
555 2112 639 2144 erat
657 2106 832 2158 placitis,
860 2106 968 2144 unde
989 2107 1106 2144 etiam
1132 2112 1269 2145 auctor
1286 2105 1380 2144 libri
1401 2104 1447 2142 de
1465 2103 1612 2140 mundo
1632 2116 1665 2140 c.
1682 2105 1723 2142 2.

309 2185 428 2224 quem
450 2173 626 2214 Stoicum
646 2173 766 2211 fuisse
786 2173 1050 2224 suspicamur:
1084 2167 1175 2223 ἑξῆς
1203 2169 1246 2210 δὲ
1273 2168 1422 2222 ταύτης
1450 2167 1538 2222 (τῆς
1560 2166 1726 2221 αῗθρίου

311 2237 377 2277 καὶ
405 2237 522 2285 θείας
550 2235 723 2291 φύσεως)
753 2234 773 2277 ὅ
796 2236 875 2292 ἀὴρ
902 2235 1155 2289 ὖποκὲχυται,
1185 2234 1350 2290 ζοφερὸς
1378 2232 1433 2276 ὢν
1461 2234 1526 2274 καὶ
1548 2230 1727 2286 παγετώ-

313 2303 387 2355 δης
413 2301 486 2355 τὴν
509 2302 654 2357 φύσιν·
684 2300 762 2343 ὑπὸ
786 2303 830 2344 δὲ
856 2302 1045 2357 κινήσεως
1074 2301 1328 2356 λαμπόμενος
1356 2299 1441 2354 ἅμα
1471 2300 1536 2340 καὶ
1565 2297 1726 2350 καιόμε-

310 2384 392 2419 νος,
422 2367 700 2424 λαμπρότερός
725 2385 767 2410 τε
798 2370 942 2424 γίνεται
971 2371 1037 2411 καὶ
1061 2367 1244 2416 ἃλεεινός.
1283 2367 1606 2409 Aristoteles
1634 2379 1725 2403 eum

310 2443 452 2475 natura
484 2438 655 2476 calidum
683 2439 838 2486 statuit,
872 2439 981 2477 unde
1010 2438 1241 2489 corrigenda
1266 2442 1376 2484 sunt,
1404 2447 1502 2486 quae
1521 2433 1723 2470 Meteorol.

312 2511 385 2541 vet.
408 2516 448 2554 p.
464 2506 526 2542 15.
547 2505 697 2550 monui,
727 2518 896 2555 quocum
918 2506 1113 2544 consentit
1131 2505 1230 2555 Hip
1243 2516 1267 2554 p
1280 2516 1303 2539 o
1315 2507 1481 2540 crates
1510 2499 1556 2535 de
1574 2497 1724 2537 carnib.

315 2571 418 2618 Opp.
449 2570 636 2608 Sect.111.
658 2584 684 2622 Ρ
712 2575 779 2610 29.
801 2572 863 2610 ed.
887 2574 1036 2620 Fotis,
1066 2571 1135 2622 qui
1157 2575 1361 2621 postquam
1383 2572 1512 2603 totum
1531 2565 1725 2603 mundum

312 2635 439 2672 tribus
470 2636 622 2674 absolvi
647 2637 824 2687 partibus
853 2637 978 2683 dixit,
1016 2638 1187 2688 duasque
1213 2633 1430 2680 recensuit,
1458 2631 1657 2669 aetherem
1687 2638 1726 2670 et

313 2706 473 2749 terram,
501 2702 631 2740 addit:
668 2699 693 2754 ἡ
716 2702 831 2756 τρίτη
858 2707 982 2756 μοῖρα
1011 2701 1077 2741 καὶ
1104 2702 1176 2741 τοῦ
1205 2697 1320 2751 ἀέρος
1346 2695 1468 2747 μέσον
1491 2696 1641 2750 χωρίον
1670 2695 1725 2736 εἴ-

314 2764 420 2818 ληφέ
436 2780 474 2804 τι
499 2765 653 2818 θερμὸν
674 2765 765 2819 ὅν.].
813 2771 904 2820 Ipse
924 2768 1244 2808 Aristoteles
1274 2764 1377 2802 infra
1399 2766 1433 2810 Ι,
1454 2769 1517 2803 12.
1539 2765 1589 2803 de
1607 2778 1725 2817 gran-
