1812 3158
450 329 671 373 LIBRUM
699 330 943 371 PRIMUM.
1002 329 1120 369 CAP.
1143 330 1219 370 ΙΙΙ.
1459 319 1552 364 335

119 463 201 488 non
231 448 363 487 solum
389 447 434 486 in
460 445 823 499 comparationibus
852 444 1054 483 usitatum.
1113 445 1175 484 Ita
1203 444 1310 482 enim
1344 442 1553 491 Cicero,

121 531 211 557 cum
233 517 339 555 dicat
367 515 432 570 (de
454 512 623 554 divinat.
646 515 680 560 Ι,
701 510 797 566 25):
827 512 1054 562 Xenophon
1081 513 1312 551 Socraticae
1340 533 1395 542 --
1422 512 1466 549 in
1496 524 1556 549 ea

120 586 344 631 militia,
376 598 456 636 qua
474 597 563 621 cum
588 583 690 633 Cyro
711 582 862 619 minore
886 580 1129 632 perfunctus
1150 588 1231 627 est,
1261 594 1340 618 sua
1367 579 1556 618 scribit

120 655 294 695 somnia.
352 652 449 690 Non
479 651 587 690 enim
616 651 659 689 in
687 649 900 698 militia,
930 649 1066 688 sedin
1093 648 1363 701 descriptione
1392 646 1558 686 militiae

119 734 191 759 seu
212 719 478 772 expeditionis
497 719 651 758 somnia
667 731 736 756 sua
755 717 953 769 exposuit.
979 714 1156 756 παλαιὰν
1173 713 1449 770 προσηγορίαν
1465 728 1560 768 spe-

123 795 205 827 ctat
234 788 285 826 ad
318 789 596 827 Homerum
632 788 681 825 ll.
703 781 751 836 ξ’,
775 789 873 825 287.
913 781 963 838 ρ’,
992 785 1075 824 424
1098 798 1157 837 sq.
1195 798 1314 838 quem
1342 790 1560 835 utrumque

120 857 255 894 locum
291 856 333 893 in
372 854 476 893 hanc
511 854 745 893 sententiam
778 853 958 893 laudavit
1000 854 1257 892 Stobaeus
1288 851 1558 903 Ecl.plzys.1.

121 937 162 974 p.
188 922 283 962 492.
341 923 438 960 Post
465 918 517 974 ἣν
549 922 668 961 codd.
701 924 750 962 F.
771 923 822 960 H.
843 922 899 961 N.
929 921 1084 960 addunt
1109 919 1190 961 καί.
1250 920 1396 971 Tangit
1425 926 1464 958 et
1490 932 1560 957 re-

120 991 262 1030 fellere
289 997 458 1029 conatur
482 991 617 1037 iniis,
646 1004 748 1042 quae
771 996 996 1041 sequuntur
1020 991 1278 1041 Anaxagorae
1306 987 1558 1036 sententiam,

121 1059 191 1110 qui
219 1059 445 1109 superiores
467 1058 651 1109 regiones
678 1058 770 1109 igue
800 1058 973 1110 repletas
993 1071 1078 1096 esse
1096 1057 1253 1096 censuit
1279 1069 1447 1107 eamque
1474 1069 1560 1093 ma-

120 1127 263 1165 teriem
283 1125 446 1165 aethera
466 1126 629 1164 vocavit
647 1125 695 1164 ab
719 1123 853 1165 αἴθειν
871 1125 1084 1164 vocabulo.
1140 1125 1187 1164 In
1214 1125 1379 1163 nomine
1405 1129 1560 1163 tantum

121 1194 294 1233 adsentit
329 1194 647 1232 Aristoteles
681 1195 968 1245 Anaxagorae,
997 1194 1042 1232 in
1063 1207 1110 1232 re
1133 1193 1346 1232 Platoni
1375 1190 1562 1244 (Cratylo

121 1265 157 1314 §.
182 1264 234 1301 58
261 1276 301 1314 p.
324 1260 428 1309 410,
451 1259 516 1313 b):
556 1257 627 1300 τὸν
657 1258 702 1300 δὲ
731 1259 882 1314 αἰθέρα
916 1263 967 1316 τῇ
997 1258 1045 1301 δέ
1071 1276 1126 1313 πη
1155 1255 1458 1313 ὕπολαμβάνω’
1497 1255 1561 1300 ὅτι

121 1326 182 1368 ἀεὶ
210 1330 287 1374 θεῖ
309 1327 399 1379 περὶ
426 1325 497 1368 τὸν
527 1325 627 1380 ἀέρα
653 1326 768 1381 ῥέων,
798 1327 966 1383 ἀειθεὴρ
997 1327 1162 1375 δικαίως
1191 1325 1240 1368 ἂν
1261 1329 1440 1368 καλοῖτο.
1472 1329 1560 1367 Cfr.

121 1403 276 1436 auctor.
306 1397 401 1436 libri
425 1397 474 1435 de
493 1399 640 1436 mundo
668 1411 753 1450 cap.
774 1402 814 1437 2.
849 1395 1026 1452 οὐρανοῦ
1057 1395 1102 1437 δὲ
1129 1395 1196 1437 καὶ
1226 1393 1388 1449 ἄστρων
1419 1392 1562 1435 οὗσίαν

118 1462 195 1516 μὲν
235 1463 385 1516 αἰθέρα
423 1466 646 1515 καλοῦμεν,
697 1462 771 1517 οὐχ
809 1462 865 1513 ὥς
892 1481 1017 1514 τινες,
1059 1463 1127 1505 διὰ
1155 1463 1203 1506 τὸ
1234 1461 1404 1518 πυρώδη
1435 1456 1562 1504 οὖσαν

121 1529 334 1581 αἴθεσθαι,
364 1533 693 1584 πλημμελοῦντες
710 1532 799 1585 περὶ
827 1531 903 1586 τὴν
930 1535 1119 1573 πλεῖστον
1146 1530 1276 1586 πυρὸς
1304 1529 1562 1584 ἀπηλλαγμέ-

121 1614 195 1650 νην
215 1597 408 1650 δύναμιν·
443 1597 548 1639 ἀλλὰ
567 1597 634 1639 διὰ
654 1597 700 1639 τὸ
731 1597 792 1639 ἀεὶ
821 1602 912 1640 θεῖν
942 1598 1336 1655 κυκλοφορουμένην,
1365 1603 1562 1651 στοιχεῖον

123 1659 250 1706 οὖσαν
289 1664 424 1719 ἕτερον
459 1669 540 1706 τῶν
576 1664 809 1721 τεσσάρων,
859 1664 1066 1722 ἀκήρατόν
1105 1683 1147 1709 τε
1181 1667 1247 1709 καὶ
1275 1670 1414 1717 θεῖον,
1462 1681 1563 1719 quae

123 1730 259 1773 omnia
278 1748 331 1773 ex
347 1741 485 1773 nostro
506 1735 595 1773 loco
614 1735 757 1775 hausta
772 1742 879 1783 sunt,
906 1750 983 1789 qua
1002 1736 1053 1775 de
1071 1751 1118 1776 re
1137 1750 1349 1789 perperam
1369 1735 1563 1774 iudicavit

123 1803 352 1841 Meiners
383 1805 538 1840 Hister.
560 1804 731 1842 doctrin.
757 1804 805 1841 de
827 1818 920 1842 vero
940 1806 1030 1843 Deo
1058 1819 1099 1857 p.
1121 1804 1217 1844 454.
1275 1806 1341 1843 Ex
1359 1804 1430 1842 illo
1454 1803 1561 1842 libro

123 1883 193 1908 sua
230 1869 433 1909 transtulit
470 1870 727 1922 Apuleius
774 1884 814 1922 p.
854 1874 930 1922 57,
970 1876 1024 1911 29
1072 1872 1136 1912 ed.
1176 1870 1559 1912 Elmenhorst.:

124 1937 306 1975 Aetheris
334 1938 607 1987 appellatione
629 1939 782 1977 coelam
800 1942 944 1990 ipsum,
974 1941 1190 1992 stellaeque
1205 1949 1243 1978 et
1259 1942 1388 1978 omnis
1404 1939 1560 1977 siderea

123 2019 318 2057 compago
339 2006 600 2057 intelligitur,
627 2020 706 2045 non
725 2015 768 2045 ut
786 2008 951 2059 quidam
963 2017 1137 2059 putant,
1168 2008 1276 2060 quod
1290 2011 1432 2058 igneus
1450 2009 1504 2043 sit
1522 2014 1561 2043 et

123 2076 330 2119 incensus,
360 2074 432 2111 sed
446 2074 554 2125 quod
569 2076 748 2113 cursibus
779 2076 938 2124 rapidis
967 2090 1118 2127 semper
1147 2084 1312 2114 rotetur.
1371 2075 1559 2113 Cicero

125 2141 196 2188 (de
214 2148 296 2177 nat.
317 2141 419 2178 deor.
442 2143 494 2191 II,
517 2144 583 2181 15.
614 2143 689 2181 cfr.
706 2144 760 2191 II,
783 2147 849 2192 36,
873 2141 966 2196 40),
995 2158 1086 2182 cum
1107 2144 1234 2182 dicat:
1264 2143 1429 2191 „Ardor
1441 2133 1560 2189 bodi,

125 2210 198 2258 qui
222 2207 357 2245 aether
382 2210 448 2246 vel
476 2211 625 2248 coelam
654 2214 885 2250 nominatur
896 2212 920 2232 “
958 2225 981 2249 a
1008 2212 1190 2263 partibus
1218 2217 1406 2250 veterum
1434 2208 1557 2247 stetit.

125 2272 324 2312 Addenda
346 2280 438 2313 sunt
453 2276 579 2314 verba
596 2277 689 2315 libri
711 2279 812 2330 Hip
824 2293 850 2331 p
863 2293 887 2316 ο
899 2280 1033 2317 crati
1045 2279 1088 2317 ci
1104 2280 1153 2317 de
1173 2276 1327 2316 carnib.
1359 2277 1462 2314 Sect.
1484 2277 1558 2314 III.

123 2355 167 2393 p.
187 2340 292 2389 249,
313 2344 340 2379 2
361 2355 420 2392 sq.
460 2332 529 2382 ed.’
551 2343 724 2383 Fotis:
765 2343 909 2385 Δοκέει
940 2343 987 2384 δέ
1010 2358 1080 2397 μοι
1110 2341 1132 2384 ὃ
1163 2342 1356 2396 καλέομεν
1383 2340 1556 2396 θερμόν,

125 2402 338 2447 ἀθάνατόν
374 2422 417 2448 τε
455 2404 555 2448 εἶναι
598 2409 675 2451 καὶ.
706 2416 810 2451 νοεῖν
845 2409 979 2452 πάντα
1019 2411 1087 2451 καὶ
1124 2408 1224 2465 ὁρῆν
1274 2411 1340 2452 καὶ
1382 2409 1554 2452 ἀκούειν.

124 2477 246 2515 τοῦτο
277 2467 349 2537 οὖν
374 2473 420 2516 τὸ
449 2477 658 2526 πλεῖστον,
700 2474 764 2518 ὅτε
794 2477 1005 2532 ἐταράχθη
1047 2476 1180 2519 πάντα
1216 2476 1459 2534 ἐξεχώρησεν
1499 2479 1557 2526 εἰς

124 2538 198 2593 τὴν
232 2538 429 2583 ἀνωτάτω
466 2542 702 2598 περιφορῆν.
750 2545 817 2584 καὶ
853 2543 1050 2598 ὄνομῆναί
1073 2562 1145 2598 μοι
1175 2546 1381 2588 δοκέουσιν
1410 2545 1448 2587 οἱ
1476 2562 1556 2587 πα-

126 2607 231 2648 λαιοὶ
258 2608 423 2662 αἰθέρα.
482 2614 691 2651 Caeterum
720 2620 858 2665 aperte
885 2628 937 2652 ex
964 2613 1042 2653 hoc
1067 2616 1155 2654 loco
1176 2623 1305 2668 patet,
1332 2616 1482 2655 librum
1504 2616 1554 2654 de

126 2677 307 2723 carnibus
334 2678 383 2716 ab
409 2680 635 2730 antiquiore
665 2681 736 2719 illo
762 2682 1011 2733 Hippocrate
1036 2695 1118 2721 non
1144 2697 1261 2736 posse
1284 2685 1552 2735 conscriptum
1616 2676 1620 2680 ⁵

127 2757 223 2793 esse,
245 2758 334 2784 cum
350 2747 551 2786 alludatur
567 2748 618 2786 ad
637 2749 886 2788 notissimum
906 2749 1011 2788 illud
1031 2750 1062 2787 A
1075 2764 1365 2803 naxagorae
1386 2751 1549 2801 dictum,

127 2811 234 2861 quod
265 2812 321 2851 sic
354 2815 552 2865 expressit
586 2816 895 2868 Euripides:
937 2817 1032 2864 νοῦς
1059 2813 1136 2874 ὁρᾷ
1172 2817 1237 2857 καὶ
1266 2819 1362 2864 νοῦς
1399 2814 1547 2867 ἀκούει,
