1820 3158
342 343 431 387 126
477 351 852 394 —p-369‚b-Bekk·—
883 353 1282 394 Lm.11.cAP.1x.
1329 355 1551 398 —p.352‚B.
1578 353 1702 389 eas.-

337 477 438 514 τητα
465 460 587 514 φάναι
614 458 685 510 τὴν
715 456 1098 512 ἄπολαμβανομένην
1128 460 1168 500 ἔν
1200 467 1284 508 τοῖς
1311 462 1464 516 νέφεσιν
1500 461 1595 504 εἶναι
1633 463 1726 505 τού-

286 529 425 567 14των
454 526 580 566 αἳτίαν
610 522 657 563 οὗ
678 522 864 565 πιθανόν.
924 527 986 565 14.
1025 525 1107 564 Καὶ
1134 524 1209 580 γὰρ
1239 520 1356 574 οὗτος
1384 525 1404 568 ὅ
1433 527 1547 580 λόγος
1575 528 1726 584 ἀπραγ-

335 592 468 645 μόνως
497 589 646 642 εἴρηται
675 589 783 629 λίαν·
812 589 1116 644 ἀποκεκριμένον
1143 607 1183 632 τε
1214 591 1290 645 γὰρ
1319 592 1530 646 ἀναγκαῖον
1559 592 1652 634 εἶναι
1680 595 1726 635 τὸ

336 658 460 697 αἴτιον
496 654 554 696 ἀεὶ
592 655 656 695 καὶ
683 652 920 709 ὡρισμένον,
957 660 1029 709 τῆς
1056 673 1096 697 τε
1124 661 1296 712 βροντῆς
1332 660 1395 700 καὶ
1424 658 1630 713 ἀστραπῆς
1665 662 1728 700 καὶ

334 727 413 763 τῶν
442 720 573 762 ἄλλων
601 724 680 761 τῶν
708 720 924 774 τοιούτων,
962 724 1026 764 καὶ
1056 721 1160 764 οὕτω
1188 725 1380 777 γίνεσθαι.
1424 730 1541 766 τοῦτο
1573 726 1615 766 de*
1644 727 1730 776 dta-

283 793 330 830 15
344 788 452 844 φὲρει
480 790 676 828 πλεῖστον.
747 791 810 828 15.
840 786 1007 841 ’Όμοιον
1035 788 1109 847 γὰρ
1142 788 1215 831 κᾶν
1244 789 1285 830 εἴ
1305 807 1364 838 τις
1394 790 1515 832 οἴοιτο
1544 791 1589 832 τὸ
1618 790 1729 847 ὕδωρ

333 855 397 896 καὶ
416 852 488 906 τὴν
511 852 628 905 χιόνα
656 853 720 894 καὶ
747 852 818 907 τὴν
841 853 1018 906 χάλαζαν
1046 855 1317 910 ἐνυπάρχοντα
1345 856 1537 911 πρότερον
1564 856 1730 912 ὕστερον

334 920 582 975 ἕκκρίνεσθαι
611 920 676 960 καὶ
704 918 760 972 μὴ
786 921 978 973 γίνεσθαι,
1007 919 1091 962 οἷον
1111 919 1188 963 ὑπὸ
1215 929 1329 977 χεῖρα
1358 923 1548 977 ποιούσης
1575 923 1633 964 ἀεὶ
1660 928 1731 976 τῆς

281 992 331 1028 16
343 987 580 1040 συγκρίσεως
610 985 775 1027 ἕκαστον
803 986 946 1028 αὐτῶν.
1007 993 1070 1028 16.
1095 986 1302 1036 εΩσαύτιος
1328 988 1403 1043 γὰρ
1431 989 1556 1030 ἐκεῖνά
1574 1006 1615 1030 τε
1637 1002 1730 1044 συγ-

334 1053 478 1107 κρίσεις
505 1052 569 1092 καὶ
598 1055 725 1093 ταῦτα
754 1053 965 1107 διακρίσεις
991 1051 1230 1096 ὗπολεπτέον
1260 1053 1376 1106 εἶναι,
1401 1054 1499 1096 ὥστ’
1521 1058 1555 1097 εἰ
1577 1055 1732 1110 θάτερα

331 1117 485 1160 τούτων
511 1117 567 1171 μὴ
586 1119 731 1172 γίνεται
752 1117 846 1158 ἀλλ’
870 1118 966 1168 ἔστι,
994 1121 1082 1174 περὶ
1111 1119 1349 1175 ἀμφοτέρων
1379 1119 1399 1163 ὃ
1421 1121 1540 1170 αὐτὸς
1567 1119 1731 1176 ἁρμόσει

331 1182 462 1238 λόγος.
493 1181 564 1237 τήν
583 1200 624 1225 τε
646 1183 893 1236 ἔναπόληψιν
921 1186 963 1226 τί
984 1184 1032 1226 ἂν
1061 1185 1313 1241 ἀλλοιότερον
1341 1188 1442 1241 λε’γοι
1471 1204 1530 1236 τις
1555 1186 1732 1241 ἢκάθα-

332 1266 405 1304 περ
435 1250 476 1290 ἕν
506 1255 589 1297 τοῖς
617 1250 893 1302 πυκνοτέροις,·
920 1249 1079 1306 καὶγὰρ
1108 1251 1154 1292 τὸ
1182 1251 1291 1306 ὕδωρ
1319 1250 1397 1294 ὑπὸ
1428 1257 1504 1294 τοῦ,
1524 1251 1637 1306 ἡλίου
1666 1254 1731 1294 καὶ

280 1322 330 1357 17
343 1319 414 1357 τοῦ
443 1315 571 1370 πυρὸς
595 1317 739 1370 γίνεται
766 1314 935 1370 θερμόν.
995 1316 1145 1359 17.’Ἀλ
1175 1317 1187 1332 ²
1212 1316 1321 1370 ὅμως
1349 1317 1446 1360 ὅταν
1473 1318 1590 1359 πάλιν
1618 1320 1732 1373 συνίῃ

332 1382 398 1423 καὶ
426 1381 605 1434 ψύχηται
632 1381 678 1423 τὸ
696 1380 806 1437 ὕδωρ
824 1381 1082 1436 πηγνύμενον,
1112 1383 1300 1436 οὐδεμίαν
1321 1385 1526 1437 συμβαίνει
1551 1385 1730 1438 γίνεσθαι

331 1447 520 1501 τοιαύτην
549 1447 739 1489 ἔκπτωσιν
769 1447 855 1489 οἵαν
888 1448 1024 1489 ἐκεῖνοι
1048 1449 1238 1502 λέγουσιν.
1269 1451 1396 1491 καίτοι
1424 1449 1464 1504 γ’
1487 1451 1604 1505 ἐχρῆν
1631 1451 1733 1492 κατὰ

332 1513 449 1568 λόγον
485 1517 558 1555 τοῦ
594 1513 791 1567 μεγέθους
827 1511 899 1566 τὴν
924 1514 1036 1568 ζέσιν
1071 1521 1195 1556 ποιεῖν
1222 1515 1268 1557 τὸ
1299 1514 1542 1570 ἐγγινόμενον
1578 1520 1732 1569 πνεῦμα

328 1577 405 1621 ὑπὸ
435 1584 506 1621 τοῦ
535 1578 680 1635 πυρός,
720 1578 769 1632 ἣν
798 1577 887 1620 οὔτε
927 1580 1096 1622 δυνατὸν
1133 1581 1363 1637 ἐνυπάρχειν
1389 1581 1604 1638 πρότερον,
1638 1581 1726 1624 οὔτ’

333 1714 441 1764 quod
474 1713 636 1762 dicitur,
666 1714 834 1751 calorem
857 1727 878 1750 e
896 1713 1016 1751 radiis
1043 1715 1086 1751 in
1106 1714 1274 1752 nubibus
1299 1715 1558 1766 interceptum
1588 1714 1731 1753 horum

333 1793 485 1817 causam
510 1793 610 1825 esse,
640 1779 844 1830 probabile
869 1786 939 1817 est.
1000 1779 1060 1817 14.
1089 1781 1204 1817 Ratio
1232 1781 1336 1818 enim
1368 1780 1464 1819 haec
1487 1782 1604 1818 nimis
1631 1782 1732 1818 osci-

334 1851 465 1883 tanter
484 1845 610 1882 adlata
630 1851 709 1892 est,
737 1846 881 1895 quippe
900 1859 989 1882 cum
1010 1851 1049 1883 et
1065 1846 1230 1883 tonitrui
1258 1853 1297 1883 et
1321 1847 1486 1897 fulguris
1512 1854 1550 1885 et
1568 1847 1730 1885 aliarum

331 1911 413 1949 eius
438 1910 544 1948 modi
570 1924 706 1948 rerum
737 1917 925 1948 secretam
956 1924 1113 1961 semper
1142 1923 1187 1948 ac
1215 1911 1414 1950 definitam
1452 1925 1603 1950 causam
1635 1926 1729 1960 esse,

330 1983 447 2027 atque
485 1977 539 2014 ita
575 1977 672 2014 oriri
703 1989 746 2013 ea
784 1982 973 2026 oporteat.
1042 1978 1128 2014 Hoc
1167 1983 1295 2014 autem
1335 1978 1548 2028 plurimum
1585 1978 1729 2016 differt.

333 2045 396 2081 15.
427 2043 562 2080 Simile
584 2033 688 2079 enirn
710 2048 767 2079 est
787 2048 903 2092 atque
923 2042 956 2079 si
976 2043 1060 2092 quis
1081 2049 1194 2093 putet
1211 2056 1368 2094 aquam,
1398 2044 1532 2083 nivem
1555 2050 1594 2082 et
1612 2057 1730 2094 gran—

331 2107 474 2156 dinem,
504 2122 592 2147 cum
621 2114 732 2146 antea
750 2108 938 2154 inessent,
967 2114 1099 2158 postea
1129 2109 1287 2146 excerni
1316 2114 1355 2146 et
1379 2123 1458 2147 non
1477 2110 1593 2158 oriri,
1623 2110 1731 2160 quasi

330 2188 468 2212 eorum
490 2173 691 2225 quodque,
718 2180 760 2212 ut
785 2174 855 2211 sub
878 2187 996 2211 manu
1014 2175 1083 2221 sit,
1112 2187 1268 2225 semper
1287 2175 1453 2213 faciente
1471 2178 1730 2214 concretione.

335 2244 399 2278 16.
430 2241 583 2278 Eodem
608 2253 776 2290 namque
800 2240 920 2277 modo
942 2240 1008 2277 illa
1035 2241 1302 2279 concretiones
1326 2241 1479 2280 ethaeo
1495 2243 1731 2280 secretiones

329 2320 412 2344 esse
441 2307 678 2348 censendum
709 2313 779 2344 est.
848 2307 981 2355 Quare
1013 2306 1044 2343 si
1074 2306 1216 2345 horum
1248 2307 1369 2345 altera
1397 2321 1477 2345 non
1505 2308 1626 2356 fiunt,
1661 2307 1730 2345 sed

329 2378 430 2420 sunt,
454 2373 630 2423 utrisque
651 2373 787 2412 eadem
807 2373 908 2410 ratio
928 2370 1126 2422 congruet.
1181 2374 1387 2412 Praeterea
1406 2374 1729 2424 interceptionem

327 2451 398 2476 cur
416 2439 537 2488 magis
559 2440 752 2477 diversam
775 2439 861 2490 quis
881 2439 1038 2486 dixerit,
1070 2452 1184 2489 quam
1205 2440 1306 2476 utin
1324 2439 1440 2477 rebus
1458 2439 1728 2476 densioribus?

328 2504 431 2542 Nam
455 2510 494 2541 et
517 2517 615 2555 aqua
635 2518 657 2541 a
677 2506 759 2542 sole
789 2511 827 2542 et
852 2506 941 2554 igne
972 2505 1095 2543 calida
1124 2505 1317 2543 redditur.
1390 2508 1449 2543 17.
1489 2505 1574 2542 Nec
1597 2511 1728 2543 tamen

330 2582 420 2607 cum
447 2583 582 2608 rursus
608 2570 675 2607 illa
705 2571 782 2608 coit
813 2577 852 2608 et
879 2571 1070 2619 gelatione
1101 2572 1375 2621 refrigeratur,
1409 2571 1485 2607 tale
1514 2570 1727 2621 quidpiam,

328 2636 441 2685 quale
463 2636 519 2673 illi
543 2636 672 2683 aiunt,
703 2635 861 2673 excidit.
919 2637 1040 2687 Atqui
1069 2643 1109 2674 et
1137 2637 1340 2687 spiritum,
1379 2635 1445 2685 qui
1474 2635 1520 2672 ab
1546 2636 1636 2686 igne
1663 2638 1727 2673 in-

327 2701 518 2751 gignitur,
548 2703 748 2740 fervorem
779 2715 853 2752 pro
880 2702 1155 2751 magnitudinis
1181 2701 1334 2739 ratione
1361 2701 1489 2738 facere
1509 2702 1727 2752 oportebat,

327 2780 442 2817 quam
471 2779 544 2803 nec
575 2773 687 2804 antea
714 2768 838 2804 inesse
860 2767 1041 2816 possibile
1059 2772 1134 2814 est,
1165 2767 1313 2804 necilli
1337 2767 1505 2804 sonitum
1525 2768 1725 2805 fervorem
