1774 3198
398 322 620 399 LIBRUM
650 354 980 396 SECUNDUM.
1039 354 1154 395 CAP.
1173 354 1224 393 V.
1448 343 1542 388 561

104 474 155 512 In
171 474 252 511 alto
275 478 409 511 tamen
428 472 530 510 mari
545 477 670 510 noctu
689 483 772 509 non
791 474 1011 522 ponuntur.
1023 488 1079 495 —
1106 466 1263 517 μᾶλλον
1281 470 1373 503 ante
1393 463 1545 518 φθάνει

105 540 218 580 addit
245 542 293 580 F.

221 611 260 647 6.
296 607 435 647 Verba
461 602 487 659 ἦ
518 603 795 657 ἀναθυμίασις
823 602 894 645 καί
919 604 1066 644 desunt
1094 604 1137 642 in
1157 604 1207 643 E.
1235 603 1288 642 A.
1322 604 1442 644 Alex.
1471 604 1544 644 fol.

112 680 204 725 101,
224 676 260 715 b.
287 679 382 728 Bag.
412 675 700 714 mediocris
726 675 824 712 iam
854 674 923 713 fit
951 671 1210 721 caliditas,
1240 684 1372 723 neque
1389 672 1548 724 legitea

107 744 171 782 Vi
183 758 289 782 com
302 750 515 783 ercatus.
549 743 707 782 Idcirco
723 742 837 782 uncis
858 755 904 780 ea
917 741 1074 780 inclusi.
1086 762 1142 769 —
1162 735 1215 779 τά
1233 744 1326 778 ante
1342 735 1548 793 πεπηγότα

110 813 259 851 omittit
277 810 333 850 N.
369 812 437 863 qui
465 812 584 849 etiam
606 811 770 862 praebet
792 810 963 864 λοφῶσι.
984 830 1038 836 -—-
1071 803 1138 847 ὅτε
1162 804 1240 858 ἔχει
1262 820 1338 860 pro
1361 802 1461 847 ὅταν
1478 804 1549 862 Ξβςῃ

109 879 274 919 exhibet
291 880 345 919 N.
377 875 448 932 ἔχῃ
467 885 560 931 post
581 875 704 931 ξηρόν
724 879 839 931 ponit
859 877 911 916 E.

222 949 262 987 7.
291 945 365 998 μέν
386 953 478 986 ante
502 943 644 1000 βορέαι
669 947 785 999 ponit
801 948 850 987 F.
868 957 1034 998 prorsus
1053 943 1203 982 omittit
1224 942 1280 981 N.
1301 967 1351 973 —
1391 940 1440 983 δέ
1461 957 1550 991 πως

110 1029 188 1067 pro
223 1011 266 1054 δ’
295 1012 426 1061 οὕτως
454 1014 647 1053 exhibent
670 1016 723 1055 A.
753 1015 874 1054 Alex.
906 1012 979 1052 fol.
1002 1015 1103 1061 101,
1124 1011 1162 1049 b.
1221 1014 1286 1050 De
1310 1011 1448 1050 verbis
1475 1010 1550 1064 yl-
1591 1011 1595 1015 ’

110 1097 292 1121 νονται
321 1079 412 1133 μὲν
438 1080 536 1136 γάρ
568 1109 747 1121 .......
777 1078 1052 1133 ἐπιζητεῖν
1095 1079 1169 1118 cfr.
1198 1078 1548 1131 Theophrast.

112 1150 162 1187 de
181 1152 315 1188 ventis
347 1151 378 1202 ξ.
403 1155 467 1189 11.
491 1164 532 1202 p.
557 1154 660 1189 761:
691 1146 792 1188 ὅθεν
811 1147 878 1188 καὶ
901 1144 948 1187 τὸ
970 1142 1286 1197 θαυμαζόμενον
1309 1142 1365 1193 ὥς
1386 1143 1550 1199 ἄλογον,

113 1213 180 1256 διὰ
209 1215 252 1256 τί
274 1215 416 1270 βορέαι
446 1215 521 1268 μὲν
550 1214 704 1268 ἐτησίαι
733 1214 926 1269 γίνονται,
955 1211 1067 1254 νότοι
1090 1210 1132 1253 (5³
1156 1210 1204 1253 οὗ
1235 1211 1428 1267 γίνονται,
1454 1213 1550 1268 φαί-

70 1309 77 1318 x
111 1283 224 1324 νεταί
255 1298 343 1331 πως
380 1283 628 1335 συμβαίνειν.
680 1281 718 1323 οἱ
746 1280 823 1336 γὰρ
852 1280 986 1336 ἢρινοὶ
1022 1279 1131 1322 νότοι
1168 1279 1359 1335 καθάπερ
1396 1280 1551 1334 ἐτησίαι

110 1349 215 1398 τινές
235 1350 363 1400 1«εἰσιν,
394 1348 465 1399 οὓς
493 1353 662 1392 καλοῦσι
691 1347 977 1397 λευκονότους·
1018 1347 1176 1402 αἶ’θριοι
1204 1345 1279 1403 γὰρ
1309 1349 1376 1389 καὶ
1408 1347 1551 1390 ἀσυνε-

108 1424 194 1471 χεῖς
224 1415 279 1466 ὡς
307 1418 465 1459 ἐπίπαν.
509 1416 596 1471 ἅμα
627 1417 672 1459 δὲ
701 1417 767 1459 καὶ
795 1420 854 1472 τῷ
889 1414 1052 1470 μακρὰν
1090 1414 1357 1469 ἀπηρτῆσθαι
1393 1414 1554 1457 λανθά-

111 1499 271 1528 νουσιν·
300 1481 320 1527 ὅ
345 1485 388 1526 δὲ
407 1485 556 1540 βορέας
584 1484 712 1533 εὐθὺς
743 1484 784 1525 ἓν
811 1481 920 1536 ἦμῖν.
979 1485 1187 1524 Problem.
1209 1485 1372 1532 XXVI,
1390 1490 1431 1524 2.
1487 1488 1553 1525 De

115 1556 333 1604 Ornithiis,
364 1570 538 1607 quorum
564 1555 711 1593 deinde
736 1555 887 1592 mentio
912 1554 1114 1602 iniicitur,
1142 1559 1235 1605 post
1260 1554 1552 1593 Wowerum

114 1623 165 1660 de
185 1623 449 1675 pob‘matlzia
467 1621 599 1677 (Lips.
620 1623 742 1661 1645.
761 1618 815 1673 S.)
844 1635 877 1660 c.
900 1625 964 1660 11.
985 1635 1027 1672 p.
1044 1623 1124 1660 107
1143 1634 1228 1671 sqq.
1257 1627 1297 1659 et
1314 1622 1553 1660 Fossium

114 1690 166 1729 ad
194 1691 501 1742 Hippocrat.
534 1690 636 1741 Opp.
655 1691 762 1729 Sect.
783 1690 875 1729 VII,
894 1702 934 1740 p.
949 1691 1043 1737 336,
1072 1688 1230 1727 abunde
1254 1688 1315 1740 egi
1332 1690 1552 1728 Meteorol.

114 1766 191 1795 vet.
218 1758 364 1796 Graec.
386 1765 426 1795 et
444 1759 563 1796 Rom.
593 1759 667 1807 VI,
693 1762 762 1797 26.
790 1771 832 1809 p.
859 1759 938 1795 132
962 1769 1047 1809 sqq.
1102 1757 1152 1795 In
1181 1769 1353 1794 numero
1384 1756 1554 1815 die-rum,

116 1826 185 1876 qui
214 1825 321 1863 inter
350 1826 565 1864 solstitium
594 1832 635 1864 et
662 1825 773 1865 venti
802 1825 960 1863 initium
986 1825 1228 1873 decurrunt,
1265 1824 1369 1863 varii
1395 1825 1556 1864 variant

116 1892 354 1944 scriptores:
393 1894 449 1932 ita
471 1894 676 1933 Plinius
704 1895 868 1931 Hister.
890 1900 1028 1932 natur.
1060 1895 1118 1941 H,
1149 1891 1203 1931 47
1242 1893 1443 1943 sexaginta
1472 1892 1555 1931 dies

93 1965 97 1967 ’
118 1967 340 2010 enumerat,
361 1968 451 2013 post
468 1961 661 2010 brumam,
678 1961 757 1999 nisi
776 1972 851 2010 pro
861 1960 946 1998 LX
965 1959 1021 1998 ibi
1038 1959 1295 1998 scribendum
1307 1960 1450 2007 LXX,
1464 1974 1555 1998 cum

117 2029 262 2077 omnia,
291 2042 392 2080 quae
408 2029 559 2077 adfert,·
586 2024 734 2067 ex'hoc
756 2027 1072 2067 Aristotelis
1097 2029 1187 2066 loco
1210 2028 1385 2080 petierit.
1439 2028 1554 2068 Idem

117 2097 320 2136 Plinius
348 2110 501 2136 novem
522 2097 606 2136 dies
622 2110 690 2135 eos
702 2095 800 2135 flare
819 2095 929 2144 dicit,
958 2097 1086 2135 Colu
1099 2096 1254 2134 mella
1282 2095 1332 2132 de
1346 2108 1392 2132 re
1409 2097 1569 2133 rusties

119 2165 210 2212 XI,
231 2168 257 2202 2
288 2164 463 2215 triginta.
499 2161 736 2210 λευκονότος
764 2169 824 2202 est
854 2163 973 2201 albus
1003 2160 1140 2200 Notus
1178 2161 1384 2200 Horatii
1415 2163 1556 2200 Carm-

119 2233 162 2279 Ι,
186 2234 235 2280 7,
264 2232 314 2270 15
346 2231 416 2268 ubi
444 2231 518 2270 cfr.
546 2233 726 2282 Interpp.
755 2252 811 2258 --
850 2225 959 2269 οὕτω
988 2243 1065 2281 pro
1094 2224 1224 2274 οὕτως
1252 2230 1298 2267 Ρ.
1330 2229 1372 2266 S.
1402 2229 1478 2269 cfr.
1505 2230 1556 2269 ad

119 2299 150 2348 1,
180 2301 219 2345 3,
251 2301 314 2336 10.

233 2369 276 2405 8.
320 2361 450 2404 αἴτιον
491 2362 533 2404 δ’
569 2362 632 2405 ὅτι
672 2360 693 2405 ὅ
722 2363 799 2417 μὲν
834 2362 984 2418 βορέας
1022 2361 1066 2403 ἐκ
1093 2365 1168 2403 τοῦ
1195 2359 1275 2403 ὑπὸ
1305 2361 1380 2416 τὴν
1408 2361 1558 2418 ἄρκτον

121 2437 223 2474 πνεῖ.
284 2433 438 2484 Olym
448 2447 491 2485 p.
528 2434 602 2473 fol.
624 2433 705 2484 40,
730 2447 765 2471 a.
793 2454 849 2462 —-·
888 2430 939 2471 ἒν
966 2428 1110 2478 αὗταῖς
1141 2431 1333 2471 exhibent
1360 2432 1406 2471 F.
1427 2434 1481 2471 H.
1502 2431 1558 2472 N.

124 2503 277 2553 Olym
290 2515 329 2552 p.
359 2502 428 2539 fol.
452 2501 530 2549 40,
552 2514 574 2539 a
592 2507 633 2539 et
648 2502 690 2539 b.
719 2520 778 2529 —-
806 2495 960 2539 ὁπόταν
986 2497 1063 2550 μὲν
1091 2497 1256 2538 πλείονα
1278 2496 1430 2553 χρόνον
1457 2486 1560 2554 339:-

121 2567 313 2620 μαίνηται
350 2568 517 2620 praebet
542 2569 591 2607 F.
627 2590 683 2597 ——
728 2564 867 2618 χιόνος
892 2582 969 2620 pro
994 2563 1146 2620 χρόνος
1180 2580 1241 2618 pr.
1270 2580 1391 2606 manu
1419 2569 1474 2607 N.
1503 2589 1572 2611 -,

122 2638 218 2675 Post
259 2633 372 2689 ἐγγύς
411 2638 458 2675 F.
499 2635 611 2674 addit
648 2627 700 2688 ᾗ,
749 2634 1171 2687 Olympiodorus
1211 2635 1279 2673 fol.
1311 2635 1385 2685 40,
1414 2635 1441 2674 b
1486 2631 1559 2686 εἴη.

125 2705 338 2744 Caeterum
372 2709 484 2743 recte
514 2703 716 2741 monuisse
744 2703 1024 2751 Aristotelem,
1069 2701 1215 2740 docent
1243 2715 1310 2748 ea,
1338 2707 1458 2754 ⁴quae
1489 2716 1562 2741 ex·-

94 2763 236 2810 'hibet
272 2773 462 2827 ‚Kfimtz
498 2768 722 2808 Lelzrbuch
753 2770 827 2808 der
856 2770 1157 2822 Meteorologie
1197 2770 1293 2809 Vol.
1322 2771 1353 2809 I.
1390 2784 1430 2822 p.
1465 2764 1564 2810 127.

35 2835 61 2909 ¹.
118 2835 196 2876 ‘cfn
227 2837 279 2876 nd
305 2839 347 2888 1,
377 2841 425 2886 8,
457 2842 523 2878 12.
1175 2860 1227 2931 36
