1774 3198
277 343 370 386 412
489 353 932 391 COMMENTARIUS
961 354 1020 392 IN
1040 355 1442 397 METEOROLOG.

380 462 519 499 Fama
546 462 672 498 etiam
698 463 882 512 antiquis
917 462 976 500 ad
999 476 1072 500 nos
1101 463 1307 501 descendit
1336 466 1390 503 ab
1421 471 1556 514 annis,

379 525 670 564 Phaeihontem
696 531 836 578 patrio
866 542 986 566 curru
1010 542 1086 578 per
1106 531 1228 580 signa
1255 531 1468 580 volantem,

381 592 519 643 (Dum
547 605 654 629 nova
683 594 858 631 rimatur
883 596 1051 646 propius
1085 596 1319 645 spectacula
1351 599 1503 646 mundi,

378 660 434 695 Et
457 672 557 710 puer
586 659 631 695 in
658 659 770 696 caelo
800 659 928 705 ladit,
969 674 1167 712 curruque
1196 663 1388 711 superbus

377 725 588 762 Luxuriat
614 725 747 762 nitido
757 752 770 770 ,
816 728 925 776 eupit
954 735 991 764 et
1019 730 1179 766 maiora
1204 726 1397 780 parente)

375 792 639 828 Mon-stratas
667 790 832 841 liquisse
859 794 973 839 vias,
1011 795 1216 844 aliamque
1248 803 1443 832 recentem

374 858 617 906 Jmposuicse
639 845 755 908 bolo:
790 872 863 896 nec
890 861 1013 910 signa
1040 862 1202 897 insueta
1233 861 1371 897 tulisse

375 924 577 960 Errantes
606 931 713 960 meta
730 925 954 977 flammas,
985 939 1224 976 currumque
1253 923 1441 971 solutum.

267 990 441 1029 Omnino
475 989 834 1040 Pythagoraeorum
871 990 978 1028 hisce
1011 991 1059 1028 de
1083 992 1199 1029 rebus
1230 992 1367 1040 placita
1403 992 1520 1043 paulo
1555 997 1666 1029 erant

265 1055 483 1104 ineptiora,
512 1068 621 1102 cum,
650 1062 695 1092 ut
711 1057 811 1093 bene
835 1057 1144 1096 lamblichus
1174 1054 1288 1108 (Vit.
1306 1057 1487 1108 Pythag.
1518 1057 1550 1105 §.
1574 1061 1665 1105 138,

265 1133 342 1170 quo
366 1120 413 1156 de
432 1120 519 1157 Ioco
548 1122 619 1159 cfr.
649 1123 748 1159 Mei
763 1136 880 1160 nors
909 1125 941 1160 Ι.
972 1137 1010 1173 p.
1032 1120 1136 1173 281)
1165 1137 1243 1160 non
1265 1124 1390 1160 solum
1411 1123 1523 1161 facile
1544 1122 1664 1160 fidem

263 1185 485 1223 habuissent
508 1186 618 1224 miris
635 1188 936 1236 narrationibus,
959 1196 997 1226 et
1018 1190 1260 1236 commentis,
1283 1189 1351 1225 sed
1371 1191 1488 1226 multa
1508 1202 1665 1238 quoque

264 1252 347 1289 eius
366 1252 518 1301 generis
537 1252 612 1302 ipsi
630 1254 801 1290 solerent
818 1254 1069 1292 comminisci.
1127 1255 1246 1292 Cuius
1266 1255 1325 1292 rei
1346 1255 1571 1304 exemplum
1592 1260 1662 1300 est,

263 1317 368 1367 quod
392 1317 554 1368 praebet
582 1318 826 1356 Aelianus
853 1321 956 1357 Var.
981 1321 1089 1356 Hist.
1108 1320 1182 1364 IV,
1205 1317 1374 1358 17:¹1&
1396 1316 1556 1369 σεισμὸν
1571 1319 1663 1357 Πυ-

262 1379 443 1434 θαγόρας
479 1380 711 1434 ἐγενεαλόγει
739 1381 855 1422 οὐδὲν
883 1381 980 1423 ἄλλο
1010 1380 1106 1423 εἶναι
1134 1381 1158 1436 ἢ
1189 1382 1357 1423 σύνοδον
1384 1387 1463 1424 τῶν
1491 1382 1662 1423 τεθνεώ-

262 1463 355 1487 των.
404 1443 466 1486 ‘H
491 1445 534 1485 δὲ
561 1443 637 1498 ἶρις
665 1446 833 1500 ἔφασκεν
858 1446 912 1495 ὡς
940 1447 1038 1501 αὐγὴ
1067 1452 1136 1489 τοῦ
1156 1450 1304 1488 Νείλου
1333 1448 1414 1488 ἔστι
1440 1449 1505 1488 καὶ
1524 1445 1543 1488 ὃ
1562 1451 1661 1488 πολ-

262 1512 372 1559 λάκις
410 1518 495 1559 τοῖς
534 1512 628 1553 ὠσὶν
664 1513 867 1563 ἐμπίπτων
905 1508 1002 1566 ἦχος
1029 1513 1140 1569 φωνὴ
1171 1517 1249 1554 τῶν
1276 1513 1519 1568 κρειττόνων.
1577 1517 1661 1555 Cfr.

262 1594 361 1631 quac
378 1580 622 1619 monebimus
642 1582 690 1619 ad
711 1585 760 1628 H,
785 1587 822 1631 9,
845 1584 868 1619 6
898 1588 938 1619 et
958 1583 1064 1620 Lob
1077 1583 1166 1620 eck
1183 1582 1464 1633 Aglaopham.
1479 1583 1660 1623 Tom.II.

260 1662 300 1698 p.
323 1649 415 1686 895.
445 1669 499 1676 --
527 1648 608 1685 τῶν
633 1645 706 1697 μὲν
734 1640 804 1686 οὖν
831 1649 910 1687 τῶν
938 1646 1191 1697 καλουμένων
1220 1655 1356 1699 aperto
1377 1646 1520 1685 mendo
1542 1648 1587 1686 E.
1606 1668 1661 1676 —·

260 1711 437 1765 ἀστέρων
465 1714 516 1752 Ν.
545 1734 601 1740 --
647 1710 767 1752 Κατὰ
794 1711 867 1764 τὴν
895 1712 1104 1765 λεγομένην
1136 1711 1371 1759 Φαέθοντος
1398 1709 1563 1765 φθοράν
1589 1712 1660 1750 ha-

260 1780 354 1817 bent
372 1782 423 1817 H.
447 1782 498 1819 A.
519 1780 642 1817 Er.P.
658 1780 698 1816 S.
718 1780 870 1818 Cas.-
897 1779 1044 1819 Bekk.:
1063 1781 1205 1831 reliqui
1224 1777 1366 1833 φοράν,
1385 1779 1492 1830 quod
1512 1785 1551 1816 et
1567 1779 1660 1829 legit

258 1846 489 1894 Bagolinus‚
526 1858 614 1882 cum
642 1851 788 1882 vertat:
817 1846 1026 1883 lationem.
1084 1847 1263 1884 Priorem
1292 1846 1501 1885 lectionem
1526 1850 1659 1885 tuetur

259 1910 519 1954 stomacus,
549 1917 658 1947 utens
677 1910 870 1948 vocabulo
889 1907 1131 1962 ἐκπρησμός,
1158 1912 1430 1962 posteriorem,
1461 1923 1574 1960 quam
1590 1923 1658 1946 co-

258 1976 363 2014 dices
388 1977 434 2014 E.
463 1977 509 2014 F.
531 1977 582 2013 N.
604 1982 642 2012 et
663 1977 771 2014 Cam.
803 1976 924 2013 secuti
951 1977 1191 2027 recepimus,
1232 1975 1656 2026 Olympiodorus.

238 2026 320 2080 ‘De
338 2042 467 2080 fabula
482 2041 733 2079 Phaethontis
749 2041 813 2079 adi
833 2045 1004 2093 Interpp.
1028 2042 1076 2080 ad
1095 2044 1129 2080 L
1142 2032 1252 2080 uci'a
1265 2056 1303 2079 n.
1326 2042 1374 2078 de
1384 2041 1540 2079 Astrol.
1555 2041 1658 2092 Opp.

258 2110 374 2146 Tem.
398 2109 449 2146 11.
480 2121 521 2158 p.
544 2109 622 2146 367
642 2121 699 2158 sq.
719 2114 759 2146 et
779 2108 828 2145 ad
845 2108 991 2146 Ovid.
1020 2108 1294 2157 Metamorph.
1325 2109 1374 2155 11,
1392 2107 1477 2144 init.
1496 2126 1551 2134 -—
1578 2108 1656 2144 Pro

258 2174 542 2212 διακεκαῦσθαι
572 2175 602 2212 Ρ
632 2176 672 2212 S.
693 2175 775 2212 Cas.
807 2170 872 2211 διὰ
891 2170 935 2211 τὸ
955 2175 1186 2212 κεκαῦσθαι.
1244 2173 1400 2212 Deinde
1427 2173 1568 2211 τοῦτον
1585 2169 1656 2210 τὸν

254 2236 378 2278 τόπον
405 2243 450 2278 F.
474 2242 616 2278 τοῦτον
647 2236 715 2279 τὸν
743 2236 892 2292 τρόπον
920 2241 969 2277 Η.
988 2241 1039 2277 Ν.
1070 2262 1125 2268 —-
1161 2235 1238 2279 ὑπὸ
1268 2240 1340 2289 τῆς
1367 2239 1497 2290 φορᾶς
1525 2234 1655 2276 αὐτῶν

254 2307 304 2344 H.
328 2308 368 2343 P.
393 2308 431 2343 S.
458 2308 527 2344 Er.
559 2307 645 2343 Cas.
705 2307 786 2355 Qui
819 2306 969 2357 primus
1005 2305 1184 2343 exhibuit
1221 2302 1375 2353 αὐτῶν,
1417 2311 1548 2354 aperte
1581 2317 1653 2354 pro

256 2369 419 2422 φθοράν
446 2372 539 2421 legit
566 2367 710 2422 φοράν.

364 2440 401 2474 3.
440 2438 532 2475 Post
559 2435 624 2475 καὶ
651 2437 804 2486 μᾶλλον
832 2437 942 2475 codd.
965 2439 1012 2475 F.
1036 2437 1088 2474 H.
1112 2437 1161 2475 N.
1192 2443 1232 2475 et
1260 2449 1418 2480 omnes,
1463 2447 1556 2484 quas
1588 2436 1652 2473 in-

254 2503 403 2552 spicere
430 2503 539 2554 licuit
569 2502 783 2552 editiones,
824 2502 1023 2541 adduntur
1051 2503 1175 2540 verba
1203 2498 1228 2552 ἢ
1247 2499 1318 2540 τὸν
1344 2501 1415 2539 τοῦ
1442 2497 1648 2551 γάλακτος,

255 2580 351 2616 quae
382 2568 485 2605 solus
516 2568 660 2605 omittit
692 2568 778 2606 cod.
806 2570 854 2607 E.
886 2582 1003 2619 quem
1022 2569 1143 2606 secuti
1163 2579 1309 2606 sumus.
1362 2565 1528 2604 Minime
1554 2579 1652 2616 pro-

252 2634 355 2671 fecto
375 2633 588 2671 necessaria
608 2639 648 2671 et
667 2634 917 2672 Aristotelico
945 2634 1148 2673 brevitatis
1174 2631 1303 2670 studio
1326 2644 1488 2681 prorsus
1514 2633 1648 2672 aliena.

254 2698 443 2736 Similiter
469 2699 661 2748 glossema
687 2700 729 2737 in
758 2699 872 2739 codd.
899 2701 1033 2751 plures
1061 2706 1100 2737 et
1132 2698 1319 2736 editiones
1346 2697 1506 2748 irrepsit
1532 2698 1647 2742 infra,

252 2764 377 2800 nostri
403 2765 538 2813 capitis
566 2761 604 2814 §.
628 2768 690 2802 13.
727 2766 826 2803 Mox
843 2778 916 2816 pro
935 2762 1094 2816 φέρεται
1122 2762 1207 2800 cod.
1222 2763 1267 2801 E.
1285 2774 1401 2812 quem
1419 2769 1572 2800 secutus
1591 2769 1647 2800 est

301 2472 319 2482 w
