1820 3158
344 350 435 392 140
465 395 479 400 ,
498 357 792 397 EXCERPTA
812 358 891 396 EX
910 357 1201 396 COMMENT.
1222 357 1403 407 ALEX„
1425 360 1458 397 I.
1480 360 1622 398 PHIL.

339 467 435 507 σίων
461 464 636 506 ἐλάττων
664 458 839 514 013602*).
879 462 912 501 εἲ
940 462 985 502 δὲ
1011 466 1155 512 τοῦτο,
1185 462 1282 515 ἔχεις
1309 462 1435 505 πόσον
1461 465 1572 518 ἣλιος
1597 465 1738 518 μείζων

339 531 516 584 σελήνης.
554 526 824 570 πολυπλάσιον
851 526 928 581 γὰρ
956 527 1027 568 τὸν
1055 528 1270 582 τριάκοντα
1308 529 1417 570 ἐννέα
1447 530 1508 570 ἐπὶ
1535 530 1606 571 τὸν
1634 546 1682 585 ρυ
1712 531 1739 559 ³*

339 598 404 637 καὶ
433 594 608 650 εὑρήσεις
636 593 682 634 τὸ
712 592 838 634 πόσον
863 596 936 647 τῆς
962 591 1158 650 ὑπεροχῆς
1186 598 1257 636 τοῦ
1282 592 1408 648 ἡλίου.
1437 595 1738 649 Olympiod.

338 665 407 702 fol.
435 668 484 707 5,
513 663 550 700 b.

437 724 583 771 ’Όντος
614 724 738 778 δήλου
766 729 839 767 τοῦ
866 729 938 778 τῆς
964 730 1037 781 γῆς
1065 725 1184 782 ἷίγκου
1210 743 1253 769 τε
1280 744 1344 768 και
1371 727 1589 781 μεγέθους,
1627 727 1744 780 πηλί-

339 808 408 833 κον
435 792 477 832 τί
502 791 607 832 ἔστιν
643 788 700 839 ὥς
735 791 836 847 πρὸς
862 791 914 833 τὰ
941 792 1170 848 περιέχοντα
1199 792 1322 847 αὐτὴν
1353 792 1545 846 σώματα,
1587 790 1641 840 ὡς
1667 792 1743 847 γὰρ

338 857 440 912 πρὸς
467 861 595 898 ταῦτα
624 858 953 912 συγκρινομένους
978 858 1026 900 οὐ
1053 859 1176 914 μέγα,
1222 859 1324 914 λέγοι
1363 859 1403 899 ‹5'
1437 857 1485 899 ἂν
1513 858 1745 911 περιέχοντα

298 950 305 956 ν
338 923 411 977 τὴν
438 927 509 977 γῆν
546 923 696 977 μεγέθη
738 923 813 972 τάς
837 941 879 966 τε
907 930 980 966 τοῦ
1016 929 1307 982 κυκλοφορικοῦ
1347 924 1532 978 σώματος
1571 925 1746 979 σφαίρας

341 990 406 1031 καὶ
432 988 484 1030 τὰ
511 990 552 1030 ἐν
580 989 719 1038 αὐταῖς
746 989 898 1045 ἄστρα·
928 993 993 1033 καὶ
1011 991 1087 1047 γὰρ
1108 991 1266 1047 ἄστρων
1295 995 1413 1034 τινῶν
1440 990 1542 1032 πολὺ
1570 990 1744 1032 ἐλάττων

341 1050 442 1097 οὖσα
473 1050 601 1097 ὦπται
631 1055 697 1096 διὰ
726 1060 807 1097 τῶν
826 1056 1118 1112 ἀστρολογικῶν
1137 1058 1427 1113 θεωρημάτων,
1459 1058 1652 1098 δείκνυται
1670 1055 1745 1110 γὰρ

340 1119 362 1163 ὅ
391 1120 503 1175 ἥλιος
531 1121 656 1174 αὐτῆς
683 1120 1056 1171 ἓκκαιδεκαπλάσιος
1074 1126 1161 1177 **)·
1201 1123 1404 1178 πρόδηλον
1433 1123 1477 1163 δὲ
1505 1123 1570 1163 καὶ
1600 1121 1646 1163 τὸ
1675 1125 1746 1163 τοῦ

339 1186 490 1236 ὕδατος
515 1187 687 1242 μέγεθος
714 1187 841 1229 πόσον
869 1205 931 1240 τι,
981 1189 1029 1230 οὐ
1066 1188 1141 1244 γάρ
1180 1190 1286 1230 ἐστιν
1323 1188 1601 1243 ἀφωρισμένον
1635 1187 1747 1242 ὕδωρ

341 1252 439 1294 αὐτὸ
471 1253 574 1294 καθ’
607 1251 729 1301 aiud,
770 1254 865 1296 οὐδὲ
895 1254 1090 1307 ἐνδέχεται
1116 1253 1236 1301 εἶναι,
1275 1254 1367 1295 ἀλλ’
1401 1254 1507 1295 ἐστὶν
1542 1254 1583 1294 ἓν
1621 1252 1748 1307 ταύτῃ

341 1320 407 1360 καὶ
434 1319 562 1374 ταύτῃ
589 1320 849 1375 περικέχυται.
898 1324 1041 1361 Alex.
1069 1324 1138 1362 fol.
1159 1323 1267 1371 72,b
1283 1336 1341 1374 sq.

451 1390 488 1434 §.
510 1392 548 1427 3.
581 1383 734 1439 ζΗμΐν
761 1387 852 1439 μὲν
882 1382 973 1427 οὖν
1002 1386 1203 1442 εἴρηται
1231 1385 1482 1441 πρότερον
1512 1386 1748 1440 περὶτοῦ

342 1449 546 1506 πρώτου
583 1454 876 1505 στοιχείου]
914 1452 980 1493 Ἐν
1008 1457 1057 1508 τῇ
1085 1454 1174 1508 περὶ
1211 1452 1384 1507 οὐρανοῦ
1411 1451 1632 1492 τουτέστιν·
1672 1451 1754 1491 ἐκεῖ

342 1516 417 1571 γὰρ
449 1516 608 1570 ἐζήτησε
636 1519 725 1572 περὶ
753 1523 824 1559 τοῦ
852 1519 1033 1572 πέμπτου
1063 1518 1249 1571 σώματος
1268 1519 1332 1559 καὶ
1355 1513 1485 1569 ἔδειξε,
1513 1519 1574 1565 τίς
1591 1515 1616 1570 ἡ
1634 1516 1750 1558 οὐσία

343 1584 408 1624 καὶ
438 1581 499 1624 ὅτι
529 1583 572 1624 ἐκ
595 1582 743 1624 τούτου
770 1583 902 1625 πάντα
921 1583 972 1624 τὰ
991 1583 1157 1639 οὐράνια
1174 1584 1369 1638 σύγκειται
1382 1597 1393 1608 ·
1422 1584 1487 1624 καὶ
1508 1582 1658 1636 ταύτην
1678 1582 1750 1635 τὴν

344 1648 465 1699 δόξαν
495 1649 542 1691 οὗ
568 1648 694 1702 μόνον
722 1647 834 1703 ἡμεῖς
861 1649 1104 1704 τυγχάνομεν
1134 1650 1307 1703 ἔχοντες,
1338 1648 1399 1691 ὅτι
1421 1649 1461 1690 ἔκ
1479 1664 1586 1697 τινος
1613 1646 1751 1700 σώμα-

343 1732 413 1764 τος
442 1716 673 1757 συνίσταται
700 1715 752 1757 τὰ
772 1715 961 1772 οὐράνια·
1004 1715 1078 1769 οὐχ
1104 1714 1216 1770 ἡμεῖς
1241 1714 1366 1768 μόνον
1392 1714 1620 1769 εἰρήκαμεν,
1649 1713 1754 1755 ἀλλὰ

344 1784 410 1824 καὶ
438 1782 477 1824 οἶ
505 1783 668 1823 παλαιοὶ
695 1781 839 1830 πάντες
866 1781 1007 1835 σχεδὸν
1034 1786 1155 1824 τοῦτο
1185 1780 1410 1834 ἐνενόησεν·
1439 1782 1504 1822 καὶ
1531 1784 1649 1822 τοῦτο
1680 1782 1751 1833 δῆ-

344 1851 436 1898 λον,
475 1847 608 1900 ἐπειδὴ
636 1847 708 1888 τὸν
736 1847 907 1902 οὐρανὸν
937 1846 1066 1888 οὐδενὶ
1102 1845 1268 1900 ὀνόματι
1304 1850 1384 1887 τῶν
1411 1846 1615 1901 τεσσάρων
1643 1860 1753 1887 στοι-

340 1914 460 1966 χείων
496 1912 843 1967 προσηγόρευσαν,
893 1912 985 1954 ἄλλ’
1016 1913 1164 1968 αῗθέρα
1200 1911 1321 1953 αὐτὸν
1350 1911 1539 1953 ἐκάλεσαν
1567 1911 1676 1965 παρὰ
1703 1911 1751 1952 τὸ

345 1978 406 2020 ἀεὶ
443 1982 546 2020 θεῖν.
606 1977 665 2019 ἀεὶ
703 1977 778 2033 γὰρ
819 1982 1020 2019 κινοῦνται
1060 1977 1112 2019 τὰ
1150 1977 1315 2032 οὐράνια
1353 1979 1418 2018 καὶ
1446 1977 1548 2018 κατὰ
1576 1975 1751 2031 ῥυθμόν.

340 2043 608 2099 Ἀναξαγόρας
636 2044 680 2085 δὲ
707 2043 902 2101 ἐχρήσατο
931 2044 1004 2097 μὲν
1031 2042 1161 2101 τούτῳ
1189 2047 1247 2099 τῷ
1269 2041 1459 2096 ὀνόματι,
1489 2042 1592 2096 πλὴν
1613 2042 1659 2084 οὐ
1681 2059 1754 2084 κα-

392 2200 426 2243 *)
452 2202 506 2235 Ne
523 2200 600 2245 quis
620 2201 736 2234 locum
754 2206 954 2244 corruptum
972 2211 1048 2234 esse
1067 2205 1219 2242 censeat,
1246 2199 1311 2232 sihi
1328 2199 1364 2232 in
1380 2198 1582 2232 memoriam
1597 2192 1755 2239 revocet,

436 2258 527 2290 hanc
553 2255 759 2290 sententiam
782 2257 825 2289 de
848 2257 951 2290 lunae
976 2255 1232 2300 magnitudine,
1265 2254 1302 2288 in
1330 2254 1527 2288 Stoicorum
1553 2254 1755 2298 praesertim

437 2312 572 2356 placitis
602 2311 711 2345 fuisse
749 2312 837 2354 (cfr.
871 2312 1001 2346 Stob.
1032 2315 1146 2353 Eclog.
1171 2312 1260 2354 phys.
1291 2312 1319 2343 Ι.
1343 2322 1378 2353 p.
1399 2310 1510 2352 554),
1547 2320 1617 2343 non
1640 2315 1755 2343 tamen

439 2368 604 2401 omnium.
652 2365 756 2400 Certe
778 2368 942 2401 Balbus
965 2368 1057 2410 apud
1079 2366 1347 2401 Ciceronem
1373 2368 1414 2398 de
1431 2372 1498 2398 nat.
1518 2367 1606 2398 deor.
1634 2363 1753 2406 11‚40:

439 2426 536 2456 Luna
556 2429 674 2464 aufem,
696 2422 826 2466 inquit,
850 2436 934 2468 quae
951 2430 1009 2465 esi,
1033 2429 1068 2455 ut
1088 2424 1253 2455 ostendunt
1276 2423 1509 2462 mathematici,
1532 2420 1637 2460 major
1659 2431 1755 2462 quam

440 2480 575 2510 dimidia
608 2490 687 2520 pars
719 2485 838 2512 terrae.
908 2479 1010 2512 Adde
1044 2477 1283 2511 Plutarch.
1319 2478 1360 2509 de
1382 2475 1455 2517 fac.
1488 2478 1519 2507 in
1554 2476 1628 2507 orbe
1657 2478 1754 2507 lunae

440 2544 474 2575 p·
500 2535 587 2575 932,
615 2533 658 2566 A.
681 2534 723 2567 B.

396 2603 450 2648 **)
473 2608 568 2640 Fort.
594 2602 888 2640 δωδεκαπλάσιος.
931 2605 1036 2649 Apud
1058 2606 1358 2638 Plutarchum
1386 2602 1478 2635 enim
1503 2604 1544 2634 ‹le
1560 2604 1656 2634 anim.
1678 2615 1756 2644 pro-

443 2669 542 2695 creat.
565 2664 596 2693 in
617 2664 701 2694 Tim.
726 2673 762 2704 p.
784 2663 872 2696 1028
887 2661 926 2695 C.
950 2666 1184 2695 memorantur
1206 2660 1264 2702 qui
1286 2655 1391 2702 λόγον
1412 2656 1501 2691 εἶναι
1524 2653 1756 2690 &adsuman-

443 2718 542 2750 σίονα
565 2722 755 2750 statuerent
777 2717 867 2750 iuter
889 2717 974 2750 solis
1002 2723 1183 2758 terraeque
1215 2714 1411 2747 diametros.
1458 2710 1526 2756 Qui
1549 2709 1756 2745 ἑκκαιδεκα-

442 2768 597 2804 πλάσιον
623 2772 798 2806 voluerint
825 2772 954 2805 nescio.
