1812 3158
447 412 666 454 LIBRUM
694 409 934 452 PRIMUM.
991 407 1108 449 cAP.
1135 409 1209 448 VI.
1444 396 1539 442 393

117 523 418 581 παρατηρήσεις
443 522 701 578 πεποιημένοι
729 522 796 570 καὶ
819 521 896 570 τὰς
923 518 1093 562 ἑκάστου
1122 517 1294 573 κινήσεις
1322 531 1365 558 τε
1382 517 1448 558 καὶ
1468 517 1541 558 δυ-

116 592 254 647 νάμεις
281 591 552 649 ἀκριβέστατα
578 590 742 633 πάντων
770 587 1002 644 ἀνθρώπων
1030 585 1289 642 ἐπεγνωκότες
1309 583 1442 627 πολλὰ
1459 588 1541 627 τῶν

114 659 344 714 μελλόντων
373 661 608 715 συμβαίνειν
629 658 867 714 προλέγουσι
893 662 980 705 τοῖς
996 653 1241 711 ἀνθρώποις.
1277 655 1397 695 Adde
1415 655 1542 694 Plin.

115 728 282 770 Hister.
299 738 439 769 natur.
469 732 566 778 VII,
586 732 659 770 57:
695 729 907 780 Epigenes
929 726 1050 778 apud
1063 724 1318 776 Babylonios
1338 723 1547 762 DCCXX

116 811 324 836 annorum
354 797 666 837 observationes
693 793 873 835 siderum
900 793 1119 835 coctilibus
1145 789 1360 836 laterculis
1391 793 1545 830 inscri-

110 873 210 916 ptas
234 865 372 913 docet,
404 868 558 917 gravis
581 871 727 903 auctor
750 864 958 914 inprimis
973 877 986 899 .·
1015 863 1091 913 qui·
1113 862 1272 910 minus,
1304 860 1487 898 Berosus
1505 866 1546 896 et

119 932 390 983 Critodemm,
423 932 645 971 CCCCXC
663 945 880 969 annorum.
922 931 991 968 Ex
1007 942 1085 981 quo
1105 935 1303 980 apparet,
1329 935 1546 966 aeternum

114 999 351 1038 litterarum
371 1013 502 1039 usum.
527 999 733 1039 Accedant
749 999 875 1038 verba
893 997 1162 1048 Simplicii
1178 996 1228 1034 ad
1248 995 1340 1034 Ari
1354 1001 1474 1033 stot.
1495 994 1545 1032 de

116 1067 233 1104 eaelo
259 1068 335 1107 1.1.
366 1068 437 1107 fol.
461 1070 563 1117 123,
583 1081 626 1106 a:
657 1062 751 1104 ‘Yn’
780 1061 1083 1117 Ἀριστοτέλους
1113 1055 1184 1103 οὖν
1211 1060 1481 1113 πειθομένους
1508 1058 1546 1101 ἕ-

114 1134 269 1173 πεσθαι
298 1133 363 1174 δεῖ
383 1135 541 1185 μᾶλλον
567 1137 654 1180 τοῖς
676 1128 880 1186 ’ὕοι-ἔρως,
913 1127 968 1178 ὥς
994 1131 1152 1183 μᾶλλον
1173 1126 1344 1179 σώζουσι
1372 1127 1424 1169 τὰ
1446 1143 1545 1184 φαι-

116 1197 279 1252 νόμενα,
308 1199 465 1241 ἐκείνων
491 1198 592 1253 μήτε
620 1199 779 1246 τελείως
808 1195 1028 1248 σωζόντων,
1066 1197 1168 1250 μήτε
1195 1199 1376 1238 τοσαῦτα
1403 1193 1547 1251 φαινό-

114 1282 219 1318 μενα
245 1266 412 1309 εἰδότων
433 1264 501 1307 διὰ
529 1265 575 1307 τὸ
604 1264 728 1320 μήπω
755 1264 831 1314 τοὶς
856 1262 936 1306 ὕπὸ
963 1263 1370 1313 Καλλισθένους
1397 1263 1442 1306 ἐκ
1459 1265 1546 1305 Βα-

113 1324 297 1385 βυλῶνος
324 1334 583 1390 πεμφθείσας
609 1332 910 1389 παρατηρήσεις
938 1331 1160 1389 ἀφικέσθαι
1190 1331 1231 1380 ἐς
1257 1331 1333 1386 τὴν
1354 1328 1544 1383 Ἑλλάδα,

113 1404 188 1441 τοῦ
209 1400 512 1456 Ἀριστοτέλους
540 1405 660 1443 τοῦτο
693 1400 995 1454 ἐπισκήψαντος
1021 1399 1146 1457 αὐτῷ.
1185 1398 1236 1448 ἅς
1261 1415 1373 1448 τινας
1402 1400 1548 1453 διηγεῖ-

113 1482 181 1508 ται
211 1465 232 1509 ὃ
260 1467 584 1525 Πορφύριος
611 1469 752 1522 χιλίων
771 1469 872 1510 ἐτῶν
903 1466 1001 1510 εἶναι
1029 1469 1096 1509 καὶ
1126 1467 1386 1509 ἐννεακοσίων
1413 1469 1547 1522 τριῶν,

112 1534 230 1590 μέχρι
260 1535 330 1577 τὸν
349 1535 500 1592 χρόνον
524 1535 792 1592 Ἀλεξάνδρου
819 1540 892 1578 τοῦ
922 1534 1169 1583 Μακεδόνος
1197 1533 1447 1587 σωζομένας,
1487 1532 1546 1587 μὴ

116 1602 162 1642 δὲ
191 1603 424 1656 δυναμένων
466 1604 591 1652 δεῖξαι
632 1603 688 1644 δι’
720 1600 959 1644 ὑποθέσεων
987 1603 1039 1644 τὰ
1067 1602 1346 1662 πιστευόμενοῑ,
1406 1605 1492 1644 cfr.
1515 1605 1547 1653 I,

114 1671 187 1710 fol.
211 1676 279 1721 27,
298 1686 342 1711 a:
372 1669 564 1711 ’Ήκουσα
593 1669 635 1711 δ’
660 1669 738 1725 ἐγὼ
765 1671 1018 1725 Αἰγυπτίους
1052 1669 1212 1725 ἄστρων
1248 1668 1548 1725 παρατηρήσεις

115 1733 216 1787 ἔχειν
247 1736 563 1792 ἐγγεγραμμένας
591 1736 663 1779 οὐκ
690 1735 900 1779 ἐλάττοσιν
927 1736 952 1791 ἢ
977 1738 1186 1790 δισχιλίοις
1212 1736 1424 1787 ἐνιαυτοῖς,
1457 1739 1547 1778 Βα-

113 1804 342 1854 βυλωνίους
377 1805 422 1846 δὲ
461 1804 517 1847 ἕτι
555 1806 745 1847 πλείοσιν.
810 1806 940 1860 (Sunt
984 1807 1111 1846 verba
1155 1821 1206 1844 ex
1242 1813 1358 1845 textu
1394 1803 1544 1860 edito).

116 1869 218 1911 Cum
243 1864 688 1927 igitur⁸Aegyptiorum
712 1876 865 1927 pariter
891 1889 936 1913 ac
953 1875 1269 1926 Babyloniorum
1298 1875 1548 1914 observatio-

111 1939 230 1978 nibus
258 1954 411 1980 summa
439 1948 617 1981 vetustas
643 1943 844 1981 tribuatur
882 1942 986 1991 (cfr.
1018 1943 1136 1981 etiam
1173 1944 1380 1981 Miinter
1416 1942 1547 1981 Anti-

115 2019 238 2058 quar.
256 2009 469 2048 Abhandl.
496 2023 537 2061 p.
559 2014 655 2049 130.
683 2011 819 2062 Relig.
847 2010 921 2049 der
939 2011 1089 2062 Babyl.
1106 2025 1143 2062 p.
1164 2009 1229 2063 8.)‚
1258 2011 1338 2049 utri
1363 2017 1548 2049 astrono-

111 2076 287 2114 numiam
299 2077 455 2127 priores
470 2078 732 2127 excoluerint,
750 2091 1037 2130 saepenumero
1052 2079 1293 2130 disputatum
1304 2084 1376 2117 est.
1392 2077 1547 2128 Quodsi

115 2139 238 2180 fidem
257 2143 469 2183 tribuimus
486 2145 548 2195 iis,
576 2160 676 2197 quae
700 2146 809 2198 apud
837 2145 1128 2185 Diodorum
1159 2146 1388 2185 Siculum
1417 2147 1458 2193 Ῑ,
1479 2148 1547 2194 28,

115 2207 420 2249 Pausaniam
449 2214 703 2251 Messeniae.
732 2226 765 2251 c.
792 2213 846 2252 24
875 2214 1050 2264 aliosque
1073 2219 1310 2262 narrantur,
1342 2213 1545 2259 Belum,

114 2287 236 2325 quem
263 2277 464 2316 Plinius
492 2277 653 2317 Histor.
672 2287 813 2317 natur.
833 2282 907 2329 VI,
922 2284 975 2319 26
1005 2282 1272 2319 astronomiae
1291 2281 1548 2319 inventorem

111 2342 248 2389 tradit,
269 2344 464 2382 coloniam
483 2346 776 2397 Aegyptiorum
791 2347 1038 2398 Babylonem
1059 2348 1282 2395 deduxisse,
1301 2360 1403 2386 vero
1419 2348 1549 2386 simile

111 2409 246 2448 videri
267 2417 398 2462 potest
428 2412 585 2451 inventi
605 2413 765 2451 laudem
785 2420 903 2465 atque
922 2414 1119 2453 honorem
1136 2412 1350 2468 Aegyptiis
1370 2429 1455 2454 esse
1471 2415 1547 2454 tri-

113 2475 307 2517 buendos.
366 2479 550 2517 Facimus
577 2486 709 2518 autem
737 2495 828 2519 cum
860 2483 1120 2521 Cicerone
1147 2482 1215 2533 (de
1238 2483 1419 2520 divinat.
1439 2484 1473 2532 I,
1493 2480 1548 2533 1),

112 2545 182 2594 qui
201 2544 398 2596 Assyrios
418 2554 600 2597 propter
620 2548 849 2596 planitiem
875 2549 1286 2600 magnitudinemque
1313 2552 1547 2601 regionum,

115 2624 222 2660 quas
244 2613 497 2660 incolerent,
538 2629 662 2665 quum
691 2616 850 2653 caelum
882 2630 932 2654 ex
962 2619 1074 2654 omni
1096 2624 1223 2667 parte
1250 2625 1399 2668 patens
1421 2625 1547 2668 atque

116 2684 302 2728 apertum
333 2681 607 2731 intuerentur,
639 2683 908 2720 traiectiones
926 2691 1140 2735 motasque
1160 2683 1375 2721 stellarum
1384 2685 1548 2733 primos

116 2741 391 2783 obser-vitasse
409 2749 537 2786 refert
553 2749 646 2796 (cfr.
659 2755 789 2787 totum
809 2747 944 2802 caput)
963 2749 1126 2800 idcirco,
1147 2750 1238 2802 quia
1255 2750 1418 2804 Zodiaoi
1439 2751 1549 2802 signa

115 2810 256 2849 melius
283 2813 481 2865 Babyloni
510 2828 628 2867 quam
657 2812 851 2869 Aegypto
882 2818 1151 2868 conveniunt,
1196 2818 1305 2869 quod
1334 2825 1424 2870 post
1450 2832 1548 2858 van

116 2876 284 2916 Goans
311 2879 362 2917 ad
391 2882 643 2934 Porphyr.
682 2884 732 2921 cle
760 2892 885 2923 antro
919 2885 1153 2938 Nymphar.
1194 2900 1234 2938 p.
1264 2890 1341 2925 113
1373 2900 1429 2937 sq.
1468 2887 1545 2924 iam
