1780 3152
565 379 986 424 PRAEFATIO.
1265 437 1270 439 p
1304 379 1502 422 ΧΧΧΙΙΙ

53 497 230 552 repetita
261 494 377 552 (Vl,
396 499 434 538 8.
463 510 500 552 p.
526 499 665 538 150-
686 494 830 550 152),Υ
850 495 1076 536 innumera
1106 491 1255 536 fallere
1296 494 1432 548 (Vll,
1466 498 1504 536 9.

52 581 92 623 p.
115 566 396 620 178—180),
430 577 510 620 qua
531 565 574 605 in
594 578 641 605 re
663 564 994 608 demonstranda
1017 562 1244 606 admodum
1275 563 1506 607 ridiculum

51 650 146 678 sese
174 635 383 692 praestitit
413 632 751 688 Gassendus,
782 637 1009 677 innumera
1039 634 1331 676 contradicere
1360 634 1507 688 (VIII,

52 710 92 749 6.
122 721 162 763 p.
187 704 466 759 199-200)‚
505 718 614 760 quo,
655 715 702 748 ut
731 703 977 762 exemplum
1017 703 1274 758 ineptiarum
1312 703 1504 756 afferam,

50 778 260 832 pertinere
281 776 357 826 ait,
389 774 500 830 quod
522 772 557 825 I,
579 778 619 826 3,
651 783 807 818 terram
837 773 1105 831 sphaericam
1133 773 1369 829 praedicet,
1400 773 1456 826 ΙΙ,
1483 779 1503 816 1

49 854 196 888 contra
230 842 584 900 septentrionales
620 843 768 901 plagas
799 858 895 887 esse
926 844 1231 886 eminentiores
1262 845 1505 887 contendat.

48 914 134 957 Sed
161 917 249 957 iam
278 915 404 957 satis:
435 914 575 955 virum
605 916 720 957 enim
749 929 835 957 non
866 909 1149 956 mediocriter·
1168 914 1340 955 doctum
1366 927 1504 969 neque

46 985 222 1026 minime
252 986 296 1026 in
325 984 504 1026 caeteris
533 985 767 1039 ineptum‚'
791 995 966 1025 caecum
1007 980 1196 1038 abripuit
1232 983 1375 1024 odium
1418 998 1502 1025 non

47 1055 250 1096 adversus
279 1051 577 1104 Aristotelem,
618 1052 696 1095 sed
725 1054 931 1095 adversus
962 1049 1276 1103 Scholasticos,
1322 1067 1501 1108 quorum

47 1123 279 1165 doctrinam
311 1136 406 1164 cum
435 1123 638 1178 magistro
668 1137 863 1165 casuram
893 1135 988 1164 esse
1019 1121 1242 1177 sperabat,
1290 1137 1385 1164 cum
1417 1123 1503 1165 alia

45 1207 217 1250 prorsus
252 1192 440 1234 ineunda
470 1200 584 1234 esset
611 1195 706 1245 via,
749 1191 915 1235 scilicet
942 1192 1209 1247 exponendi,
1250 1194 1501 1250 magistrum

44 1277 217 1319 prorsus
247 1262 333 1304 alia
361 1252 548 1314 docere,
581 1277 707 1320 quam
738 1264 808 1319 qui
839 1260 1069 1317 discipulos
1110 1264 1204 1304 eius
1244 1277 1340 1306 sese
1379 1273 1501 1306 autu-

43 1340 289 1374 marent.—-
321 1330 418 1382 Quo
440 1334 515 1374 vix
545 1331 679 1374 ullum
698 1331 944 1375 Aristotelis
974 1333 1250 1388 interpretem
1279 1333 1499 1391 hucusque

44 1416 168 1444 usum
197 1417 292 1445 esse
321 1401 529 1454 arbitror,
571 1418 676 1459 opus
711 1401 957 1445 Conradi
989 1400 1256 1444 Gessneri
1294 1402 1503 1460 Tigurini

36 1470 290 1528 philosophi
315 1478 361 1515 et
389 1472 550 1515 medici
576 1474 830 1525 clarissimi,
850 1472 1132 1528 physicarum
1151 1473 1496 1526 meditationum,

43 1541 372 1585 adnotationum
396 1547 441 1584 et
469 1542 726 1585 scholiorum
757 1542 892 1585 libros
922 1547 1111 1599 quinque
1142 1548 1393 1595 continens,
1425 1548 1502 1599 qui

43 1614 130 1652 tum
173 1625 325 1654 recens
365 1625 425 1654 ex
464 1617 605 1654 vari-is
650 1612 976 1655 Gessnerianae
1016 1612 1284 1666 diligentiae
1328 1614 1500 1654 relictis

42 1678 211 1721 schedis
231 1682 417 1733 collecti,
446 1682 688 1723 methodice
709 1682 918 1736 dispositi
945 1685 989 1721 ct
1019 1684 1261 1737 conscripti
1279 1696 1367 1738 per
1396 1681 1498 1724 Cas-

34 1763 194 1805 parum
236 1749 482 1806 Wolphium
519 1750 775 1806 Tigurinum
803 1750 1026 1793 Medicum
1058 1751 1103 1791 in
1133 1749 1273 1793 lucem
1302 1752 1497 1808 prodiere

42 1817 196 1875 Tiguri
236 1822 345 1862 1586
382 1833 470 1861 uno
502 1818 585 1860 vol.
627 1817 701 1861 fol.
742 1821 787 1862 in
819 1835 922 1862 usus
961 1828 1130 1861 nostros
1169 1821 1378 1863 advocare
1409 1837 1495 1863 non

40 1887 341 1930 dubitavimus.
372 1914 429 1920 —
483 1887 690 1939 Quamvis
719 1888 853 1932 multa
882 1891 1119 1942 contineat,
1151 1906 1232 1946 pro
1253 1890 1370 1933 illius
1400 1893 1496 1933 aevi

41 1958 256 2014 cogitandi
285 1972 334 2000 ac
356 1957 687 2015 philosophandi
716 1962 883 2002 ratione
911 1959 1041 2017 paulo
1075 1959 1351 2013 abstrusiora,
1382 1963 1495 2004 unde

39 2029 116 2069 vix
144 2026 297 2085 aliquis
327 2028 456 2071 hodie
487 2029 672 2071 fructum
702 2041 828 2087 queat
858 2032 1094 2086 concipere,
1124 2032 1270 2072 insunt
1291 2041 1431 2074 tamen
1452 2041 1496 2073 et

41 2096 139 2149 alia,
169 2112 277 2155 quae
305 2100 555 2155 praesertim
585 2100 639 2141 ad
668 2098 806 2142 libros
836 2101 888 2142 de
917 2102 1132 2153 meteoris,
1164 2115 1341 2158 quorum
1372 2116 1495 2158 quar-

39 2177 130 2210 tum
168 2182 264 2210 cum
300 2166 423 2211 libris
463 2169 517 2210 de
547 2171 823 2226 generatione
863 2179 906 2211 et
940 2171 1116 2213 interitu
1156 2171 1494 2213 connectendum

40 2239 219 2289 censuit,
248 2237 324 2280 sed
354 2246 497 2280 tamen
525 2239 606 2291 ita,
637 2249 684 2281 ut
710 2247 879 2281 nostrae
909 2242 1144 2282 sententiae
1174 2243 1220 2283 in
1254 2240 1388 2282 altero
1420 2255 1493 2282 vo-

38 2305 200 2348 lumine
230 2308 508 2362 exponendae
541 2323 627 2350 non
657 2309 917 2366 refragetur,
947 2312 1000 2353 ad
1028 2311 1165 2353 libros
1195 2311 1248 2352 de
1279 2312 1422 2352 anima
1452 2319 1494 2350 et

42 2389 149 2430 quae
179 2389 309 2431 parva
329 2376 537 2418 naturalia
554 2387 776 2430 vocantur,
806 2387 1011 2435 spectant.
1070 2380 1222 2422 Insunt
1242 2380 1491 2434 praesertim

41 2441 206 2484 scholia
235 2447 464 2499 quaedam,
503 2456 575 2488 aut
606 2461 662 2488 ex
689 2450 854 2505 graecis
882 2449 1200 2504 interpretibus,
1228 2448 1492 2499 Alexandro,

41 2512 374 2570 Olympiodoro,
416 2515 576 2557 Ioanne
608 2515 920 2569 Grammatico,
964 2517 1230 2571 Themistio,
1269 2518 1491 2575 Simplicio

41 2581 218 2625 collecta
247 2593 320 2626 aut
339 2585 593 2627 emendandi
621 2588 808 2628 rationes
837 2589 1118 2644 proponentia
1144 2603 1221 2644 pro
1237 2588 1491 2631 lectionibus

41 2653 240 2696 editionis
268 2653 500 2711 Isengrinii
530 2654 650 2708 (Bas.
673 2656 727 2710 c.)
769 2665 811 2698 et
839 2659 1086 2700 versionum
1113 2658 1314 2714 Alcyonii
1343 2667 1385 2699 et
1412 2657 1491 2699 Pe-

40 2723 184 2764 rionii.
254 2722 446 2774 Quorum
483 2724 618 2767 multa
657 2740 770 2767 nunc
806 2728 933 2769 etiam
972 2728 1151 2770 utilitate
1189 2743 1275 2770 non
1315 2741 1490 2784 prorsus

42 2806 186 2834 carere
224 2793 403 2837 videbis.
470 2794 563 2838 Nec
592 2811 678 2838 non
709 2798 884 2839 minime
922 2798 1094 2854 ineptae
1124 2807 1224 2841 sunt
1252 2798 1491 2840 adnotatio-

43 2875 145 2903 num
174 2862 429 2916 nonnullae,
462 2880 570 2921 quae
602 2866 656 2908 ad
688 2869 941 2923 sententiam
971 2870 1155 2910 auctoris
1185 2866 1490 2910 enucleandam

42 2934 181 2987 magis
211 2941 415 2988 spectant,
458 2950 582 2992 quam
611 2937 665 2979 ad
688 2937 914 2981 verborum
944 2939 1233 2995 integritatem
1266 2937 1491 2979 restituen-

1027 3029 1101 3050 *itit
