1774 3184
214 349 289 390 ET
314 347 532 389 OLYMP.
558 347 621 387 IN
644 346 826 387 ARIST.
846 345 1180 386 METEOROL.
1210 345 1318 385 LIB.
1341 345 1375 384 1.
1447 336 1540 382 189

98 464 171 503 νῦν
199 461 362 510 πλείους
391 458 493 509 ἑνός.
543 457 778 514 ἱστόρηνται
808 458 854 500 δὲ
890 457 965 501 καῖ
986 458 1163 510 συνεχῶς
1200 454 1435 512 φαινόμενοι
1472 458 1539 499 καὶ

98 529 141 571 ἓν
169 533 228 587 τῷ
253 528 365 587 αὐτῷ
393 533 467 571 νῦν
496 529 676 576 πλείονες
704 525 803 576 ἑνός.
833 527 970 583 τρίτος
996 525 1155 581 ἔλεγχος
1183 522 1204 567 ὅ
1226 524 1270 567 ἔκ
1297 529 1379 568 τῶν
1407 524 1541 567 ἀπλα-

97 601 190 639 νῶν.
230 597 307 639 εἴτε
336 597 414 654 γὰρ
444 596 559 645 ἕκτος
587 595 764 650 πλάνης,
795 595 871 637 εἴτε
900 593 1074 643 σύνοδός
1102 593 1188 635 ἔστι
1214 596 1296 635 τῶν
1327 593 1542 648 πλανωμέ-

97 682 191 717 νων,
222 664 297 708 οὖκ
325 665 403 708 ἔδει
435 663 594 718 ἀπλανῆ
625 680 722 706 ποτε
751 663 931 718 κομήτην
961 667 1152 719 φανῆναι.
1185 660 1312 718 ὤφθη
1335 662 1380 704 δὲ
1408 661 1541 704 ἀπλα-

96 733 170 788 νὴς
207 732 401 788 κομήτης.
461 732 528 774 καὶ
565 732 635 774 ἰ’να
662 730 783 774 πάλιν
810 731 868 787 μὴ
898 731 1034 773 ἄλλων
1060 729 1427 786 μνημονεύσωμεν,
1466 734 1541 773 τοῦ

97 801 161 843 ἐπὶ
189 799 306 855 ήμῶν
333 800 548 858 γενομένου
576 803 844 854 μνησθῶμεν,
874 797 930 849 ὧς
946 798 1126 855 εἴρηται,
1158 798 1223 840 ἐπὶ
1252 796 1342 848 ἑνὸς
1371 798 1543 854 ἀστέρος

94 873 178 912 τῶν
214 870 305 926 περὶ
342 868 418 924 τὴν
458 867 638 925 κεφαλὴν
677 871 753 910 τοῦ
792 866 1016 923 δράκοντος
1053 871 1128 909 τοῦ
1166 868 1208 909 ἐν
1237 874 1324 916 τοῖς
1363 866 1540 923 ἄρκτοις.

95 937 291 993 τέταρτος
308 936 348 992 *)
380 936 538 993 ἔλεγχος
567 934 588 979 ὃ
617 937 661 978 ἐκ
688 940 763 1019 τῆς
790 939 970 992 φθορᾶς.
1018 936 1062 977 τί
1087 935 1236 989 δήποτε
1264 935 1342 992 γὰρ
1369 935 1541 990 μηδέπω

96 1004 273 1062 ἓφάνηνῆ
290 1004 556 1060 διαλυόμενος
582 1005 639 1054 εἷς
666 1020 765 1053 τους
780 996 1091 1058 ἶπλάνητας
1074 1021 1099 1058 η
1092 995 1415 1053 τόνῖἒκεῖνον
1436 1003 1542 1045 πλά-

95 1090 221 1127 νητα,
261 1072 367 1115 ἀλλὰ
397 1072 502 1115 κατὰ
528 1072 654 1141 μέρος
680 1072 941 1154 μαραίνεται
948 1088 1014 1113 και
1049 1071 1283 1127 ἀφανίζεται
1311 1073 1368 1121 εἷς
1396 1071 1542 1113 ουδένα

97 1140 250 1198 ἀστέρα
283 1140 559 1194 διαλυόμενος.
616 1144 746 1182 ταῦτα
781 1139 858 1193 μὲν
897 1155 969 1181 ουν
1003 1138 1120 1181 κοινὰ
1147 1146 1238 1190 ταῖς
1265 1141 1374 1196 τρισὶ
1403 1139 1543 1190 δόξαις

95 1208 272 1263 ἑπόμενα
313 1209 460 1252 άτοπα.
508 1208 594 1250 ἴδια
622 1208 710 1250 δὲ’
696 1208 830 1251 ε’πεται
868 1207 1003 1250 ἄτοπα
1039 1214 1126 1257 τοῖς
1163 1209 1347 1265 λέγουσιν
1386 1209 1431 1251 ἐκ
1469 1213 1543 1263 τῆς

95 1276 274 1327 συνόδου
300 1282 382 1320 τῶν
398 1269 640 1332 ’.ἐ-ἀστέρων
667 1277 852 1332 γίνεσθαι
881 1275 955 1319 τὸν
983 1276 1179 1332 κομήτην.
1218 1281 1351 1319 ταῦτα
1377 1281 1541 1334 πρῶτον

93 1345 192 1399 μέν,
243 1343 307 1388 ὅτι
343 1345 422 1388 ἔδει
462 1345 532 1387 τὸν
570 1343 753 1399 κομήτην
783 1343 875 1387 τότε
902 1344 1117 1400 γενέσθαι,
1159 1344 1226 1388 ὅτε
1257 1345 1431 1393 σύνοδος
1458 1350 1541 1388 τῶν

94 1411 310 1468 πλανήτων
337 1414 501 1469 γίνεται.
544 1417 616 1456 νῦν
647 1411 688 1455 δ’
725 1410 905 1470 δρῶμεν,
936 1413 1000 1455 ὅτι
1028 1412 1095 1456 ὅτε
1126 1412 1300 1463 σύνοδος
1326 1418 1410 1456 τῶν
1436 1417 1542 1455 πλα-

93 1481 283 1535 νωμένων
309 1481 454 1537 γέγονε,
482 1480 667 1536 κομήτης
696 1479 769 1523 οὐκ
798 1480 944 1549 ἐφάνη,
975 1483 1042 1523 καὶ
1062 1499 1245 1536 κομήτης
1263 1481 1394 1539 ἐφάνη
1419 1481 1542 1524 συνό-

95 1551 170 1590 δου
186 1549 244 1603 μὴ
262 1549 490 1604 γενομένης.
523 1547 579 1598 ὧς
597 1547 808 1602 ἓδήλωσάν
833 1565 937 1597 τινες
963 1553 1046 1591 τῶν
1077 1549 1297 1603 πλανήτων
1324 1547 1540 1605 γινόμενοι.

95 1615 285 1673 δεύτερον
323 1634 499 1670 ατοπον,
548 1618 583 1658 ει
617 1616 661 1658 ἔκ
699 1632 774 1669 της
807 1616 956 1669 μίξεως
994 1617 1170 1671 καὶ.τῆς
1196 1616 1372 1659 συνόδου
1400 1621 1484 1660 τῶν
1512 1635 1530 1660 ε

94 1684 311 1738 πλανήτων
344 1684 495 1739 λέγεται
533 1684 718 1739 γίνεσθαι
753 1682 828 1725 τὸν
866 1681 1074 1738 κομήτην,
1122 1685 1166 1726 τί
1193 1683 1343 1739 δήποτε
1379 1684 1439 1740 μὴ
1474 1687 1543 1727 καὶ

94 1752 254 1807 ἀπλανῆ
292 1751 558 1806 πλανωμένης
594 1749 836 1806 μιγνύμενον
874 1751 1027 1806 λέγεται
1066 1758 1193 1795 ποιεῖν
1231 1751 1431 1808 κομήτην.
1480 1754 1543 1803 τίς

95 1820 173 1876 γὰρ
202 1817 240 1874 ἢ
262 1818 546 1875 ἀποκλήρωσις
566 1818 659 1876 **),·
696 1821 732 1861 εἴ
760 1819 805 1861 δὲ
832 1823 954 1862 τοῦτο
986 1818 1150 1862 ἄτοπον.
1195 1821 1263 1862 καὶ
1290 1820 1367 1878 γὰρ
1396 1823 1542 1864 πολλοὶ

94 1890 294 1941 πλανῆται
331 1884 566 1943 ὖπέδραμον
602 1885 786 1941 ἀπλανῆ,
836 1884 892 1936 ὥς
924 1886 1208 1944 Ἀριστοτέλης
1244 1886 1436 1944 ἱστόρησε
1466 1890 1541 1932 τὸν

93 1958 169 1997 τοῦ
195 1954 300 2003 Διὸς
326 1951 621 2011 ὕποδραμόντα
650 1953 810 2009 ἀπλανῆ
838 1972 930 1998 τινα
960 1955 1112 2014 ἀστέρα
1140 1960 1223 1999 τῶν
1245 1955 1441 2011 διδύμων,
1473 1959 1541 1999 καὶ

93 2021 207 2078 ὅμως
235 2021 282 2065 οὐ
311 2022 444 2078 γέγονε
474 2021 670 2077 κομήτης.
718 2022 848 2078 πολλὴ
883 2022 924 2065 δ’
949 2024 1058 2067 ε’στὶν
1086 2021 1112 2080 ἦ
1140 2026 1349 2082 μαρτυρία
1388 2024 1540 2068 τούτου

93 2091 194 2147 παρ’
227 2091 481 2145 Αἰγυπτίοις.
527 2092 667 2147 τρίτον
707 2089 883 2142 ἄτοπον,
925 2093 962 2134 εἴ
996 2092 1048 2136 τὰ
1086 2097 1137 2150 τῇ
1173 2092 1293 2150 φύσει
1330 2091 1541 2149 ἀδιαίρετα

95 2157 363 2211 συντιθέμενα
406 2157 454 2200 οὗ
493 2165 603 2200 ποιεΐ
634 2159 847 2241 διαιρετόν.
896 2158 976 2203 ὅσα
1003 2161 1080 2217 γὰρ
1109 2160 1260 2246 δήποτε
1301 2159 1372 2203 ἐὰν
1402 2164 1541 2217 συνθῇ

95 2231 263 2278 σημεῖα,
293 2223 412 2266 οὐδὲν
441 2226 518 2267 π7’
498 2244 563 2268 εον
591 2232 700 2269 ποιεῖ
721 2225 747 2281 ἢ
767 2233 948 2282 σημεῖον,
980 2228 1058 2271 ἔδει
1087 2230 1155 2271 καὶ
1183 2228 1236 2271 τὰ
1263 2233 1315 2285 τῇ
1346 2228 1540 2283 αἰσθήσει

97 2291 306 2347 ἀδιαίρετα
337 2294 606 2347 συντιθέμενα
632 2293 694 2349 μὴ
722 2302 850 2338 ποιεῖν
887 2296 1091 2353 διαιρετὸν
1123 2301 1175 2353 τῇ
1212 2295 1418 2350 αἰσθήσει.
1465 2300 1539 2338 νῦν

93 2358 138 2401 δ’
173 2356 356 2414 δρῶμεν,
398 2358 460 2402 ὅτι
491 2358 518 2405 ὅ
540 2361 721 2416 κομήτης
746 2363 934 2419 μέγιστος
962 2364 1070 2406 πάνυ
1097 2366 1284 2421 φαίνεται
1322 2362 1424 2419 ὓπερ
1464 2363 1539 2418 τὴν

95 2426 199 2468 ἀναλ
189 2428 314 2482 .ὀγιαν
342 2431 416 2482 τῆς
446 2428 696 2478 συνθέσεως·
738 2431 844 2487 πλὴν
873 2431 1113 2488 σεσόφισται
1143 2430 1164 2474 ὃ
1192 2431 1335 2487 λόγος,
1367 2430 1538 2473 δύναται

93 2494 171 2551 γὰρ
210 2494 342 2537 πολλὰ
381 2498 432 2551 τῇ
471 2493 663 2550 αἰσθήσει
700 2497 908 2555 ἀδιαίρετα
937 2504 1102 2554 ποιῆσαι
1133 2498 1345 2556 διαιρετόν.
1394 2500 1438 2542 τί
1464 2494 1537 2542 οὖν

94 2562 283 2618 λέγομεν,·
334 2562 396 2606 ὅτι
426 2564 557 2605 πολλὰ
587 2567 871 2620 συντιθέμενα.
932 2562 1045 2611 οὗτοι
1081 2569 1127 2610 δὲ
1156 2567 1204 2610 οὐ
1231 2567 1364 2610 πολλὰ
1402 2566 1536 2623 ἔλεγον

96 2630 386 2687 συνέρχεσθαι,
420 2626 668 2687 ἀλλ”ὃλίγω
697 2633 812 2676 πέντε
839 2635 916 2692 γὰρ
944 2635 1086 2691 μόνον.
1126 2635 1230 2693 πρὸς
1258 2636 1304 2677 δὲ
1332 2635 1407 2684 τὰς
1435 2635 1535 2678 ἀνα-

139 2774 179 2818 ·Ἇ)
201 2776 283 2811 Ald.
315 2774 352 2811 δ’
378 2776 528 2824 ἔλεγχος.

140 2842 197 2888 **)
221 2844 293 2879 Csr.
318 2848 362 2880 ad
389 2847 554 2893 Excerpt.
580 2850 615 2893 Ι,
640 2852 680 2894 3,
707 2854 761 2887 10.
