1760 3138
409 350 412 353 ’
462 361 684 404 LIBRUM
711 357 954 399 PRIMUM.
1012 355 1205 396 cAP.11.
1474 341 1570 387 329

189 478 232 533 2)
262 478 453 519 Totidem
474 483 567 516 sunt
586 473 784 528 principia
812 468 989 525 (ἀρχαί);
1019 467 1274 518 calidum,
1302 465 1571 519 frigidum,

242 549 465 597 siceum,
514 543 783 583 humidum
842 540 924 590 (de
953 544 1138 589 generat.
1179 544 1218 574 et
1245 537 1394 574 interit.
1431 534 1491 582 Π,
1530 537 1572 573 2.

244 630 285 668 Ρ.
307 619 401 665 329,
425 612 483 667 b).

191 689 233 743 3)
264 692 374 730 Haec
394 688 604 742 principia,
628 685 787 738 quando
808 684 901 723 bina
918 682 1174 763 copulantur,
1202 693 1275 718 sex
1294 678 1466 718 diversis
1485 691 1576 716 mo-

247 759 309 797 dis
331 757 516 809 coniungi
546 760 715 808 possunt
743 753 841 806 (τῶν
870 747 1076 804 τεττάρων
1102 745 1146 796 ἐξ
1173 745 1215 788 αἱ
1236 743 1434 797 συζεύξεις
1457 743 1577 798 dol),-

246 834 287 866 at
306 841 397 865 cum
420 824 622 864 contraria
650 823 783 862 eidem
810 819 974 872 corpori
999 819 1130 857 inesse
1158 821 1377 867 nequeant,
1406 820 1579 866 quatuor

245 901 400 933 tantum
420 892 717 974 principiorum
737 889 1010 941 copulationes
1027 900 1075 925 re
1092 898 1190 925 vera
1211 884 1303 922 fieri
1324 897 1442 935 posse
1468 887 1579 934 patet

249 958 318 1016 (τὰ
351 958 391 1000 δ’
415 958 576 1000 ἐναντία
608 955 655 999 οὗ
684 955 836 1011 πέφυκε
865 951 1177 1003 συνδυάζεσθαι.
1220 946 1382 1029 θερμον
1404 963 1482 1004 γαρ
1511 948 1579 989 καὶ

249 1026 412 1084 ψυχρόν
441 1024 540 1068 εἶναι
567 1023 613 1066 τὸ
637 1022 737 1065 αὐτὸ
758 1023 822 1064 καὶ
842 1021 964 1063 πάλιν
985 1017 1109 1075 ’ξηρὸν
1129 1018 1196 1060 καὶ
1214 1013 1338 1073 ὗγρόν
1360 1014 1578 1058 ἀδύνατον.

247 1101 296 1138 de
311 1104 495 1150 generat.
522 1105 559 1134 et
577 1096 728 1133 interit.
761 1093 818 1140 11,
840 1093 897 1131 3!
909 1104 949 1143 Ρ
972 1093 1067 1138 330,
1086 1086 1140 1141 a).

195 1175 239 1231 4)
268 1174 598 1227 Unumquodque
618 1177 790 1224 quatuor
810 1170 1103 1208 elementorum
1131 1167 1234 1206 binis
1261 1166 1347 1206 istis
1371 1166 1583 1219 principiis

248 1253 438 1296 tanquam
470 1240 722 1293 qualitatibus
751 1237 915 1290 gaudet,
947 1242 988 1276 et
1007 1235 1118 1275 aliud
1148 1234 1311 1286 quidem
1335 1235 1443 1285 aliis,
1472 1234 1583 1273 unde

247 1312 483 1363 intelligitur
497 1340 508 1360 ,
550 1308 646 1362 quid
673 1307 749 1346 sibi
776 1306 905 1346 velint
933 1304 1062 1344 verba
1088 1300 1264 1357 τέτταρα
1294 1299 1466 1354 σώματα
1497 1301 1522 1342 δ
1531 1318 1544 1341 ι
1557 1298 1584 1341 οἱ

216 1372 220 1376 ’
246 1377 322 1427 τάς
350 1377 548 1432 τέτταρας
576 1373 718 1428 ἀρχάς.

197 1458 239 1513 5)
262 1460 389 1500 Levis
412 1464 473 1497 est
490 1455 595 1509 ignis
615 1467 854 1506 semperque
875 1467 1034 1492 sursum
1054 1453 1189 1491 fertur
1213 1448 1384 1503 (κίνησιν
1406 1446 1483 1502 ἕχει
1506 1446 1606 1498 ἀπὸ,

252 1528 326 1567 τοῦ
347 1523 512 1578 μέσου),
540 1531 651 1563 terra
680 1522 813 1574 gravis
842 1534 1084 1573 semperque
1115 1520 1241 1558 imum
1260 1520 1396 1557 locum
1417 1524 1587 1570 occupat

255 1602 295 1634 et
314 1594 503 1633 deorsum
523 1592 680 1643 rapitur
709 1587 881 1642 (κίνησιν
899 1585 976 1639 ἔχει
997 1586 1061 1627 ἐπὶ
1078 1582 1125 1626 τό
1145 1583 1301 1638 μέσον).
1359 1586 1493 1624 Etiam
1517 1590 1588 1626 aer

257 1669 299 1701 et
327 1675 430 1713 aqua
456 1660 662 1700 levitatem
696 1663 737 1695 et
765 1656 926 1708 pondus
954 1654 1102 1694 habent
1140 1653 1274 1705 (unde
1308 1659 1420 1705 patet
1451 1667 1588 1693 sensus

258 1729 501 1770 verborum:
533 1723 606 1765 δύο
633 1723 654 1764 ὁ
672 1720 683 1736 '
708 1720 734 1762 ἃ
760 1719 863 1777 πρὸς
896 1717 1002 1762 αὖτιὶ
1030 1718 1191 1768 τούτοις
1218 1717 1418 1774 ἀνάλογον
1443 1718 1520 1772 ἔχει
1549 1729 1590 1762 et

257 1811 295 1849 q.
318 1794 378 1849 s.),
405 1802 524 1847 atque
544 1806 646 1845 aqua
668 1790 832 1843 quidem
855 1791 1070 1840 universis,
1100 1796 1208 1828 terra
1230 1795 1397 1842 excepta
1416 1790 1589 1830 substat:

255 1869 326 1904 aer
349 1870 483 1903 autem
517 1874 639 1913 super
672 1860 808 1898 omnia
832 1858 1004 1909 eminet,
1041 1859 1134 1910 igne
1168 1864 1354 1910 excepto.
1404 1858 1452 1896 de
1478 1859 1590 1897 caelo

256 1933 329 1982 IV,
351 1935 386 1972 5.
416 1945 456 1982 p.
479 1932 573 1978 312,
595 1942 630 1967 a.

202 2008 245 2064 6)
271 2012 339 2050 Ex
354 2009 463 2048 hisce
483 2006 691 2046 elementis
713 2006 958 2065 compositus
980 2010 1043 2043 est
1064 2003 1237 2042 mundus
1260 1997 1298 2055 (ὃ
1318 2000 1506 2055 κόσμος).

202 2087 247 2141 7)
278 2088 458 2128 Mundus
477 2100 682 2125 connexus
698 2092 757 2125 est
776 2100 868 2125 cum
887 2096 1074 2136 suprema
1092 2083 1162 2122 illa
1179 2081 1362 2134 sphaera,
1392 2096 1469 2134 qua
1485 2082 1593 2121 fixae

260 2157 396 2195 stellae
416 2155 618 2203 residunt,
650 2155 778 2192 omnis
800 2159 932 2192 motus
952 2152 1084 2204 prima
1105 2163 1219 2188 causa
1240 2156 1280 2188 et
1299 2150 1518 2202 principio.

209 2233 253 2286 8)
284 2235 388 2274 Cum
416 2247 518 2273 vero
546 2233 822 2271 indesinenter
851 2233 926 2271 ista
946 2231 1116 2283 sphaera
1155 2227 1345 2281 (πρῶτον
1376 2228 1593 2280 στοιχεῖον)

262 2302 433 2346 feratur,
461 2313 592 2351 neque
611 2313 789 2350 unquam
807 2300 892 2338 ullo
909 2299 953 2336 in
978 2299 1067 2336 loco
1086 2301 1305 2343 remaneat,
1335 2309 1425 2333 cum
1448 2295 1595 2334 deinde

264 2374 437 2419 quatuor
453 2367 523 2405 illa
541 2367 737 2404 elementa
765 2372 873 2404 certa
898 2366 1081 2403 locorum
1104 2363 1292 2401 distantia
1314 2362 1425 2401 aliud
1446 2364 1496 2401 ab
1515 2364 1595 2402 alio

263 2436 395 2474 absint
420 2440 559 2485 atque,
587 2433 655 2472 ubi
675 2433 825 2471 iustum
851 2434 987 2471 locum
1014 2431 1322 2482 occupaverint,
1351 2430 1509 2481 placida
1526 2445 1596 2470 re-

265 2516 430 2541 manere
450 2501 677 2553 possint,
706 2505 816 2551 patet
833 2499 1035 2551 duplicem
1056 2511 1214 2536 eausam
1241 2511 1404 2547 eorum,
1434 2499 1595 2550 quaein

266 2570 419 2609 mundo
442 2568 638 2614 accidant,
668 2581 752 2605 esse
773 2566 1107 2618 proponendam:

321 2635 360 2689 a)
392 2637 580 2675 alteram:
612 2629 667 2680 ὡς
684 2631 725 2672 ἐν
742 2629 844 2684 ὕλης
865 2630 958 2672 εἴδει
976 2634 1058 2672 τῶν
1075 2629 1306 2684 γινομένων,
1339 2633 1537 2671 elementa

322 2704 366 2756 b)
395 2705 584 2743 alteram:
624 2698 680 2748 ὡς
706 2697 807 2740 ὅθεν
830 2696 856 2752 ἦ
883 2696 1074 2751 κινήσεως
1107 2696 1242 2752 φορά,
1280 2713 1398 2751 quam
1430 2714 1514 2739 esse
1539 2700 1597 2739 ait

383 2768 457 2823 τὴν
479 2773 561 2811 τῶν
586 2767 647 2810 ἀεὶ
670 2766 913 2819 κινουμένων
933 2764 1118 2818 δύναμιν.

157 2840 342 2891 Denique
362 2836 492 2878 αἴτιον
513 2835 612 2878 ὅθεν
633 2838 780 2876 omisso
802 2830 857 2882 ὡς
885 2836 1081 2889 praebent
1100 2834 1215 2872 codd.
1261 2837 1306 2874 F.
1326 2835 1379 2874 H.
1402 2835 1455 2874 N.
