1812 3158
408 353 633 402 LIBRUM
662 361 903 402 PRIMUM.
962 362 1079 402 GAP.
1103 363 1181 404 vr.
1422 350 1516 398 385

72 475 229 515 theoria
258 475 390 515 obiter
416 481 572 525 utatur,
618 474 696 514 hoc
725 481 860 514 tamen
897 488 950 514 ex
980 476 1070 514 loco
1104 487 1354 527 nequaquam
1393 479 1517 526 patet,

76 557 170 582 eum
189 544 391 595 vulgatam
414 543 464 581 de
483 542 652 583 videndi
667 543 822 582 ratione
839 543 1078 582 sententiam
1096 542 1310 594 probasse,
1337 541 1410 580 sed
1430 555 1518 581 eam

68 617 302 663 usurpatam
323 625 408 650 esse
432 611 480 649 ab
501 611 746 663 Hippocrate
766 610 1153 663 eiusquediscipulo
1173 609 1392 661 Aeschylo.
1433 610 1517 649 Ita-

6 712 10 718 ,
73 692 151 729 que
178 680 331 718 corruit
362 684 663 730 argumentum,
694 692 774 730 quo
804 678 1009 728 nonnulli,
1037 684 1204 719 auctore
1238 677 1517 729 Olympio-

69 744 129 783 do
143 759 223 792 ro,
259 747 492 794 utebantur,
522 751 568 784 ut
588 759 639 784 ex
660 745 700 785 h.
721 747 747 784 l.
770 747 997 798 suppositos
1017 759 1102 786 esse
1122 745 1333 785 Aristoteli
1355 746 1515 783 Meteo-

67 814 341 864 rologicorum
359 813 484 852 libros
504 813 803 860 concluderent,
823 813 933 865 quod
946 826 999 852 ne
1013 827 1089 865 per
1107 827 1150 851 se
1163 812 1327 865 quidem
1348 811 1516 850 alicuius

69 882 261 919 momenti
280 887 377 928 erat,
407 895 499 920 cum
520 880 598 919 hoc
616 881 814 932 imprimis
843 883 1057 933 proprium
1086 880 1139 919 sit
1156 879 1367 919 Aristoteli
1398 876 1513 931 (ver-

67 948 128 986 bis
153 955 248 987 utor
275 949 440 987 Zellii
469 948 520 986 ad
539 948 678 987 Echio.
698 949 864 988 Nic-om.
884 949 917 997 I,
939 951 979 998 8,
1008 951 1048 986 1.
1077 961 1120 999 p.
1144 945 1241 998 40),
1273 952 1321 985 ut
1342 945 1394 984 de
1415 959 1513 997 qua-

67 1029 223 1068 cunque
250 1030 297 1054 re
318 1015 514 1068 disputet,
550 1016 763 1067 praecipue
788 1017 832 1054 in
855 1021 941 1055 arte
968 1015 1101 1061 civili,
1140 1015 1298 1054 curiose
1323 1013 1513 1065 respiciat

66 1083 175 1122 vitae
195 1097 312 1122 usum
334 1090 375 1122 et
393 1083 493 1134 quid
509 1082 720 1122 hominum
738 1083 953 1121 multitudo
972 1082 1024 1120 de
1043 1082 1128 1120 eius
1148 1081 1259 1120 modi
1274 1081 1398 1119 rebus
1419 1093 1512 1119 sen-

67 1150 161 1198 tiat,
200 1163 326 1202 eaque
354 1151 592 1189 auctoritate
621 1163 698 1202 pro
729 1155 964 1201 argumento
993 1155 1142 1187 utatur.
1209 1149 1360 1188 Adfert
1397 1148 1512 1186 Zell

66 1217 431 1264 Ethie.Eudem.I,
446 1221 483 1256 6.
502 1231 544 1268 p.
558 1221 680 1264 1217,
693 1228 737 1256 a:
767 1213 976 1270 προσέχειν
996 1213 1044 1256 οὐ
1077 1214 1143 1255 δεῖ
1164 1212 1300 1255 πάντα
1327 1219 1414 1261 τοῖς
1444 1211 1513 1252 διὰ

66 1280 208 1336 λόγων,
239 1281 344 1324 ἀλλὰ
373 1279 568 1330 πολλάκις
595 1285 752 1335 μᾶλλον
781 1288 869 1330 τοῖς
888 1280 1160 1337 φαινομένοις.
1189 1283 1325 1321 Echio.
1343 1284 1506 1321 Nicom.

64 1353 132 1399 X,
157 1355 205 1401 8,
219 1356 308 1399 ,12ς
349 1354 510 1391 σκοπεῖν
541 1349 587 1391 δὲ
621 1347 673 1392 τὰ
705 1349 1004 1405 προσειρημένα
1030 1348 1111 1403 χρὴ
1143 1348 1207 1388 ἐπὶ
1236 1346 1290 1389 τὰ
1319 1347 1414 1402 ἔργα
1446 1347 1513 1388 καὶ

61 1415 133 1457 τὸν
169 1418 261 1470 βίον
300 1416 587 1472 ἐπιφέροντας·
626 1417 704 1459 ’καὶ
733 1417 994 1475 συνᾳδόντων
1019 1416 1095 1468 μὲν
1124 1421 1211 1463 τοῖς
1240 1414 1372 1471 ἔργοις
1408 1412 1513 1455 ἀπο-

64 1484 262 1526 δεικτέον·
294 1484 610 1541 διαφωνούντων
639 1485 684 1526 δὲ
713 1484 858 1540 λόγους
884 1481 1152 1538 ὑποληπτέον.
1183 1487 1337 1536 Magn.
1356 1484 1511 1522 Moral.

63 1553 99 1599 I,
112 1557 150 1592 9.
166 1568 203 1605 p.
220 1556 342 1604 1186,
355 1555 380 1593 b
401 1556 596 1594 virtutem
615 1555 659 1593 in
679 1560 816 1593 nostra
833 1559 1030 1605 potestate
1049 1566 1133 1590 esse
1155 1558 1295 1590 contra
1307 1553 1513 1590 Socratem

63 1621 150 1659 solo
176 1620 256 1659 hoc
284 1629 518 1674 argumento
547 1622 715 1674 probat,
754 1621 847 1672 quia
875 1634 990 1659 more
1019 1626 1230 1671 receptum
1254 1625 1358 1658 esset
1386 1619 1511 1657 malos

64 1687 215 1736 puniri,
241 1688 351 1738 quod
370 1690 444 1727 nisi
467 1690 624 1728 virtute
638 1689 681 1727 in
701 1695 839 1727 nostra
857 1692 1055 1740 potestate
1074 1688 1148 1725 sita
1158 1686 1249 1726 fieri
1265 1700 1348 1726 non
1365 1692 1510 1738 posset.

66 1753 224 1791 Laudat
242 1761 449 1804 praeterea
471 1756 767 1808 Giphanius
789 1755 1108 1794 Emit-,Nicon
1128 1756 1187 1804 X,
1204 1757 1242 1800 1,
1259 1758 1298 1803 3,
1329 1755 1378 1792 de
1397 1754 1511 1791 caelo

65 1820 122 1866 ΙΙ,
146 1823 167 1857 1
188 1819 259 1858 fin.
289 1820 358 1859 ubi
380 1823 478 1860 item
501 1823 726 1862 doctrinam
746 1836 857 1861 suam
881 1823 931 1860 de
951 1822 1060 1859 caelo
1082 1835 1175 1859 cum
1194 1819 1352 1871 vulgari
1375 1833 1509 1871 popu-

64 1887 209 1926 larium
229 1901 396 1927 suorum
415 1890 607 1941 opinione
629 1889 843 1928 conciliare
865 1888 1012 1927 studet.
1071 1886 1189 1927 Nihil
1206 1887 1330 1939 igitur
1349 1887 1508 1936 mirum,

63 1954 96 1992 si
113 1953 390 2011 philosophus,
413 1957 482 1995 ubi
504 1957 635 1995 obiter
663 1962 818 1995 tantum
840 1956 967 2007 tangit
983 1969 1084 2004 rem,
1112 1955 1163 1993 de
1184 1956 1296 1994 cuius
1323 1955 1448 1993 causis
1469 1960 1510 1993 et

64 2022 291 2073 explicandi
315 2024 472 2062 ratione
493 2037 515 2062 a
537 2025 708 2076 vulgatis
731 2023 987 2075 opinionibus
1010 2024 1244 2073 recedebat,
1274 2023 1390 2074 vulgi
1417 2037 1509 2061 sen-

63 2089 227 2128 tentiam
255 2091 298 2128 in
318 2092 454 2130 locum
474 2092 666 2143 propriae
685 2092 904 2130 substituit.
963 2093 1089 2131 Nullo
1115 2092 1193 2130 alio
1219 2091 1365 2142 opinor
1384 2089 1507 2128 modo

65 2153 170 2194 dixit
196 2156 630 2210 Theophrastus,
658 2160 995 2198 Heraclitum
1020 2173 1138 2210 saepe
1156 2158 1328 2197 diversis
1350 2158 1392 2195 in
1410 2157 1507 2195 locis

66 2220 227 2260 diversa
261 2224 472 2262 tradidisse
509 2224 603 2276 (cfr.
633 2225 1099 2264 Sehleiermacher
1124 2226 1168 2263 in
1195 2227 1304 2263 Mus.
1336 2224 1409 2262 der
1428 2223 1508 2261 Al-

65 2288 562 2346 tertlzumsmissensehafl.
591 2293 626 2330 Ι.
657 2305 700 2343 p.
725 2275 842 2343 38'2).
903 2294 1019 2341 Quae
1039 2306 1201 2343 quoquo
1230 2291 1352 2329 modo
1373 2304 1415 2328 se
1435 2289 1508 2328 ha·-

64 2355 204 2406 beant,
235 2356 313 2394 hoc
331 2364 439 2396 certe
460 2359 550 2396 loco
570 2372 594 2396 a
612 2372 682 2397 sua
709 2354 904 2397 sententia
923 2371 1006 2397 non
1026 2359 1225 2408 discessit,
1257 2357 1436 2408 quamvis
1456 2357 1508 2396 de

64 2424 203 2472 altero,
235 2438 355 2475 quem
373 2425 637 2475 laudavimus,
666 2425 756 2463 loeo
786 2425 963 2463 dubitari
979 2431 1166 2476 nequeat.

177 2490 216 2530 4.
243 2488 492 2544 βραδυτὰτω
518 2489 655 2546 χρόνω
682 2506 760 2544 pro
779 2489 1022 2545 βραδύτατα
1041 2493 1100 2547 τῷ
1123 2488 1262 2547 χρόνῳ
1284 2494 1332 2530 Ε.
1378 2492 1506 2531 Dein-

64 2571 155 2609 ceps
181 2552 518 2610 ὗπολελειμμένος
544 2574 621 2612 pro
650 2554 987 2610 ὑπολελειμμένον
1015 2561 1064 2598 F.
1119 2561 1185 2599 De
1213 2573 1331 2598 sensu
1357 2558 1508 2598 verbo-

66 2635 157 2661 rum
176 2627 437 2667 conferantur
466 2628 823 2667 Vicomercati
850 2627 978 2668 verba
997 2625 1117 2666 haee:
1146 2628 1286 2675 „Raro
1308 2632 1442 2664 autem
1467 2632 1508 2664 et

70 2685 344 2742 Per.10ngiora
369 2696 563 2744 temporis
584 2695 817 2743 intervalla,
847 2707 967 2745 quam
987 2694 1143 2745 reliqua
1164 2694 1296 2733 sidera
1316 2692 1506 2744 conspici,

69 2757 162 2807 quia
181 2757 306 2796 solem
325 2766 545 2811 perpetuO,
575 2766 622 2798 ut
639 2765 679 2798 et
701 2759 960 2811 Pythagorici
986 2760 1164 2807 aiebant,
1197 2760 1433 2806 comitetur,
1460 2773 1505 2798 ac

70 2823 290 2863 tardissime
318 2825 366 2865 ab
398 2841 446 2865 eo
481 2827 803 2879 derelinquatur:
840 2841 920 2879 quo
943 2828 1073 2866 solum
1093 2834 1298 2879 tempore,
1329 2840 1420 2867 cum
1442 2828 1505 2866 vi-

995 2886 1047 2922 25
