1774 3164
427 404 648 445 LmRUM
676 402 912 444 PRIMUM.
971 402 1084 458 cAp.
1101 401 1210 442 vm.
1425 389 1523 434 409

97 522 346 574 Praeparat.
366 517 569 569 Evangel.
586 517 686 566 XV,
704 519 757 555 38
786 521 917 568 patet,
948 514 1131 566 quamvis
1151 513 1243 552 satis
1263 511 1452 561 obscuris,
1480 511 1524 550 in

96 589 240 640 quibus
273 585 516 639 explicandis
552 585 688 637 plures
720 584 824 632 viri,
866 584 973 622 iuter
1008 596 1107 634 quos
1143 579 1525 621 Tiedemannus

97 653 234 707 (Geist
252 655 326 693 der
348 654 545 707 speculat.
562 650 720 693 Philo-s.
738 665 776 704 p.
793 647 914 704 183),
943 649 1188 690 Davisius
1213 647 1264 687 ad
1293 648 1409 687 Cice
1420 661 1523 686 ron.

97 722 147 759 de
164 729 302 760 natur.
323 723 452 760 Deor.
481 722 515 768 Ι,
540 723 604 768 11,
631 720 676 768 4,
704 725 745 757 et
772 720 973 758 Heeren
1002 717 1054 756 ad
1083 717 1218 756 Stob.
1249 716 1323 755 1.1.
1353 716 1526 755 maxime

96 789 354 828 desudarunt.
413 790 625 840 Leguntur
652 786 762 839 apud
789 786 1066 824 Stobaeum
1103 785 1223 823 haec:
1263 782 1528 835 Παρμενίδης

96 853 300 910 στεφάνας
335 851 434 895 εἶναι
470 851 838 909 περιπεπληγμένας
866 849 1137 905 ἐπαλλήλους,
1178 849 1252 904 τὴν
1278 849 1354 903 μὲν
1383 849 1427 891 ἔκ
1453 851 1527 890 τοῦ

94 920 255 976 ἀραιοῦ,
286 921 360 975 τὴν
392 921 436 963 δὲ
466 921 509 963 ἔκ
532 924 607 963 τοῦ
627 923 793 961 πυκνοῦ.
831 918 978 973 μικτὰς
1003 918 1048 960 δὲ
1071 917 1197 967 ἄλλας
1225 918 1270 959 ἐκ
1295 915 1434 973 φωτὸς
1461 917 1527 959 καὶ

94 988 266 1038 σκότους
303 986 453 1042 μεταξὺ
491 987 672 1031 τούτων·
730 988 796 1028 καὶ
832 986 880 1029 τὸ
922 986 1104 1041 περιέχον
1136 985 1182 1026 δὲ
1209 983 1346 1034 πάσας
1373 986 1528 1038 τείχους

94 1057 209 1110 δίκην
239 1055 398 1112 στερεὸν
427 1053 642 1111 ὑπάρχειν,
690 1052 768 1110 ὑφ’
802 1047 835 1111 ᾧ
864 1052 1058 1108 πυρώδης
1089 1050 1293 1108 στεφανή·
1348 1054 1414 1094 καὶ
1452 1051 1528 1107 τὴν

92 1124 340 1178 μεσαιτάτην
368 1127 510 1165 πασῶν
541 1122 694 1178 ἀραιῶν
723 1121 844 1163 πάλιν
873 1120 1068 1176 πυρώδη·
1126 1123 1208 1162 τῶν
1238 1119 1283 1161 δὲ
1317 1124 1527 1175 συμμιγῶν

93 1191 166 1245 τὴν
194 1191 441 1245 μεσαιτάτην
471 1187 647 1238 ἁπάσαις
678 1188 797 1231 τοκέα
825 1187 960 1243 πάσης
997 1185 1190 1241 κινήσεως
1230 1187 1296 1229 καὶ
1339 1187 1528 1242 γενέσεως

92 1257 307 1315 ὑπάρχειν,
344 1258 485 1314 ἥντινα
515 1258 580 1299 καὶ
609 1257 784 1309 δαίμονα
811 1257 878 1298 καὶ
906 1253 1156 1312 κυβερνήτην
1195 1256 1263 1296 καὶ
1302 1258 1529 1311 κληροῦχον

93 1327 340 1381 ἐπονομάζει,
374 1327 489 1380 δίκην
510 1341 553 1366 τε
572 1325 638 1366 καὶ
658 1322 850 1380 ἀνάγκην.
902 1325 986 1366 Καὶ
1014 1327 1089 1378 τῆς
1114 1323 1190 1378 μὲν
1217 1327 1292 1379 γῆς
1319 1322 1395 1378 τὴν
1425 1322 1528 1365 ἀπό-

90 1412 221 1450 κρισιν
239 1394 348 1438 ἐἶναι
378 1393 450 1436 τὸν
480 1392 594 1448 ἀέρα,
626 1391 694 1433 διὰ
713 1392 788 1446 τὴν
815 1391 1048 1447 βιαιοτέραν
1078 1390 1205 1445 αὐτῆς
1233 1390 1529 1444 ἐξατμισθέντα

91 1465 265 1518 πίλησιν.
313 1466 386 1505 τοῦ
418 1461 462 1502 δὲ
491 1459 619 1516 πυρὸς
648 1459 855 1514 ἀναπνοὴν
884 1458 956 1501 τὸν
985 1457 1102 1513 ἥλιον
1141 1459 1207 1501 καὶ
1235 1459 1308 1502 τὸν
1335 1460 1528 1515 γαλαξίαν

91 1530 250 1581 κύκλον,
270 1533 379 1572 unde
398 1532 581 1582 exiguam
597 1531 736 1569 saltem
754 1532 884 1569 lucem
902 1530 1116 1581 accipiunt,
1146 1543 1248 1580 quae
1264 1531 1297 1575 Ι,
1311 1533 1379 1569 28.
1398 1543 1434 1581 p.
1447 1529 1528 1569 574

91 1599 316 1640 adduntur:
342 1598 607 1653 Παρμενίδης
639 1595 687 1637 τὸ
716 1599 789 1637 τοῦ
818 1598 973 1636 πυκνοῦ
1004 1595 1070 1636 καὶ
1098 1598 1174 1636 τοῦ
1203 1594 1350 1649 ἀραιοῦ
1377 1597 1530 1650 γαλακὲ-

92 1665 244 1714 τοειὸἑς
261 1664 499 1707 ἀποτελέσαι
514 1667 676 1719 χρῶμα.
719 1665 830 1716 Quid
845 1665 1022 1704 voluerit
1039 1666 1282 1703 Parmeni
1296 1665 1320 1702 d
1333 1678 1383 1703 es
1411 1666 1530 1716 longe

93 1735 235 1772 melius
257 1735 373 1772 nobis
395 1740 571 1786 pateret,
599 1734 632 1772 si
659 1733 863 1772 Aristoteli
884 1732 1114 1785 placuisset,
1145 1732 1252 1771 illius
1274 1733 1353 1771 viri
1371 1733 1530 1784 opinio-

92 1815 184 1840 nem
203 1802 406 1841 refellere.
445 1804 499 1841 Et
516 1815 563 1841 re
582 1814 689 1850 vera,
711 1814 802 1839 cum
821 1814 935 1839 causa
952 1800 1119 1849 adesset,
1147 1814 1220 1839 cur
1239 1800 1529 1840 Metrodori

92 1870 299 1908 sententiis
326 1870 560 1908 refellendis
586 1883 668 1908 non
697 1869 1005 1917 immoraretur,
1046 1869 1168 1906 nimia
1200 1868 1351 1922 scilicet
1391 1883 1528 1907 earum

91 1937 242 1989 ineptia
259 1939 394 1989 (quam
412 1937 610 1988 intelliges
629 1937 748 1975 etiam
775 1949 827 1974 ex
845 1937 907 1984 iis,
930 1950 1031 1988 quae
1052 1936 1095 1974 in
1117 1937 1331 1975 Meteorol.
1351 1934 1430 1975 bet.
1453 1937 1525 1976 Gr.

93 2012 134 2042 et
158 2005 278 2044 Rom.
319 2006 445 2053 VIII,
474 2009 541 2045 35.
581 2019 619 2057 p.
660 2006 739 2043 165
779 2010 862 2042 not.
892 2007 943 2042 16
982 2001 1249 2060 monuimus),
1284 2017 1367 2043 non
1393 2005 1526 2053 video,

92 2085 163 2110 cur
185 2073 466 2112 Parmenidem
493 2087 545 2111 ne
569 2072 698 2111 verbo
719 2072 880 2123 quidem
902 2071 1066 2122 dignum
1085 2073 1305 2123 repererit,
1337 2073 1447 2111 cuius
1467 2079 1528 2111 ta-

91 2152 186 2177 men
203 2131 416 2179 sententias
439 2141 490 2179 de
508 2141 626 2179 unico
646 2154 784 2179 rerum
804 2140 1003 2191 principio
1026 2137 1366 2191 (Phys.A1cscult.
1385 2142 1416 2187 I,
1437 2144 1528 2178 2—

94 2209 132 2244 3.
162 2219 202 2256 p.
229 2209 324 2255 184,
346 2208 372 2245 b
392 2221 477 2259 sqq.
513 2206 747 2258 Metaphys.
766 2207 806 2253 1,
831 2211 868 2246 3.
896 2221 935 2258 Ρ.
955 2207 1049 2255 984,
1070 2207 1111 2244 b.
1141 2207 1193 2255 ΙΙ,
1215 2205 1255 2244 4.
1284 2221 1322 2257 Ρ.
1350 2211 1471 2256 1001,
1493 2222 1528 2246 a.

93 2273 216 2322 XIII,
235 2277 275 2312 2.
306 2287 346 2325 p-
371 2278 478 2314 1089
492 2303 502 2322 ,
525 2276 604 2322 a),
632 2274 682 2312 de
700 2275 957 2326 generatione
978 2280 1018 2312 et
1037 2274 1297 2325 corruptione
1324 2271 1392 2325 (de
1412 2276 1528 2313 caelo

92 2342 151 2380 III
158 2369 169 2388 ,
196 2345 232 2379 1.
264 2354 304 2392 p.
327 2345 420 2391 298,
438 2341 515 2394 b),
550 2341 601 2380 de
621 2342 912 2380 elementorum
935 2347 1076 2379 natura
1106 2339 1179 2393 (de
1192 2355 1328 2392 gener.
1352 2350 1390 2378 et
1408 2343 1528 2381 inter.

93 2408 152 2456 ΙΙ,
170 2411 209 2446 3.
238 2421 280 2460 Ρ.
304 2411 407 2458 330,
428 2407 503 2461 1)),
534 2409 584 2447 de
603 2409 734 2447 calore
755 2409 971 2447 mulierum
999 2409 1151 2447 maiore
1180 2422 1224 2446 ac
1245 2409 1433 2447 virorum
1462 2407 1528 2461 (de

86 2484 216 2525 parit.
241 2476 419 2516 animal.
447 2477 501 2525 ΙΙ,
520 2480 560 2515 2.
589 2489 630 2527 p·
654 2477 746 2525 648,
759 2475 813 2528 a),
843 2482 889 2515 ut
908 2476 1002 2514 alias
1022 2482 1187 2524 taceam,
1214 2477 1418 2515 recensuit
1433 2490 1529 2528 par-

91 2543 244 2594 timque
268 2533 434 2582 refellit.
494 2543 651 2593 Quibus
680 2544 854 2590 accedit,
889 2543 999 2595 quod
1031 2544 1285 2582 Stobaeus
1310 2550 1351 2582 et
1370 2544 1528 2596 reliqui,

95 2611 328 2660 quibuscum
356 2612 426 2649 ille
453 2611 678 2649 consentire
707 2611 831 2658 solet,
867 2612 910 2650 in
939 2611 1240 2649 enumeratione
1275 2612 1528 2662 placitorum,

93 2677 181 2716 fere
200 2679 317 2717 unice
334 2678 384 2716 ab
396 2678 611 2717 Aristotele
629 2678 808 2730 pendere
827 2681 990 2727 soleant,
1004 2677 1112 2717 unde
1132 2691 1214 2716 non
1233 2678 1368 2731 inepte
1388 2678 1529 2729 aliquis

96 2746 335 2796 suspicetur,
370 2747 550 2785 lacunam
580 2747 623 2784 in
650 2752 765 2785 textu
792 2746 1020 2786 Aristotelis
1045 2746 1230 2784 existere.
1267 2768 1324 2776 —
1380 2747 1527 2785 Procul

97 2825 120 2849 a
138 2812 308 2852 veritate
334 2814 589 2854 abhorruisse
614 2812 872 2853 Aristotelem
901 2814 945 2853 in
971 2813 1087 2852 lactei
1118 2807 1259 2852 circuli
1282 2819 1426 2852 natura
1452 2827 1526 2852 ex-

96 2878 300 2929 plicanda,
335 2881 422 2933 quis
450 2888 532 2928 est,
567 2882 636 2934 qui
663 2880 786 2920 hodie
811 2883 855 2921 iu
881 2881 1169 2920 dubitationem
1199 2893 1347 2920 vocare
1364 2881 1524 2925 audeat,
