1820 3158
76 401 295 449 —p.369‚5.
320 402 481 437 Bekk·—
538 402 708 442 LIB.11.
730 400 943 441 CARIX.
989 394 1354 441 -15.351,E.Cas.—
1404 386 1498 431 123

71 516 346 572 τυγχάνουσιν.
407 522 474 557 50.
505 509 611 567 Περὶ
637 511 712 566 μὲν
732 505 804 553 οὗν
824 513 1011 564 σεισμῶν,
1042 509 1108 551 καὶ
1127 508 1190 558 τίς
1206 505 1393 564 ἡφύσις,
1423 506 1490 548 καὶ
1500 510 1553 549 50

74 584 142 626 διὰ
169 583 247 626 τίν’
271 584 405 625 αἰτίαν
431 583 628 638 γίνονται,
660 581 726 622 καὶ
753 580 842 635 περὶ
871 582 952 621 τῶν
981 576 1117 620 ἄλλων
1143 580 1225 636 τῶν
1253 572 1501 629 συμβαινόν-

73 668 157 693 των
184 652 275 705 περὶ
306 649 476 701 αὐτούς,
516 649 670 705 εἴρηται
700 646 844 706 σχεδὸν
870 648 960 703 περὶ
990 648 1073 688 τῶν
1099 645 1313 700 μεγίστων.

186 723 269 762 ΙΧ.
326 719 432 774 Περὶ
462 717 507 759 δὲ
535 716 746 773 ἀστραπῆς
774 716 841 757 καὶ
868 717 1064 771 βροντῆς,
1093 713 1151 756 ἔτι
1172 712 1216 755 δὲ
1243 713 1334 764 περὶ
1362 714 1503 767 τυφῶ-
1534 716 1554 751 1

76 804 146 837 νος
176 788 242 829 καὶ
259 790 493 842 πρηστῆρος
521 786 587 827 καὶ
607 787 809 840 κεραυνῶν
830 783 1026 838 λέγωμεν·
1056 783 1122 824 καὶ
1148 781 1225 837 γὰρ
1253 778 1410 822 τούτων
1435 778 1510 832 τὴν

78 853 202 909 αὐτὴν
231 852 358 910 ἀρχὴν
386 851 688 906 ὑπολαμβάνειν
718 850 882 892 πάντων
911 851 983 892 δεῖ.
1049 856 1087 891 2.
1123 853 1210 904 Τῆς
1235 847 1311 904 γὰρ
1341 847 1505 912 ἀναθυῗν
1535 852 1561 888 2

75 923 267 976 μιάσεως,
294 920 427 976 ὥσπερ
458 920 632 974 εἴπομεν,
663 918 785 974 οὔσης
814 920 973 973 διττῆς,
1012 921 1086 971 τῆς
1111 917 1186 970 μὲν
1211 914 1338 971 ὑγρᾶς
1366 918 1440 969 τῆς
1461 914 1506 956 δὲ

78 994 228 1047 ξηρᾶς,
269 991 335 1031 καὶ
363 992 437 1042 τῆς
464 989 706 1042 συγκρίσεως
733 984 904 1040 ἐχούσης
932 985 1058 1041 ἄμφω
1086 988 1217 1026 ταῦτα
1246 982 1413 1036 δυνάμει
1443 983 1510 1024 καὶ

79 1058 368 1112 συνισταμένης
397 1057 454 1104 εἷς
481 1055 604 1111 νέφος
635 1053 767 1109 ὥσπερ
797 1051 1186 1109 εἷ’ρηταιπρότερον,
1217 1050 1274 1103 ἔτι
1295 1051 1340 1092 δὲ
1358 1067 1508 1092 πυκνο-

28 1125 33 1130 ’
77 1126 199 1182 τέρας
226 1129 300 1179 τῆς
328 1121 560 1170 συστάσεως
585 1126 668 1164 τῶν
703 1124 836 1177 νεφῶν
873 1120 1083 1175 γινομένης
1122 1118 1227 1175 πρὸς
1259 1117 1308 1160 τὸ
1339 1118 1509 1172 ἔσχατον
1570 1178 1572 1181 ι

80 1194 218 1250 πέρας.
284 1198 323 1234 3.
360 1185 435 1232 ‘Ha
462 1188 539 1244 γὰρ
569 1189 734 1230 ἐκλείπει
761 1187 808 1230 τὸ
838 1186 996 1243 θερμὸν
1025 1186 1327 1244 διακρινόμενον
1356 1188 1414 1236 εἷς
1440 1186 1511 1228 τὸν
1540 1194 1565 1228 3
1611 1223 1613 1227 ,

80 1259 324 1309 ἄνω-τόπον,
351 1255 482 1312 ταύτῃ
504 1256 753 1312 πυκνοτέραν
783 1257 850 1298 καὶ
878 1255 1138 1311 ψυχροτέραν
1166 1255 1383 1310 ἀναγκαῖον
1411 1252 1511 1296 εἶναι

78 1327 151 1383 τῆν
186 1322 394 1370 σύστασιν.
480 1326 521 1365 4.
562 1322 643 1366 Διὸ
678 1325 744 1365 καὶ
774 1324 812 1365 οἱ
842 1324 1027 1380 κεραυνοὶ
1064 1324 1130 1366 καὶ
1161 1323 1199 1365 οἱ
1228 1323 1406 1379 ἔκνεφιάι
1443 1324 1509 1365 καὶ
1541 1326 1566 1363 4

78 1394 212 1437 πάντα
238 1393 291 1436 τὰ
320 1395 490 1435 τοιαῦτα
520 1391 684 1448 φέρεται
723 1391 857 1442 κάτω,
908 1392 1039 1433 καίτοι
1066 1390 1297 1447 πεφυκότος
1326 1390 1410 1433 ι’ίνω
1437 1395 1512 1432 τοῦ

78 1466 238 1518 θερμοῦ
267 1460 467 1518 φέρεσθαι
496 1458 659 1509 παντός.
693 1459 786 1501 ἀλλ’
816 1461 872 1509 εἷς
898 1459 1135 1501 τούναντίον
1162 1463 1236 1513 τῆς
1263 1457 1515 1513 πυκνότητος

81 1529 297 1585 ἀναγκαῖον
332 1529 517 1583 γίνεσθαι
552 1526 868 1582 τῆν’ἕκθλιψιν,
907 1524 995 1568 οἷον
1025 1526 1062 1568 οἳ
1091 1530 1263 1582 πυρῆνες
1293 1526 1332 1568 οἷ
1360 1526 1405 1567 ἐκ
1433 1530 1515 1567 τῶν

83 1595 294 1639 δακτύλων
330 1596 559 1649 πηδῶντες·
614 1598 681 1637 καὶ
718 1597 794 1651 γὰρ
832 1598 963 1637 ταῦτα
1001 1593 1130 1649 βάρος
1167 1586 1312 1646 ἔχοντα
1350 1594 1515 1649 φέρεται

83 1662 277 1712 πολλάκις
306 1662 403 1705 ἄνω.
476 1668 515 1704 5.
545 1659 611 1703 ‘H
632 1664 707 1716 μὲν
737 1658 810 1704 οὖν
837 1661 1093 1717 ἐκκρινομένη
1123 1660 1334 1717 θερμότης
1363 1663 1419 1710 εἷς
1445 1660 1517 1703 τὸν
1546 1665 1570 1702 5

87 1814 110 1837 a
131 1799 352 1838 continenti
371 1800 468 1839 sitae
486 1806 599 1850 sunt,
628 1800 776 1851 absque
796 1805 882 1838 toto
901 1799 1027 1844 mari,
1056 1811 1136 1850 quo
1157 1799 1398 1845 ambiuntur,
1427 1811 1518 1835 mo-

87 1867 175 1904 veri
194 1873 411 1916 nequeunt.
469 1871 533 1907 50.
562 1869 625 1907 Ac
643 1867 694 1905 de
713 1874 844 1906 terrae
865 1867 1027 1919 quidem
1053 1867 1248 1916 motibus,
1286 1867 1411 1919 qualis
1443 1879 1516 1903 na-

86 1939 176 1972 tura
205 1947 369 1984 eorum,
410 1940 450 1972 et
476 1948 595 1986 quam
623 1935 674 1973 ob
695 1948 850 1973 causam
877 1934 976 1972 fiant
1004 1941 1044 1972 et
1065 1934 1116 1972 de
1133 1935 1321 1986 reliquis,
1347 1948 1446 1986 quae
1466 1934 1515 1971 iis

87 2001 269 2039 accidunt
277 2030 289 2049 ,
322 2001 373 2039 de
394 2003 609 2054 potissimis
634 2004 796 2053 saltem,
826 2003 906 2040 iam
927 2002 1077 2040 dictum
1101 2009 1173 2041 est.

199 2069 298 2108 CAP.
330 2070 406 2108 lx.
463 2072 528 2109 De
547 2071 703 2109 tonitru
729 2076 862 2109 autem
885 2076 926 2108 et
944 2071 1121 2121 fulgure,
1149 2077 1358 2122 praeterea
1382 2069 1432 2108 de
1451 2076 1518 2120 ty-

89 2135 223 2186 phone
260 2144 300 2175 et
328 2143 508 2188 prestere
513 2145 576 2192 ⁴et
603 2139 654 2177 de
682 2139 917 2177 fulminibus
952 2138 1140 2177 dicamus.
1212 2140 1370 2177 Horum
1411 2138 1518 2175 enim

90 2201 268 2239 omnium
287 2202 395 2241 idem
413 2205 654 2257 principium
677 2220 761 2244 esse
780 2205 1086 2245 existimandum
1106 2212 1177 2246 est.
1233 2211 1273 2245 2.
1305 2207 1410 2244 Nam
1429 2218 1520 2242 cum

94 2268 267 2318 duplex,
292 2275 337 2306 ut
356 2270 549 2320 diximus,
578 2273 776 2312 exhalatio
796 2274 868 2319 sit,
899 2274 1023 2312 altera
1041 2274 1228 2322 humida,
1256 2275 1382 2312 altera
1399 2272 1518 2309 sicca:

95 2348 264 2385 cumque
293 2340 492 2376 concretio
520 2340 636 2377 ambo
664 2341 762 2379 haec
783 2347 978 2393 potestate
1002 2341 1147 2379 habeat
1166 2342 1268 2379 etin
1285 2341 1432 2379 nubem
1459 2337 1523 2390 (ut

93 2410 209 2441 antea
235 2403 387 2442 dictum
408 2404 482 2457 est)
508 2415 754 2447 concrescat:
783 2410 948 2460 insuper
978 2422 1069 2446 cum
1098 2409 1263 2446 nubium
1296 2407 1523 2446 constitutio

94 2471 145 2509 ad
156 2478 383 2509 extremum
400 2474 612 2512 terminum
633 2475 794 2514 densior
812 2477 904 2515 fiat:
935 2480 974 2514 3.
989 2477 1080 2526 Qua
1095 2477 1202 2513 enim
1220 2477 1328 2514 calor
1345 2476 1387 2512 iu
1404 2488 1524 2526 supe-

94 2552 187 2576 rum
200 2539 333 2576 locum
354 2547 524 2578 secretus
545 2541 689 2592 deficit,
709 2542 782 2581 hac
799 2543 984 2595 frigidior
1001 2543 1240 2595 densiorque
1253 2544 1304 2581 sit
1324 2542 1524 2590 concretio

97 2619 255 2644 necesse
282 2612 355 2644 est.
397 2606 433 2643 4.
454 2608 654 2657 Quocirca
676 2617 716 2648 et
738 2611 908 2649 fulmina
929 2616 970 2647 et
989 2609 1204 2661 ecnephiae
1225 2617 1265 2648 et
1282 2611 1415 2648 omnia
1442 2611 1526 2648 eius

98 2674 206 2712 modi
229 2674 417 2712 deorsum
436 2675 638 2714 feruntur.
696 2678 800 2716 Nam
822 2678 1004 2729 quamvis
1022 2677 1194 2716 calidum
1221 2692 1341 2716 omne
1367 2691 1526 2716 sursum

98 2742 197 2780 ferri
225 2748 367 2780 natura
395 2749 532 2794 aptum
559 2745 632 2790 sit,
662 2746 705 2783 in
730 2752 885 2798 partem
916 2753 1047 2783 tamen
1073 2745 1258 2784 densitati
1287 2747 1524 2784 contrariam

101 2809 302 2860 expressio
331 2809 400 2848 fiat
428 2823 588 2849 necesse
616 2819 694 2861 est,
728 2827 807 2864 quo
833 2813 953 2851 modo
973 2819 1014 2850 et
1030 2814 1160 2851 nuclei
1188 2827 1240 2852 ex
1267 2814 1399 2865 digitis
1427 2815 1525 2859 elisi,

102 2875 168 2925 qui
183 2875 340 2926 pondus
359 2879 513 2916 tametsi
532 2878 693 2927 habent,
714 2894 870 2919 sursum
889 2882 1042 2932 saepius
1061 2880 1262 2921 feruntur.
1321 2883 1356 2920 5.
1379 2882 1418 2921 Is
1437 2873 1530 2933 qui-⁴
