1820 3158
154 367 556 413 -p.359‚a.Bekk.—
630 370 805 410 LIB.II.
832 369 1033 410 CAP,111,
1099 367 1470 414 —p.343,1‹:.cas.—-
1520 364 1579 408 85

149 481 207 536 εἴη
237 487 324 531 τοῖς
352 481 596 536 εἰρημένοις·
642 480 799 536 λέγουσι
837 481 914 538 γὰρ
954 480 1101 538 πικρὰν
1130 480 1260 530 οὕτως
1287 479 1387 524 εἶναι
1415 482 1492 537 τὴν
1520 484 1581 524 λί-

145 566 252 604 μνην
279 551 345 591 καὶ
375 546 562 604 ἁλμυρὰν
591 547 694 591 ὥστε
721 549 877 604 μηδένα
908 549 1031 603 ι’χθὺν
1060 549 1308 605 ἐγγίνεσθαι,
1339 549 1393 592 τὰ
1421 550 1462 591 δ’
1486 549 1580 604 ἱμά-

146 634 214 659 τια
243 616 429 674 ῥύπτειν,
476 615 547 659 ἐάν
581 633 643 666 τις
672 618 854 674 διασείσῃ
881 617 1007 673 βρέξα
1078 620 1170 660 40.
1204 616 1319 660 ’Ἐστι
1349 619 1394 660 δὲ
1422 620 1489 660 καὶ
1517 619 1570 661 τὰ
1582 622 1639 661 40

145 689 316 727 τοιαῦτα
355 690 500 740 σημεῖα
539 684 672 727 πάντα
700 689 782 727 τῶν
810 632 1085 742 εἰρημένω,
1097 684 1160 728 ὅτι
1188 685 1235 728 τὸ
1267 683 1450 742 ἁλμυρὸν
1477 692 1587 729 ποιεῖ

146 751 263 806 σῶμά
282 769 332 801 τι,
362 753 429 795 καὶ
455 752 599 808 γεῶδές
627 753 711 795 ἐστι
736 753 783 795 τὸ
812 753 1060 811 ἐνυπάρχον
1091 753 1132 796 ἕν
1162 770 1204 796 τε
1233 753 1310 809 γὰρ
1339 758 1391 810 τῇ
1418 750 1582 813 Χαονίᾳ

144 819 272 876 κρήνη
302 821 363 870 τίς
390 819 498 863 ἔστιν
526 819 680 870 ὓδατος
706 822 979 879 πλατυτέρου,
1019 821 1194 879 ἀπορρεῖ
1216 821 1258 864 (5²
1286 820 1390 876 αὕτη
1422 823 1479 871 εἷς
1506 839 1582 863 πο-

143 887 274 941 ταμὸν
300 887 449 944 γλυκὺν
465 888 554 942 μέν,
584 889 707 942 ἰχθὺς
736 889 779 931 δ’
803 889 878 932 οὒκ
906 889 1062 944 ἔχοντα.
1122 893 1189 931 41.
1211 891 1388 931 Ε’ίλοντο
1407 888 1484 945 γὰρ
1505 889 1632 944 δή,41

144 953 199 1004 ὧς
226 956 265 998 οἷ
293 957 376 998 ἐκεῖ
397 959 724 1012 μυθολογοῦσιν,
770 958 954 1007 ἔξουσίας
992 958 1188 1012 δοθείσης
1223 955 1302 999 ὕπὸ
1340 961 1414 999 τοῦ
1446 955 1582 1013 ‘Hpa-

142 1023 295 1076 κλέους,
326 1023 394 1066 ὅτ’
419 1019 548 1079 ἦλθεν
577 1024 684 1080 ἄγων
713 1025 757 1067 ἐκ
776 1029 851 1079 τῆς
872 1023 1090 1081 Ἐρυθείας
1116 1025 1192 1074 τὰς
1207 1029 1333 1078 βοῦς,
1367 1025 1470 1075 ἅλας
1490 1026 1579 1069 ἀντὶ

142 1095 222 1133 τῶν
251 1091 432 1145 ἰχθύων,
484 1091 528 1134 οἳ
550 1093 726 1147 γίνονται
759 1092 898 1142 αὐτοῖς
926 1093 970 1134 ἐκ
997 1096 1072 1147 τῆς
1099 1091 1272 1149 κρήνης·
1313 1093 1472 1136 τούτων
1500 1093 1578 1150 γὰρ

141 1163 215 1201 τοῢ
242 1158 393 1208 ὓδατος
420 1158 650 1216 ἂφέψοντές
677 1177 715 1202 τι
743 1160 868 1217 μέρος
895 1160 1080 1213 τιθέασι,
1126 1162 1192 1202 καὶ
1222 1162 1369 1216 γίνεται
1398 1162 1577 1215 ψυχθέν,

140 1226 240 1290 ὅταν
267 1226 476 1284 ἀπατμίσῃ
502 1226 550 1269 τὸ
579 1224 705 1284 ὑγρὸν
736 1227 823 1283 ἅμα
842 1232 902 1287 τῷ
923 1232 1084 1286 θερμῷ,
1113 1227 1208 1278 ἅλες
1226 1229 1273 1272 οὗ
1287 1231 1456 1287 χονδροὶ
1474 1228 1578 1272 ἀλλὰ

134 1298 277 1348 χαῦνοι
305 1296 372 1336 καὶ
402 1296 537 1337 λεπτοὶ
566 1294 701 1353 ὥσπερ
724 1296 839 1350 χιών.
900 1299 968 1339 42.
1015 1298 1107 1338 Εἶσὶ
1140 1297 1184 1339 δὲ
1212 1296 1287 1352 τήν
1321 1314 1365 1340 τε
1395 1298 1631 1352 ὃύναμιν42

138 1361 422 1415 ἀσθενέστεροι
449 1367 533 1406 τῶν
562 1362 697 1406 ἄλλων
733 1366 800 1407 καὶ
836 1366 998 1415 πλείους
1034 1362 1252 1420 ἦδύνουσιν
1285 1365 1573 1421 ἐμβληθέντες,

138 1431 204 1472 καὶ
230 1430 307 1485 τὴν
330 1430 462 1487 χρόαν
492 1430 568 1485 οὐχ
595 1429 749 1486 ὁμοίως
780 1433 934 1474 λευκοί·
981 1437 1168 1474 τοιοῦτον
1197 1432 1238 1474 δ’
1263 1432 1399 1490 ἕτερον
1427 1435 1575 1489 γίνεται

137 1499 203 1540 καὶ
230 1498 273 1540 ἐν
292 1498 540 1556 Ὀμβρικοῖς.
601 1502 668 1542 43.
698 1499 812 1542 ’Ἐστι
841 1498 918 1557 γάρ
947 1516 1010 1549 τις
1040 1499 1187 1550 τόπος,
1228 1501 1271 1542 ἓν
1301 1494 1333 1558 ᾧ
1363 1499 1566 1557 πεφύκασι
1577 1503 1628 1541 43

137 1564 319 1621 κάλαμος
347 1568 413 1609 καὶ
443 1573 625 1621 σχοῖνος·
662 1567 819 1610 τούτων
841 1562 914 1609 οὖν
931 1567 1193 1619 κατακάουσι,
1224 1569 1291 1609 καὶ
1319 1567 1394 1621 τὴν
1421 1567 1575 1624 τέφραν

135 1715 237 1754 aqua
254 1716 339 1742 non
357 1710 581 1756 mergatur,
613 1718 753 1743 eorum
785 1718 885 1756 quae
913 1704 1018 1743 dicta
1045 1711 1139 1743 sunt
1173 1704 1445 1744 testimonium
1472 1718 1573 1757 pro-

135 1771 242 1810 fecto
266 1772 356 1811 erit.
412 1772 541 1811 Aiunt
568 1773 675 1811 enim
694 1773 825 1812 lacum
845 1772 946 1811 adeo
966 1786 1145 1811 amarum
1164 1778 1204 1810 et
1221 1773 1370 1812 salsum
1390 1786 1475 1811 esse
1488 1802 1499 1822 ,
1528 1779 1574 1812 ut

135 1839 256 1891 piscis
290 1840 426 1878 nullus
454 1840 498 1878 in
525 1853 573 1878 eo
594 1841 769 1888 oriatur,
799 1846 1009 1892 vestesque
1032 1846 1316 1891 extergantur,
1344 1840 1484 1891 siquis
1508 1853 1573 1878 eas

135 1906 370 1949 madefactas
395 1908 627 1946 excusserit.
686 1907 754 1946 40.
786 1908 896 1946 Haec
922 1914 1055 1946 autem
1084 1908 1219 1946 omnia
1243 1921 1287 1946 ea
1297 1937 1308 1956 ,
1338 1921 1439 1960 quae
1468 1907 1574 1947 dicta

133 1981 247 2024 sunt,
277 1974 501 2026 declarant,
532 1986 678 2028 nempe
701 1989 848 2028 corpus
877 1975 1039 2027 aliquod
1067 1975 1304 2014 salsedinem
1336 1976 1504 2021 afferre,
1536 1982 1576 2013 et

133 2042 241 2095 quod
260 2043 386 2091 inest,
413 2049 594 2082 terreum
622 2057 718 2082 esse.
775 2044 825 2082 In
854 2042 1031 2082 Chaonia
1063 2043 1172 2081 enim
1200 2043 1292 2082 fons
1323 2049 1383 2081 est
1413 2043 1572 2094 quidam

134 2123 258 2161 aquae
281 2110 472 2159 salsioris,
509 2111 676 2164 fluitque
703 2112 746 2150 in
771 2111 949 2149 vicinum
979 2111 1175 2157 fluvium,
1203 2110 1362 2149 dulcem
1393 2110 1572 2161 quidem,

133 2177 204 2215 sed
222 2178 348 2228 pisces
367 2191 450 2216 non
465 2178 690 2218 habentem.
750 2179 815 2217 41.
843 2180 929 2218 Iam
949 2179 1057 2217 enim
1077 2178 1126 2216 ab
1145 2179 1332 2227 Hercule,
1363 2191 1455 2216 cum
1479 2191 1571 2217 vac—

136 2245 192 2282 cis
210 2245 259 2281 ab
274 2244 443 2296 Erythia
469 2247 614 2285 abactis
636 2260 684 2284 eo
704 2246 894 2291 venisset,
926 2246 1117 2298 opinione
1145 2243 1207 2298 (ut
1225 2246 1269 2295 ii,
1297 2245 1366 2296 qui
1382 2245 1439 2283 ibi
1457 2238 1571 2283 inco-

135 2312 243 2359 lunt,
271 2311 516 2365 fabulantur)
546 2313 709 2362 tradita,
737 2326 814 2365 pro
840 2313 1016 2364 piscibus
1041 2313 1187 2358 salem,
1218 2312 1360 2364 quiex
1383 2313 1498 2351 fonte
1521 2311 1570 2349 iis

133 2378 386 2428 redderetur,
395 2379 612 2431 elegerunt.
633 2381 762 2419 Huius
776 2381 882 2419 enim
902 2393 1026 2432 aquae
1037 2380 1267 2431 portionem
1285 2379 1467 2430 aliquam
1478 2392 1570 2418 cum

134 2442 399 2492 excoxerunt,
430 2459 516 2484 eam
540 2446 768 2498 deponunt,
800 2461 902 2499 quae
920 2447 1176 2498 refrigerata,
1212 2459 1304 2484 cum
1323 2445 1472 2484 humor
1492 2459 1569 2483 una

134 2529 226 2554 cum
247 2515 380 2553 calore
401 2513 608 2552 exhalatus
626 2514 764 2564 fuerit,
791 2515 847 2553 sal
869 2513 1056 2562 efficitur,
1086 2527 1168 2551 non
1188 2513 1347 2563 densus,
1365 2513 1437 2552 sed
1453 2526 1568 2552 rarus

133 2596 179 2621 ac
196 2582 381 2630 minutus,
411 2582 517 2620 nivis
534 2582 671 2620 instar.
729 2581 793 2620 42.
822 2582 862 2620 Is
881 2588 920 2620 et
940 2581 1105 2619 caeteris
1124 2581 1312 2619 facultate
1329 2580 1569 2619 imbecillior

135 2656 208 2697 est,
237 2656 278 2689 et
297 2650 458 2701 copiose
477 2650 647 2687 iniectus
668 2648 858 2693 delectat,
888 2655 930 2686 et
950 2648 1082 2686 calore
1105 2662 1188 2687 non
1219 2661 1345 2699 aeque
1375 2647 1567 2686 candidus

134 2723 206 2756 est.
244 2717 368 2756 Aliud
385 2723 518 2756 autem
538 2716 727 2769 quiddam
746 2717 825 2754 tale
841 2716 884 2754 in
902 2715 1108 2754 Umbricis
1130 2715 1248 2754 etiam
1269 2714 1328 2754 fit.
1370 2714 1438 2755 43.
1460 2715 1565 2766 Qui-

134 2784 226 2823 dam
246 2784 352 2823 enim
372 2785 482 2824 locus
501 2790 581 2833 est,
611 2785 653 2823 in
672 2797 750 2836 quo
772 2783 928 2822 arundo
947 2789 989 2822 et
1008 2776 1154 2822 iuncus'
1172 2787 1400 2821 nascuntur.
1455 2782 1565 2819 Haec

132 2851 255 2903 igitur
280 2851 543 2899 comburunt,
583 2865 628 2890 ac
660 2852 836 2891 cinerem
864 2852 907 2889 in
937 2864 1038 2903 aqua
1075 2850 1316 2902 decoquunt.
1387 2850 1565 2900 Cumque
