1812 3158
339 396 433 440 394
551 404 993 444 COMMENTARIUS
1017 405 1076 444 ΙΝ
1102 406 1500 447 METEOROLOG.

338 514 536 553 adnotavit
562 510 838 552 Miinterus
866 514 895 552 1.
913 514 939 552 1.
959 515 1053 563 (cst.
1079 515 1316 566 Bottiger
1341 516 1461 555 ldeen
1482 530 1554 555 zm·
1572 520 1725 556 Καπετ-

332 579 569 631 geschichte
589 581 621 618 Ι.
639 591 676 629 p.
693 576 785 628 61),
813 581 992 630 quamvis
1014 578 1157 618 Alex.
1184 581 1240 619 ab
1262 581 1543 620 Humboldt
1569 583 1726 622 zodiaci

338 646 527 695 originem
546 644 658 682 altius
679 645 812 694 etiam,
843 659 894 684 ex
912 647 1122 685 Tartaricis
1146 647 1249 685 enim
1279 648 1430 686 mediae
1455 647 1574 686 Asiae
1597 649 1726 696 terris,

336 710 487 762 generis
514 710 674 749 humani
699 712 967 758 incunabulis,
994 713 1248 764 repetendam
1276 727 1358 751 esse
1379 721 1546 752 censeat.
1603 715 1727 764 Quae,

335 789 492 827 quoquo
510 777 627 814 modo
647 791 688 815 se
706 777 882 826 habeant,
900 779 974 816 iam
999 779 1244 817 Tatianus
1266 780 1384 819 Orat.
1407 780 1465 816 ad
1482 780 1624 817 Graec.
1646 793 1677 818 c.
1692 782 1727 818 1.

335 842 458 881 dixit:
488 840 642 895 ἐξεῦρον
668 839 926 895 ἀστρονομεῖν
954 842 1218 894 Βαβυλώνιοι,
1247 849 1474 898 γεωμετρεῖν
1501 842 1727 896 Αἰγύπτιοι.

334 906 456 946 Adde
485 909 684 949 Philon.
714 911 762 948 de
781 912 903 962 migr.
914 911 1153 949 Abrahami
1176 925 1216 962 p.
1237 913 1328 950 415.
1357 911 1563 950 Hoesch.
1630 912 1728 949 Cae-

334 980 463 1013 terum
482 975 531 1012 de
553 977 715 1014 cometis
729 975 826 1014 nihil
845 978 930 1015 fere
940 978 1125 1028 Aegyptii
1143 977 1403 1024 tradiderunt,
1430 991 1518 1015 cum
1539 977 1633 1015 Sen
1645 989 1729 1014 eea

337 1042 496 1091 Quaest.
513 1049 600 1078 nat.
623 1043 722 1089 VII,
746 1046 768 1080 3
801 1042 924 1081 dicat:
955 1041 1018 1081 Ex
1039 1057 1116 1094 quo
1142 1051 1334 1093 apparet,
1363 1057 1412 1080 ne
1435 1043 1549 1093 apud
1564 1043 1730 1093 Aegyp-

335 1110 415 1144 tios
436 1107 609 1157 quidem,
641 1107 786 1157 quibus
804 1112 941 1146 maior
957 1110 1065 1146 caeli
1085 1106 1187 1147 curci
1197 1109 1303 1160 fuit,
1335 1109 1445 1146 hanc
1462 1116 1624 1158 partem
1643 1108 1731 1145 ela-

335 1171 524 1210 boratam
535 1186 550 1218 ,·
595 1173 710 1223 plura
737 1173 946 1222 Chaldaei,
984 1188 1151 1224 quorum
1178 1176 1387 1214 sententias
1416 1174 1730 1225 Apollonius

334 1240 380 1277 M
387 1252 450 1289 yn
463 1239 573 1277 dius
603 1243 642 1276 et
667 1240 701 1277 E
713 1240 799 1289 pig
810 1252 926 1277 enes
946 1241 1165 1290 prodidere
1173 1268 1188 1286 ,
1212 1242 1384 1278 incertae
1410 1246 1577 1290 uterque
1597 1240 1731 1277 aetatis

333 1311 468 1342 auctor
487 1302 547 1355 *),
576 1304 644 1343 sed
667 1318 747 1342 non
775 1306 906 1356 exigui
931 1305 973 1343 in
995 1306 1222 1356 antiquitate
1245 1306 1456 1356 ponderis,
1483 1318 1651 1356 quorum
1680 1317 1732 1342 ex

334 1364 486 1421 scriptis
509 1384 577 1408 sua
595 1370 723 1408 hausit
749 1370 997 1408 Stobaeus
1023 1372 1165 1422 Eelog.
1179 1371 1298 1421 phys.
1327 1373 1368 1420 Ι,
1390 1374 1454 1410 29.
1482 1384 1522 1421 p.
1543 1373 1620 1408 580
1643 1382 1729 1420 sqq.

333 1457 386 1464 -
421 1435 485 1475 καὶ
514 1433 588 1488 γὰρ
618 1450 692 1487 pro
723 1434 851 1475 καίτοι
885 1439 936 1475 Α.
964 1438 1034 1475 Er.
1071 1458 1126 1466 —
1162 1438 1242 1475 τῶν
1271 1443 1358 1475 ante
1385 1433 1460 1489 γάρ
1488 1438 1530 1475 in
1551 1450 1620 1474 suo
1649 1450 1731 1473 non

332 1503 510 1553 repperit
532 1502 583 1540 G.
605 1509 720 1552 atque
743 1501 889 1541 idcirco
910 1502 1118 1552 legendum
1137 1503 1271 1541 statuit
1297 1501 1361 1540 καὶ
1388 1499 1461 1553 γὰρ
1491 1500 1544 1541 ε’ν.
1571 1521 1626 1528 -·
1665 1500 1730 1540 καὶ

331 1564 443 1619 ἡμεῖς
471 1565 553 1627 ἔφη
577 1564 804 1626 ἓωράκοιμεν
831 1582 891 1619 pr.
912 1583 964 1607 m.
986 1570 1034 1607 Ε.
1064 1591 1119 1598 —
1146 1566 1362 1616 ἀτενίζουσι
1388 1565 1463 1619 γὰρ
1494 1568 1636 1605 omisso
1659 1563 1730 1616 μέν

329 1637 376 1672 Ε.
433 1636 562 1685 Vulgo
580 1636 707 1673 media
725 1636 852 1674 forma
871 1635 1066 1673 occurrit:
1095 1635 1222 1674 activa
1247 1641 1380 1672 tamen
1407 1647 1499 1671 usus
1527 1639 1584 1671 est
1615 1633 1731 1670 etiam

331 1701 444 1738 Posi
457 1701 660 1752 dippus,
694 1702 873 1740 laudatus
905 1701 1111 1739 Passovi
1124 1714 1161 1739 0.
1218 1702 1282 1739 De
1306 1699 1585 1751 significatione
1612 1710 1732 1736 voca-

331 1767 414 1805 buli
442 1768 511 1805 cfr.
541 1766 784 1805 Simonid.
816 1766 921 1817 apud
945 1766 1264 1805 Athenaeum
1292 1780 1333 1817 p.
1358 1767 1450 1804 591.
1508 1766 1597 1811 Est,
1625 1762 1733 1814 quod

330 1833 616 1884 Dionysius
644 1833 1124 1871 Halicarnassensis
1153 1833 1299 1882 Antiq.
1325 1828 1442 1869 Rom.
1473 1830 1546 1868 III.
1575 1843 1616 1880 p.
1641 1830 1731 1875 157,

331 1901 384 1938 24
413 1897 490 1950 (ed.
512 1896 669 1949 Sylb.)
697 1889 775 1935 ait}
814 1894 963 1936 ἀτενέσι
989 1902 1074 1943 τοῖς
1110 1894 1343 1950 ὀφθαλμοῖς
1378 1892 1487 1947 δρᾶν.
1542 1896 1654 1934 Idem
1679 1896 1732 1933 V.

329 1978 364 2016 p.
385 1968 477 2013 283,
497 1967 548 2003 36
574 1964 623 2001 de
644 1966 768 2002 Bruto
790 1963 975 2012 loquens,
1003 1963 1106 2001 filios
1125 1963 1174 2000 ad
1200 1969 1367 2000 mortem
1390 1962 1536 1999 ducere
1556 1961 1731 2007 iubente,

328 2031 432 2068 inter
452 2025 662 2082 παράδοξα
680 2030 806 2068 refert
824 2030 902 2068 viri
921 2026 967 2068 τὸ
989 2026 1121 2075 ἀτενὲς
1139 2030 1209 2079 τῆς
1227 2025 1361 2078 ὄψεως
1389 2026 1454 2066 καὶ
1471 2023 1516 2065 τὸ
1537 2023 1733 2078 ἄτεγκτον.

329 2094 450 2134 Adde
467 2096 664 2133 Problem.
684 2097 851 2142 XXXI,
868 2097 933 2134 19.
953 2098 1099 2146 p.959‚
1108 2108 1143 2133 a.
1162 2116 1218 2123 —-
1246 2090 1423 2144 ἀμυὸρός
1442 2095 1488 2132 Ε.
1510 2106 1586 2143 pr.‚
1603 2093 1670 2143 qui
1686 2088 1732 2130 τὸ

332 2162 476 2201 omittit
501 2168 591 2200 ante
620 2159 773 2214 φέγγος.
802 2183 855 2189 -
892 2162 946 2200 N.
975 2158 1256 2213 προβλέπουσι.

442 2232 507 2266 10.
552 2228 688 2267 Verba
714 2224 884 2273 ἅπαντες
914 2254 1054 2266 ......
1084 2223 1276 2266 πλειόνων
1303 2226 1419 2277 paulo
1450 2225 1650 2264 obscurius
1679 2225 1732 2262 ita

329 2295 604 2345 interpretatus
630 2301 690 2332 est
720 2294 923 2332 Plinius
952 2295 1066 2331 Hist.
1092 2300 1228 2330 natur.
1257 2294 1315 2340 II,
1343 2296 1418 2330 23:
1459 2292 1541 2329 Sed
1564 2299 1734 2328 cometes

332 2373 543 2411 nunquam
565 2362 610 2397 in
629 2373 832 2397 occasura
849 2367 976 2409 parte
1000 2360 1109 2396 caeli
1134 2366 1203 2396 est.
1258 2358 1445 2397 Eiusdem
1473 2356 1635 2395 Plinii
1661 2356 1689 2393 l.
1707 2357 1734 2393 l.

329 2426 472 2464 verba:
498 2426 611 2472 fiunt
631 2424 837 2477 (cometae)
859 2433 899 2463 et
924 2424 1106 2462 hibern-is
1133 2424 1336 2462 mensibus
1359 2424 1498 2475 procul
1516 2422 1634 2460 dubio
1661 2434 1734 2472 pe-

374 2603 406 2645 *)
438 2606 508 2640 Adi
533 2612 646 2641 tamen
675 2609 717 2640 de
744 2608 898 2653 Epigene
930 2608 1136 2640 Lobeck.
1162 2607 1378 2649 Aglaopham.
1410 2605 1511 2636 Tom.
1535 2604 1562 2634 I.
1599 2614 1631 2643 p.
1654 2599 1732 2643 34¹,

419 2663 586 2696 adversus
609 2668 741 2706 patrem
774 2663 1075 2706 (Uniersuchungen
1103 2664 1179 2694 iiber
1202 2664 1253 2694 die
1277 2659 1540 2693 astronomischen
1564 2657 1733 2689 Beobach-

418 2725 535 2759 iunge-n
560 2720 617 2750 der
639 2721 737 2750 Alten
764 2729 798 2761 p.
823 2716 908 2761 172)
936 2717 1003 2750 nisi
1027 2717 1142 2751 omnia
1165 2727 1221 2749 me
1243 2716 1380 2755 fallunt,
1404 2711 1542 2758 egregie
1562 2711 1732 2744 disseren-

418 2777 498 2814 tem,
527 2779 756 2816 secutumque
782 2773 983 2817 opinionem
1008 2769 1276 2807 schneideri
1298 2769 1341 2802 ad
1362 2767 1539 2803 Vitruv.
1564 2768 1627 2809 lx,
1645 2770 1679 2809 2,
1701 2770 1733 2800 1.

420 2828 524 2860 Tom.
547 2829 607 2860 111.
635 2839 667 2871 p.
694 2830 769 2862 187.
