1774 3198
317 334 412 377 600
535 340 983 381 COMMENTARIUS
1013 342 1074 380 IN
1098 341 1501 382 METEOROLOG.

326 467 445 506 supra
464 453 542 491 iam
562 452 782 502 laudatum,
804 453 980 502 Epistol.
998 452 1110 500 XCI,
1131 455 1155 492 9
1182 452 1279 503 ibiq.
1305 458 1391 491 not.
1419 450 1725 505 Ruhkopfii:

330 520 497 570 Quoties
517 519 671 564 Asiae,
701 520 861 570 quoties
878 518 1073 558 Achaiae
1098 517 1214 556 urbes
1236 532 1317 556 uno
1343 525 1515 556 tremore
1539 520 1727 556 concide-

276 579 284 581 ⁷
327 585 456 624 runt?
494 591 594 635 quot
619 585 777 635 oppida
804 587 851 623 in
875 585 1032 636 Syria?
1069 592 1169 636 quot
1190 586 1235 622 in
1252 584 1507 623 Macedonia
1527 585 1728 623 devorata

328 650 453 688 sunt?
508 651 686 701 Cyprum
706 653 862 703 quoties
881 653 1070 691 vastavit
1089 652 1193 689 llaec
1211 651 1377 689 clades?
1432 653 1587 702 quoties
1615 653 1661 688 in
1687 664 1729 688 se

327 715 494 769 Paphos
517 718 706 755 corruit?
731 740 785 746 -—
826 720 891 757 De
909 717 1071 756 Euboea
1087 718 1182 757 vide
1210 717 1434 756 Strabon.
1455 719 1514 756 X.
1532 731 1570 768 p.
1583 720 1728 774 68613:

330 780 412 820 ἐστὶ
441 779 486 820 δὲ
516 778 654 822 ἅπασα
677 782 752 834 μὲν
768 779 793 835 ἦ
812 780 967 834 Εὔβοια
994 781 1211 833 εῧσειστος,
1239 780 1415 833 μάλιστα
1444 780 1484 822 δ’
1507 779 1529 835 ἦ
1553 782 1640 836 περὶ
1659 780 1730 822 τὸν

328 845 537 900 πορθμόν,
567 847 632 887 καὶ
653 848 842 902 δεχομένη
870 847 1104 902 πνευμάτων
1133 846 1366 903 ὓποφοράς,
1396 846 1580 902 καθάπερ
1613 848 1677 887 καὶ
1705 843 1730 899 ἦ

330 912 507 952 Βοιωτία
533 913 599 953 καὶ
628 912 740 956 ἄλλοι
769 914 894 957 τόποι.
928 919 1086 957 Poterat
1103 916 1250 955 addere
1269 916 1617 963 Lacedaemonem,
1646 922 1732 953 ter-

329 993 396 1018 rae
415 981 586 1020 motibus
609 988 691 1020 tota
717 985 945 1036 antiquitate
975 984 1284 1024 famosissimam.
1320 984 1392 1021 cfr.
1421 981 1653 1022 Eustath.
1681 981 1732 1019 ad

330 1048 529 1087 Homer.
555 1049 682 1088 Iliad.
704 1051 756 1089 II.
784 1065 826 1102 p.
848 1055 927 1091 222
949 1053 1034 1090 Bas.
1068 1064 1123 1085 =
1147 1063 1190 1101 p.
1212 1053 1291 1089 294
1312 1051 1430 1088 Rom.
1460 1055 1500 1086 et
1522 1062 1619 1100 quos
1646 1049 1732 1086 lau-

316 1112 400 1151 udat
420 1127 461 1152 v.
479 1115 607 1152 Hoff
628 1117 655 1154 l.
672 1117 699 1153 l.
728 1117 819 1156 Vol.
836 1118 890 1156 ΙΙ.
906 1131 946 1168 p.
959 1121 1030 1157 171
1048 1130 1106 1168 sq.
1119 1138 1172 1146 —
1200 1115 1265 1155 καὶ
1282 1115 1370 1168 περὶ
1388 1111 1558 1160 τούτους
1584 1111 1733 1159 τόπους

330 1179 378 1217 F.
407 1179 541 1217 addito
569 1179 638 1218 καί
665 1182 887 1234 omissoque
912 1183 1090 1231 articulo,
1121 1183 1187 1233 qui
1208 1195 1302 1220 mox
1320 1183 1436 1220 etiam
1447 1182 1614 1233 ‚inverso
1638 1194 1735 1218 ver-

331 1243 476 1283 borum
505 1246 645 1284 ordine
667 1235 843 1286 exhibet
877 1244 903 1299 ἦ
929 1244 1123 1286 θάλασσα
1150 1246 1414 1295 διαυλωνίζειν
1441 1242 1518 1286 ὑπὸ
1550 1243 1622 1297 τὴν
1647 1247 1732 1298 γῆν.

267 1354 269 1356 ,
332 1329 388 1338 ·-
413 1310 621 1362 Aedepsus
646 1306 741 1350 urbs
771 1319 855 1352 erat
876 1314 1083 1363 Euboeae,
1122 1313 1255 1352 calidis
1277 1314 1388 1365 aquis
1411 1313 1596 1360 celebris,
1635 1324 1734 1362 quae

332 1376 496 1415 Herculi
521 1391 628 1416 sacra
656 1385 767 1417 erant
802 1380 872 1418 cfr.
901 1380 1136 1418 strabon.
1164 1381 1243 1418 IX.
1271 1393 1310 1430 p.
1340 1379 1510 1418 651.⁴A.
1551 1377 1734 1419 Athen.

338 1442 533 1492 Deipnos.
562 1445 631 1484 IH.
659 1445 746 1484 init.
773 1446 834 1484 uti
863 1459 1000 1484 omues
1021 1447 1181 1485 omnino
1201 1445 1317 1483 calidi
1337 1446 1465 1484 fontes
1489 1439 1589 1484 sacri
1612 1444 1735 1482 habe-

333 1506 496 1558 bantur,
542 1517 642 1550 teste
679 1512 979 1551 Aristotele
1015 1512 1216 1551 Problem.
1243 1512 1368 1561 XIV,
1400 1513 1464 1550 19.
1500 1524 1541 1562 p.
1567 1513 1658 1559 937,
1686 1510 1734 1548 b:

334 1570 400 1612 διὰ
427 1574 471 1614 τί
496 1573 547 1615 τὰ
573 1576 710 1632 θερμὰ
740 1576 888 1630 λουτρὰ
919 1575 1028 1632 ἱερά,
1065 1575 1090 1630 ἢ
1121 1574 1182 1618 ὅτι
1212 1574 1290 1617 ἀπὸ
1318 1579 1398 1617 τῶν
1427 1574 1652 1630 ἱερωτάτων
1677 1575 1737 1629 yl-

333 1654 481 1692 νονται,
507 1642 624 1683 θείου
652 1644 717 1684 καὶ
735 1646 938 1698 κεραυνοῦ.
995 1646 1109 1694 Rem,
1134 1658 1249 1696 quam
1269 1644 1390 1696 tangit
1408 1644 1737 1692 Aristoteles,

335 1714 470 1746 narrat
497 1709 688 1750 Strabo
718 1714 746 1752 I.
781 1725 824 1763 p.
854 1712 934 1750 104
964 1712 1040 1751 A.:
1086 1708 1322 1764 Δημήτριος
1355 1706 1396 1749 ‹5’
1429 1705 1449 1748 ὃ
1483 1706 1739 1754 Καλατιανὸς

334 1771 430 1820 ’τοὺς
468 1773 569 1815 καθ’
611 1774 710 1830 ὅλην
743 1775 817 1830 τὴν
845 1773 1022 1817 Ἑλλάδα
1049 1775 1147 1818 ποτὲ
1174 1775 1407 1829 γενομένους
1436 1772 1621 1826 σεισμοὺς
1650 1774 1739 1826 διη-

334 1837 526 1891 γούμενος
552 1844 632 1882 τῶν
658 1858 700 1883 τε
727 1842 927 1894 Λιχάὸων
953 1840 1087 1894 νήσων
1125 1842 1190 1882 καὶ
1221 1845 1292 1882 τοῦ
1320 1841 1503 1894 Κηναίου
1530 1838 1582 1880 τὰ
1609 1838 1738 1879 πολλὰ

337 1905 560 1946 καταδῦναί
575 1920 694 1960 φησι,
722 1907 774 1948 τά
789 1923 832 1948 τε
859 1906 996 1960 θερμὰ
1024 1905 1076 1948 τὰ
1103 1907 1145 1948 ἔν
1162 1907 1345 1962 Αἰδηψῷ
1373 1906 1438 1946 καὶ
1460 1903 1739 1957 Θερμοπύλαις

336 1968 399 2010 ἐπὶ
426 1976 532 2023 τρεῖς
556 1969 707 2028 ἡμέρας
733 1971 993 2024 ἕπισχεθέντα
1020 1970 1139 2014 πάλιν
1168 1971 1322 2027 ῥυῆναι,
1349 1969 1401 2013 uk
1432 1969 1473 2011 δ’
1493 1970 1535 2011 ἓν
1554 1971 1738 2026 Αἰδηψῷ

337 2036 402 2076 καὶ
431 2037 532 2078 καθ’
559 2035 695 2093 ἑτέρας
723 2037 992 2093 ἀνάρραγῆναι
1018 2038 1162 2092 πηγάς.
1218 2040 1331 2079 Idem
1353 2038 1492 2078 accidit
1510 2039 1551 2075 in
1570 2036 1738 2075 thermis

338 2105 557 2144 Carlsbadii
577 2120 666 2145 cum
683 2107 829 2145 Lisboa
849 2107 996 2157 ingenti
1015 2112 1146 2145 terrae
1168 2113 1279 2144 motu
1298 2106 1536 2144 dirueretur.
1557 2123 1612 2132 —-
1638 2105 1739 2142 Cae-

337 2177 468 2210 terum
507 2169 652 2223 ἴὸεψον
679 2175 726 2212 Ε.
770 2169 923 2224 ἕδηψον
957 2175 1002 2212 F.
1030 2173 1085 2211 N.
1129 2168 1285 2224 ἓδηψόν
1322 2172 1440 2211 Alex.
1478 2171 1548 2210 fol.
1579 2173 1676 2219 108,
1701 2183 1736 2208 a.

338 2238 497 2276 Deinde
525 2235 603 2278 ἀπὸ
632 2240 704 2290 τῆς
729 2235 917 2290 τοιαύτης
944 2238 1105 2277 exhibet
1129 2240 1176 2278 F.

454 2299 519 2343 10‘.
546 2305 770 2344 Articulum
798 2311 888 2343 ante
918 2301 1135 2356 στενότητα
1162 2304 1348 2342 omittunt
1374 2302 1426 2343 H.
1450 2302 1505 2341 N.
1534 2324 1584 2331 —-
1615 2296 1740 2354 ῥεῦμα

341 2370 519 2409 dedimus
549 2385 639 2410 cum
668 2373 717 2410 E.
748 2372 794 2410 F.
831 2371 875 2409 in
901 2384 980 2422 quo
1012 2371 1225 2410 recentiori
1257 2383 1376 2408 manu
1412 2374 1632 2407 correctum
1669 2373 1739 2414 est,

342 2438 456 2475 Alex.
474 2439 522 2476 A.
543 2439 651 2477 Cam.
671 2440 757 2477 Bas.
777 2438 822 2477 P.
843 2438 883 2476 S.
904 2438 989 2476 Cas.
1044 2437 1174 2489 Reliq.
1212 2449 1301 2474 cum
1325 2438 1372 2475 B.
1400 2435 1565 2485 πνεῦμα.
1589 2452 1645 2462 —-
1674 2430 1740 2470 καὶ

345 2501 411 2542 διὰ
438 2501 483 2543 τὸ
512 2505 671 2554 πλῆθος
697 2505 744 2542 Ε.
770 2504 825 2543 Η.
853 2502 905 2541 Ν.
961 2503 1029 2542 Ad
1055 2502 1216 2554 πλῆθος
1242 2502 1382 2553 supple
1410 2501 1484 2539 τοῦ
1509 2494 1740 2549 πνεύματος,

343 2585 422 2610 neu
440 2571 649 2620 coniungas
666 2583 755 2608 cum
772 2569 953 2620 genitivis
973 2568 1116 2607 deinde
1140 2567 1403 2619 sequentibus.
1423 2586 1478 2594 -—
1503 2577 1544 2617 γε
1563 2570 1653 2602 ante
1671 2577 1743 2602 πε-

346 2634 473 2690 φυκός
503 2638 690 2674 omittunt
714 2638 763 2675 E.
785 2637 831 2674 F.
851 2636 904 2674 N.
930 2656 984 2663 —
1018 2635 1203 2685 Denique
1229 2647 1302 2683 pro
1330 2629 1406 2671 ἀπὸ
1433 2631 1504 2681 τῆς
1529 2630 1599 2681 γῆς
1625 2631 1669 2668 F.
1691 2629 1742 2667 H.

348 2705 401 2742 N
432 2705 544 2742 Cam.
574 2717 632 2754 φρ.
663 2700 751 2741 Cas.
783 2701 971 2740 exhibent
999 2698 1043 2739 ἐκ
1066 2701 1137 2751 τῆς
1165 2700 1248 2751 γῆς.

462 2773 524 2808 11.
549 2761 721 2819 μά)ιο’τα
747 2781 822 2819 pro
849 2767 954 2817 μᾶλ)
959 2780 1003 2804 ον
1030 2768 1077 2804 F.
1107 2765 1174 2816 qui
1203 2763 1343 2802 deinde
1370 2758 1487 2799 πάλιν
1515 2760 1649 2799 scribit
1669 2772 1743 2811 pro
