1820 3158
307 375 366 416 58
413 383 629 424 -1›·³52.a-
653 381 814 413 Μαι--
859 381 1002 420 ιιι-Ι.
1031 381 1276 421 οΑΡ.ΧΙν.
1345 382 1703 424 -1›.337,c.cus.÷

252 488 439 531 2001'1196'1'
467 490 550 532 ἔστι
580 490 629 542 δὴ
659 505 736 529 που
765 487 866 542 πρὸς
893 487 964 529 τὸν
990 488 1083 529 ὅλον
1112 487 1297 543 οὐρανόν.
1356 496 1422 530 20.
1457 489 1576 532 Ἀλλὰ
1604 491 1704 531 πάν-

304 571 385 596 των
413 555 566 596 τούτων
590 555 716 595 αἴτιον
734 551 993 608 ὑποληπτέον,
1024 553 1086 595 ὅτι
1114 556 1258 608 γίνεται
1288 554 1354 595 διὰ
1380 555 1538 608 χρόνων
1567 556 1705 607 εἱμαρ-

230 676 233 678 .
302 621 446 673 με’νιυν,
478 619 561 663 οἷον
577 621 618 660 ἐν
637 626 725 668 ταῖς
742 619 835 661 κατ’
859 620 1039 661 ἐνιαυτὸν
1062 619 1184 675 ὥραις
1203 620 1364 673 χειμών,
1394 619 1500 662 οὕτω
1520 621 1707 675 περιόδου

249 692 295 727 21
312 687 419 735 τινὸς
444 686 617 740 μεγάλης
642 686 766 740 μέγας
789 685 938 739 χειμὼν
968 688 1033 730 καὶ
1051 684 1251 740 ὑπερβολὴ
1277 686 1454 739 ὄμβριον.
1503 693 1566 727 21.
1585 677 1704 738 Αὕτη

304 753 344 793 ‹5'
368 753 439 794 οὐκ
468 752 526 793 ἀεὶ
553 751 656 794 κατὰ
683 751 778 800 τοὺς
807 752 952 801 αὐτοὺς
979 752 1148 801 τόπους,
1184 752 1275 793 ἀλλ’
1299 752 1431 805 ὥσπερ
1461 751 1481 794 ὁ
1511 752 1707 803 καλούμε-

302 834 369 866 νος
407 819 470 859 ἐπὶ
505 820 784 866 Δευκαλίωνος
821 818 1123 871 κατακλυσμός’
1177 819 1243 858 καὶ
1270 819 1344 874 γὰρ
1375 813 1493 866 οὗτος
1521 820 1609 873 περὶ
1638 817 1706 858 τὸν

295 882 525 938 Ἑλληνικὸν
552 885 699 939 ἐγένετο
731 884 907 936 μάλιστα
935 884 1081 936 τόπον,
1120 885 1185 926 καὶ
1212 884 1359 926 τούτου
1386 886 1475 940 περὶ
1511 884 1584 937 τὴν
1616 882 1706 924 Ἑλ-

247 950 416 993 22λάὸα
442 951 516 1004 τὴν
545 950 727 1006 ἀρχαίαν.
791 957 858 991 22.
888 949 1006 1003 Αὕτη
1038 951 1079 991 δ’
1103 950 1208 992 ἐστὶν
1235 948 1260 1003 ἦ
1290 951 1376 1005 περὶ
1405 949 1612 1003 Δωδώνην
1641 951 1705 990 καὶ

301 1017 372 1058 τὸν
393 1017 610 1073 Ἀχελῷον·
663 1010 781 1064 οὗτος
815 1016 890 1071 γὰρ
929 1020 1131 1069 πολλαχοῦ
1159 1017 1205 1058 τὸ
1237 1016 1364 1072 ῥεῦμα
1389 1017 1703 1069 μεταβέβληκεν·

302 1082 431 1139 ᾤκουν
468 1083 544 1137 γὰρ
582 1083 619 1124 οἳ
660 1084 800 1123 Σελλοὶ
840 1083 1020 1123 ἐνταῦθα
1056 1084 1122 1124 καὶ
1157 1083 1196 1124 οἳ
1234 1082 1469 1135 καλούμενοι
1505 1081 1595 1123 τότε
1633 1082 1706 1134 μὲν

246 1155 297 1190 23
309 1152 348 1190 Γ
345 1150 486 1204 ραικοί,
513 1153 584 1190 νῦν
611 1147 868 1201 ὃΠἘλληνες.
926 1155 993 1190 23.
1022 1147 1147 1190 ‘'Ocav
1177 1144 1249 1190 οὖν
1279 1149 1327 1202 ὃν)
1357 1149 1513 1202 γένηται
1541 1147 1704 1200 τοιαύτη

299 1215 501 1271 ὑπερβολὴ
534 1215 721 1270 ὄμβρων,
769 1216 937 1266 νομίζειν
971 1214 1049 1269 χρὴ
1087 1215 1150 1255 ἐπὶ
1177 1214 1302 1256 πολὺν
1335 1213 1483 1268 χρόνον
1518 1215 1705 1268 διαρκεῖν,

300 1283 366 1323 καὶ
384 1280 529 1337 ὥσπερ
557 1284 627 1323 νῦν
652 1285 724 1322 mii
753 1281 848 1329 τοὺς
872 1281 947 1333 μὲν
973 1281 1141 1330 ἀενάους
1169 1279 1265 1323 εἶναι
1283 1284 1363 1322 τῶν
1381 1283 1583 1332 ποταμῶν,
1613 1278 1706 1325 τοὺς

300 1347 343 1388 δὲ
359 1347 437 1402 μή,
468 1348 505 1389 οἷ
531 1348 604 1400 μέν
632 1364 754 1403 φασιν
783 1347 910 1388 αἴτιον
937 1345 1034 1388 εἶναι
1061 1347 1107 1388 τὸ
1135 1348 1307 1402 μέγεθος
1333 1350 1413 1387 τῶν
1440 1345 1616 1399 ὑψηλῶν
1635 1345 1705 1387 τό-

299 1430 385 1456 πων
423 1416 489 1455 καὶ
523 1414 597 1468 τὴν
633 1413 860 1466 πυκνότητα
898 1415 962 1454 καὶ
996 1413 1236 1468 ψυχρότητα
1275 1412 1408 1453 αὐτῶν
1456 1405 1593 1466 (οὗτοι
1629 1411 1704 1465 γὰρ

298 1484 481 1529 πλεῖστον
510 1482 575 1522 καὶ
605 1480 785 1532 δέχονται
813 1479 924 1535 ὕδωρ
953 1481 1018 1521 καὶ
1047 1481 1225 1534 στέγουσι
1255 1480 1321 1520 καὶ
1349 1483 1542 1520 ποιοῦσιν.
1595 1476 1706 1524 ὅσοις

301 1548 343 1587 δὲ
371 1549 509 1602 μικραὶ
537 1547 580 1587 αἳ
609 1546 906 1599 ἓπικεκράμεναι
937 1544 1146 1593 συστάσεις
1173 1550 1252 1587 τῶν
1283 1544 1387 1599 ὀρῶν
1412 1543 1437 1598 ἢ
1457 1545 1609 1598 σομφαὶ
1640 1545 1705 1584 καὶ

301 1613 487 1661 λιθώδεις
514 1614 578 1654 καὶ
610 1611 863 1666 ἀργιλώὸεις,
903 1612 1071 1660 τούτους
1101 1614 1164 1653 δεῖ
1187 1610 1531 1666 προαπολείπειν),
1578 1608 1706 1656 οὕτως

300 1748 531 1785 universum
550 1746 713 1784 caelum.
778 1750 844 1784 20.
881 1745 960 1783 Sed
989 1745 1135 1783 horum
1161 1745 1338 1783 omnium
1368 1757 1521 1782 causam
1547 1757 1707 1781 censere

299 1814 506 1860 debemus,
544 1812 654 1862 quod
680 1825 753 1862 per
781 1818 962 1862 tempora
989 1812 1070 1849 fato
1103 1812 1331 1858 constituta,
1359 1811 1417 1848 uti
1439 1809 1564 1847 hiems
1593 1810 1707 1846 anni-

300 1880 484 1918 versariis
519 1878 785 1929 temporibus,
824 1878 879 1915 ita
905 1889 1045 1926 magno
1077 1877 1247 1926 quodam
1284 1882 1508 1926 temporum
1541 1874 1706 1911 circuitu

301 1946 427 1983 hiems
462 1957 600 1994 magna
633 1943 702 1981 fiat
745 1944 1013 1993 immensaque
1041 1955 1231 1992 aquarum
1258 1942 1405 1991 pluvia.
1475 1943 1542 1978 21.
1571 1941 1623 1978 Et
1639 1940 1704 1976 illa

301 2012 459 2063 quidem
490 2024 573 2048 non
606 2010 648 2047 in
679 2009 817 2047 iisdem
851 2021 1008 2058 semper
1033 2007 1152 2053 locis,
1192 2006 1262 2043 sed
1292 2007 1379 2043 talis
1408 2006 1530 2056 qualis
1559 2005 1704 2053 eluvi0‚

301 2092 400 2130 quae
421 2076 672 2115 Deucalionis
698 2075 936 2113 nominatur.
992 2073 1100 2111 Haec
1129 2073 1234 2110 enim
1260 2085 1334 2123 per
1356 2072 1559 2110 Graeciam
1581 2072 1706 2121 potis-

302 2145 443 2182 simum
482 2144 678 2193 pervasit,
725 2147 842 2192 atque
878 2140 977 2178 adeo
1014 2153 1088 2190 per
1124 2145 1302 2177 veterem
1341 2139 1449 2176 illam
1485 2138 1703 2176 Graeciam.

305 2215 369 2248 22.
404 2210 511 2247 Haec
541 2209 643 2246 circa
669 2208 880 2246 Dodonem
913 2213 954 2245 et
977 2206 1197 2245 Acheloum
1233 2205 1304 2242 sita
1333 2211 1416 2253 est;
1463 2217 1540 2254 quo
1569 2217 1706 2254 saepe-

302 2289 468 2315 numero
501 2288 659 2312 cursum
695 2274 872 2312 mutavit.
943 2273 1002 2312 Ibi
1035 2272 1139 2309 enim
1168 2271 1262 2309 Selli
1298 2271 1525 2309 habitabant
1562 2276 1601 2308 et
1639 2271 1705 2320 qui

303 2342 448 2380 Graeci
475 2342 795 2392 appellabantur,
830 2353 936 2377 nunc
960 2344 1090 2378 autem
1115 2338 1312 2375 Hellenes.
1369 2341 1433 2387 23.
1464 2337 1565 2375 Cum
1585 2337 1706 2387 igitur

304 2402 406 2447 eius‘
424 2408 533 2446 modi
567 2407 755 2445 imbrium
780 2406 844 2444 vis
872 2418 1010 2456 magna
1042 2404 1184 2451 fuerit,
1224 2403 1415 2441 censenda
1449 2410 1507 2441 est
1533 2402 1574 2440 in
1602 2403 1704 2439 mul-

304 2483 387 2513 tum
414 2481 569 2524 tempus
604 2472 800 2511 sufficere.
865 2474 917 2510 Et
948 2470 1278 2522 quemadmodum
1311 2470 1418 2520 quod
1444 2470 1518 2508 alia
1544 2467 1704 2505 flumina

304 2540 489 2592 perennia
506 2540 604 2587 sint,
631 2540 705 2577 alia
723 2552 804 2576 non
825 2539 913 2587 sint,
945 2538 1011 2575 alii
1030 2536 1188 2587 quidem
1207 2542 1411 2574 antrorum
1427 2534 1704 2572 subterraneo-

302 2619 394 2645 rum
424 2605 642 2643 vastitatem
673 2618 826 2642 causam
857 2619 940 2643 csse
966 2604 1171 2654 inquiunt,
1208 2615 1278 2639 nos
1297 2614 1395 2639 vcro
1420 2600 1616 2637 editorum
1642 2599 1704 2636 lo-

304 2686 441 2711 corum
466 2671 770 2720 magnitudinem
799 2684 1015 2720 eorumque
1041 2669 1271 2707 densitatem
1301 2673 1340 2703 et
1360 2666 1482 2715 frigus
1510 2663 1702 2716 (quando—

306 2738 465 2790 quidem
484 2737 541 2774 illi
561 2736 776 2787 plurimum
795 2750 914 2787 aquae
934 2742 973 2774 et
989 2735 1192 2786 excipiunt
1210 2738 1249 2770 et
1265 2731 1464 2769 continent
1481 2737 1519 2769 ct
1530 2731 1702 2782 gignunt,

306 2813 346 2842 ct
371 2803 513 2854 quibus
544 2807 696 2840 montes
725 2802 855 2855 exigui
882 2808 951 2839 aut
979 2801 1135 2851 fungosi
1160 2805 1207 2848 et¹
1228 2797 1373 2851 lapidei
1400 2803 1516 2848 atque
1546 2796 1700 2848 argilosi
