1820 3158
343 347 407 387 20
454 350 844 394 -1›·342‚b·Bekk--
918 350 1066 388 [ΛΜ.
1097 350 1291 388 οΑΡ.ν[.
1376 347 1741 392 -p.329,1‹'.cas.-

289 472 313 507 2
343 463 508 515 πλησίον
542 462 675 501 ε’λθεῖν
712 456 858 506 δόξωσι
891 456 1091 510 θιγγάνειν
1128 454 1323 509 ἀλλήλων.
1381 463 1419 499 2.
1451 460 1544 499 Τῶν
1571 457 1612 498 δ’
1639 457 1742 498 Ἰτα-

342 532 460 569 λικῶν
495 543 597 574 τινες
630 525 696 566 καὶ
737 523 989 576 καλουμένων
1025 523 1318 576 Πυθαγορείων
1356 521 1424 564 ἵνα
1457 523 1634 577 λέγουσιν
1668 523 1742 564 αὖ·

341 594 411 636 τὸν
441 593 537 636 εἶναι
566 595 644 633 τῶν
675 588 886 641 πλανήτων
914 588 1094 642 ἄστρων,
1125 587 1229 629 ἀλλὰ
1253 588 1318 629 διὰ
1346 592 1497 630 πολλοῦ
1527 606 1568 631 τε
1591 589 1743 645 χρόνου

340 660 412 713 τὴν
452 657 675 714 φαντασίαν
712 654 834 695 αὐτοῦ
873 652 967 695 εἶναι
1010 655 1075 694 καὶ
1111 654 1183 707 τὴν
1222 652 1447 709 ὓπερβολὴν
1486 655 1547 695 ἐπὶ
1585 654 1742 710 μικρόν,

341 725 436 779 ὅπερ
467 723 672 776 συμβαίνει
703 722 767 762 καὶ
799 721 886 775 περὶ
914 719 984 760 τὸν
1012 724 1083 760 τοῦ
1108 718 1257 775 Ἑρμοῦ
1288 721 1460 776 ἀστέρα·
1501 721 1568 762 διὰ
1595 721 1670 775 γὰρ
1695 720 1740 761 τὸ

337 790 480 844 μικρὸν
507 789 781 840 ἐπαναβαίνειν
809 786 961 834 πολλὰς
989 787 1152 827 ἐκλείπει
1177 787 1336 842 φάσεις,
1369 787 1469 829 ὥστε
1501 779 1578 827 διά
1593 786 1742 842 χρόνου

286 862 308 894 3
340 857 518 911 φαίνεται
559 858 723 895 πολλοῦ.
809 861 847 895 3.
887 854 1191 908 Παραπλησίως
1229 853 1272 894 δὲ
1303 853 1459 902 τούτοις
1485 855 1549 895 καὶ
1580 853 1617 894 οἶ
1655 854 1743 908 περὶ

330 921 595 976 Ἱπποκράτην
638 920 710 962 τὸν
746 922 852 960 Χῖον
900 920 965 960 καὶ
1013 919 1083 960 τὸν
1130 918 1323 972 μαθητὴν
1370 918 1491 960 αὐτοῦ
1537 919 1744 971 Αἰσχύλον

338 987 607 1042 ἀπεφήναντο·
665 985 768 1038 πλὴν
806 984 879 1038 τήν
914 1001 954 1039 γε
992 983 1120 1038 κόμην
1158 985 1229 1026 οὐκ
1257 986 1300 1034 ἐξ
1328 983 1452 1026 αὑτοῦ
1482 999 1604 1041 φασιν
1632 985 1742 1037 ἔχειν,

338 1053 440 1094 ἀλλὰ
467 1051 723 1104 πλανώμενον
752 1050 818 1092 διὰ
845 1050 915 1092 τὸν
943 1049 1068 1092 τόπον
1096 1050 1220 1092 ἐνιότε
1260 1051 1476 1104 λαμβάνειν
1515 1050 1745 1103 ἀνακλωμέ-

335 1134 406 1172 νης
433 1122 505 1172 τῆς
533 1118 666 1166 ὄψεως
694 1117 771 1158 ἀπὸ
801 1120 874 1170 τῆς
902 1117 1114 1170 ἑλκομένης
1142 1115 1363 1171 ὑγρότητος
1391 1115 1461 1158 ὕπ’
1491 1117 1615 1158 αὐτοῦ
1644 1116 1745 1172 πρὸς

337 1184 408 1226 τὸν
435 1183 561 1238 ἥλιον.
639 1186 678 1225 4.
718 1183 801 1225 Διὰ
829 1183 873 1223 δὲ
901 1182 947 1224 τὸ
976 1180 1263 1224 ὑπολείπεσθαι
1300 1181 1536 1237 βραδύτατα
1563 1186 1620 1238 τῷ
1647 1181 1744 1235 χρό-

337 1266 393 1306 νῳ
430 1250 495 1291 διὰ
531 1251 716 1291 πλείστου
748 1249 899 1305 χρόνου
938 1249 1154 1303 φαίνεσθαι
1193 1253 1274 1290 τῶν
1303 1248 1438 1290 ἄλλων
1465 1247 1645 1303 ἄστρων,
1689 1245 1743 1295 ὡς

337 1315 434 1357 ὅταν
460 1317 502 1357 ἐκ
521 1316 668 1357 ταυτοῦ
686 1320 804 1377 φανῇ
832 1313 1161 1367 υπολελειμμένον
1191 1314 1286 1357 ὅλον
1314 1315 1385 1356 τὸν
1414 1314 1557 1356 εαυτοῦ
1576 1314 1742 1356 κύκλον·

336 1380 621 1424 ὑπολείπεσθαι
658 1381 699 1422 δ’
730 1381 852 1422 αυτὸν
891 1381 955 1421 καὶ
985 1379 1086 1435 πρὸς
1115 1380 1358 1449 αρκτονῇξιαι
1386 1381 1488 1437 πρὸς
1513 1380 1654 1422 νότον·
1703 1381 1744 1421 ἓν

336 1448 410 1500 μὲν
437 1443 507 1489 οἶν
535 1451 592 1489 τῶ
617 1448 766 1501 μεταξὺ
793 1448 904 1503 τόπω
933 1450 1013 1487 τῶν
1049 1451 1257 1502 τροπικῶν
1271 1443 1354 1500 ουχ
1391 1448 1513 1488 ε’λκειν
1549 1446 1595 1488 τὸ
1632 1446 1743 1500 ὕδωρ

337 1514 438 1568 πρὸς
474 1513 616 1555 εαυτὸν
651 1513 716 1554 διὰ
751 1513 797 1554 τὸ
839 1516 1059 1554 κεκαῦσθαι
1096 1511 1174 1554 υπὸ
1212 1529 1286 1566 της
1322 1517 1394 1554 τοῦ
1434 1512 1548 1567 ηλίου
1588 1516 1738 1568 φορᾶς·

338 1579 438 1634 πρὸς
466 1579 509 1620 δὲ
535 1578 652 1621 νότον
681 1578 778 1620 ὅταν
806 1579 996 1635 φέρηται,
1037 1581 1246 1632 δαψίλειαν
1273 1580 1347 1633 μὲν
1376 1579 1475 1632 ἔχειν
1503 1584 1575 1633 τῆς
1604 1577 1741 1621 τοιαύ-

337 1720 499 1764 propter
524 1726 659 1750 cursus
685 1713 866 1750 viciniam
894 1712 1066 1751 invicem
1093 1720 1250 1763 tangere
1279 1713 1503 1752 videantur.
1560 1717 1599 1751 2.
1630 1712 1742 1750 Itali-

337 1793 472 1816 corum
505 1778 665 1825 deinde,
706 1780 772 1828 qui
796 1778 1055 1828 Pythagoraei
1086 1785 1303 1823 vocantur,
1340 1779 1521 1816 nonnulli
1551 1784 1741 1816 cometam

335 1858 455 1882 unum
476 1857 557 1881 esse
575 1844 684 1880 aiunt
704 1857 754 1880 ex
772 1844 1019 1893 planetarum
1037 1858 1215 1891 numere,
1237 1845 1303 1894 qui
1321 1845 1438 1894 longo
1460 1844 1619 1882 demum
1637 1850 1741 1880 tem-

336 1911 442 1961 poris
480 1909 690 1947 intervallo
727 1910 933 1947 interiecto
969 1916 1153 1960 appareat
1187 1911 1336 1960 vixque
1376 1909 1586 1947 adscendat
1623 1923 1742 1960 supra

334 1976 602 2023 horizontem,
642 1975 746 2025 quod
775 1976 934 2025 quidem
963 1976 1111 2013 accidat
1152 1976 1275 2017 etia-
1306 1976 1348 2013 in
1375 1976 1566 2014 Mercurii
1599 1976 1740 2024 sidere.

334 2043 503 2092 Propter
534 2041 640 2078 enim
669 2042 849 2092 exiguam
881 2041 1173 2080 adscensionem
1201 2042 1430 2093 adspectum
1456 2055 1740 2092 saepenumero

335 2108 432 2156 fugit
448 2108 513 2154 ita,
532 2112 577 2144 ut
590 2107 737 2157 magnis
757 2113 905 2145 tantum
923 2108 1142 2147 intervallis
1159 2115 1355 2147 cernatur.
1412 2112 1446 2146 3.
1466 2108 1538 2146 His
1557 2109 1740 2158 proxime

335 2173 521 2210 accedunt
545 2174 806 2223 Hippocrates
828 2172 949 2212 Chius
977 2175 1136 2225 eiusque
1158 2174 1374 2225 discipulus
1392 2173 1636 2224 Aeschylus,
1666 2174 1740 2211 nisi

335 2238 439 2290 quod
460 2252 612 2277 comam
641 2239 716 2290 ipsi
741 2252 821 2277 non
850 2241 1023 2278 innatam
1043 2255 1125 2278 esse
1147 2241 1301 2289 dicant,
1326 2240 1394 2278 sed.
1411 2241 1541 2291 ipsum
1563 2241 1604 2278 in
1629 2253 1742 2289 erra-

334 2306 412 2343 tico
439 2319 510 2343 suo
539 2319 609 2356 per
642 2305 811 2355 spatium
839 2306 980 2344 itinere
1009 2321 1093 2344 eam
1121 2307 1322 2345 interdum
1345 2306 1574 2354 adsumere,
1605 2312 1740 2344 nostro

335 2371 424 2409 visu
461 2385 537 2422 ope
574 2376 794 2422 protractae
838 2371 1080 2411 humiditatis
1123 2374 1171 2412 ab
1207 2375 1293 2424 ipso
1331 2374 1381 2411 ad
1413 2373 1536 2410 solem
1575 2371 1738 2409 reflexo,

335 2435 372 2474 4.
401 2437 501 2475 Cum
527 2450 625 2475 vero
654 2431 874 2475 tardissime
906 2438 1226 2490 derelinquatur,
1267 2454 1338 2491 per
1367 2439 1518 2488 longius
1549 2437 1737 2486 temporis

299 2542 309 2554 2
334 2503 499 2552 spatium
512 2530 522 2550 ‚
554 2517 669 2553 quam
689 2504 837 2554 reliqua
858 2503 986 2542 sidera
1003 2519 1090 2542 eam
1110 2519 1300 2556 apparere
1313 2535 1324 2554 ,
1354 2511 1397 2542 ut
1417 2516 1505 2541 cum
1525 2515 1574 2539 ex
1595 2502 1735 2540 eodem

334 2559 536 2613 cernatur,
563 2575 647 2606 toto
666 2583 736 2606 suo
758 2570 904 2608 circulo
933 2571 1105 2609 relictus.
1162 2571 1346 2621 Relinqui
1373 2575 1502 2607 autem
1532 2580 1622 2604 eum
1651 2574 1736 2605 tum

333 2646 473 2670 versus·
493 2635 821 2685 septentrionem,
851 2643 933 2673 tum
955 2650 1094 2675 versus
1121 2644 1307 2675 austrum.
1370 2636 1416 2672 In
1443 2633 1604 2682 regione
1629 2633 1735 2671 intra

328 2698 505 2749 tropicos
530 2700 601 2736 sita
621 2701 807 2747 circulos,
836 2715 915 2739 non
939 2702 989 2739 ad
1015 2717 1057 2740 se
1082 2703 1242 2740 trahere
1269 2712 1429 2750 aquam,
1458 2710 1547 2734 cum
1566 2697 1658 2734 solis
1676 2698 1735 2735 la-

332 2763 440 2800 tione
467 2771 600 2802 exusta
626 2766 685 2802 sit.
742 2766 1035 2813 Quando‘vero
1055 2774 1230 2804 austrum
1248 2778 1386 2802 versus
1407 2769 1624 2807 moveatur,
1653 2763 1734 2800 lar-
