1774 3198
451 351 672 394 LIBRUM
700 346 1030 392 SECUNDUM.
1087 348 1209 391 cAP.
1230 349 1342 391 VIII.
1514 339 1610 385 605

175 483 265 510 νετο
284 470 332 510 F.
349 490 407 497 —-
434 469 500 508 De
516 466 712 506 Heraclea
733 464 852 506 Ponti
870 466 944 504 cfr.
966 463 1198 504 Strabon.
1215 464 1319 504 XII.
1347 464 1483 516 p.817
1504 462 1535 500 C
1554 476 1613 514 sq.

176 539 212 577 E
227 536 418 576 ustath.
447 534 498 574 ad
527 533 745 586 Dionys.
774 533 970 585 Perieg.
991 546 1032 573 v.
1051 535 1149 573 787.
1168 546 1211 585 p.
1225 531 1320 573 249.
1347 531 1478 571 Plin.
1499 527 1615 568 Hisl.

178 612 269 644 nat.
288 606 359 655 III,
383 607 421 643 1.
477 605 543 643 De
560 616 608 642 re
628 603 702 641 cfr.
725 615 764 641 v.
785 601 919 640 Hoff
938 602 995 640 ΙΙ.
1022 614 1062 654 p.
1086 600 1178 640 140.
1195 622 1251 629 -
1279 597 1322 639 ἓν
1339 601 1391 654 τῇ
1412 594 1519 655 Ἱέρᾳ
1543 594 1616 650 νή-

178 685 239 727 σῳ
267 685 343 725 pro
370 668 460 725 περὶ
489 666 565 723 τὴν
588 665 716 721 Ἱερὰν
743 669 866 721 νῆσον
891 670 938 709 F.
975 668 1106 709 Plin.
1134 669 1300 707 Histor-
1322 674 1415 708 nat.
1434 667 1490 717 ΙΙ,
1512 671 1615 707 110:

177 741 230 779 In
248 739 382 778 medio
412 741 526 777 mari
553 739 693 776 Hiera
721 737 864 775 insula
883 737 1039 776 Aeolia
1069 738 1195 775 iuxta
1210 732 1387 775 Italiam
1413 735 1615 786 cumipse

178 809 293 846 mari
322 808 434 846 arsit
456 820 534 859 per
564 805 730 858 aliquot
753 805 842 843 dies
869 805 1027 844 sociali
1045 802 1168 856 bello,
1196 803 1327 843 donec
1355 804 1516 856 legatio
1541 804 1618 842 Se-

178 883 304 914 natus
327 876 498 926 piavit,
535 873 606 912 ubi
637 873 714 912 cfr.
743 872 1080 913 Harduinum.
1129 872 1384 924 Antigon.
1411 872 1615 923 Caryst.

178 957 213 983 c.
238 942 339 982 145:
381 938 651 996 Θεόφραστον
674 937 720 980 δὲ
750 937 948 993 [ἱστορεῖν
974 952 1076 995 φησι
1105 939 1392 990 Καλλίμαχος]
1423 936 1500 986 τὰς
1526 938 1617 992 περὶ

177 1007 253 1057 τὰς
272 1006 433 1050 Αἰόλου
457 1006 606 1061 νήσους
635 1004 791 1057 ἆναζεῖν
820 1004 973 1058 οὕτως,
1004 1006 1068 1047 ἐπὶ
1096 1005 1169 1048 δύο
1187 1005 1382 1061 πλέθρων
1407 1002 1455 1047 τὸ
1474 1009 1618 1059 μῆκος,

178 1075 282 1119 ὥστε
309 1075 367 1130 μὴ
396 1074 571 1117 δυνατὸν
605 1071 704 1116 εἶναι
739 1072 808 1115 διὰ
834 1072 910 1127 τὴν
936 1074 1171 1129 θερμασίαν
1199 1072 1403 1127 ἐμβαίνειν
1432 1073 1489 1122 εἷς
1515 1071 1617 1115 ταύ-

177 1162 273 1199 την,
310 1147 378 1186 ubi
406 1145 539 1185 omnia
567 1144 680 1195 fere,
717 1157 820 1196 quae
842 1142 922 1183 huc
941 1145 1160 1196 pertinent,
1190 1143 1388 1195 congessit
1415 1142 1620 1195 diligentia

175 1213 502 1255 Beckmanni.
537 1212 722 1267 ,ΠΗ-11η),
741 1211 792 1250 de
812 1225 892 1263 quo
911 1211 1233 1250 Aristoteles
1261 1211 1454 1263 loquitur,
1482 1217 1618 1251 terrae

175 1288 310 1325 motus
329 1282 434 1320 circa
457 1280 623 1320 Hieram
643 1280 814 1318 insulam
835 1286 990 1318 tremor
1008 1279 1119 1318 idem
1140 1279 1278 1327 fuerit,
1307 1278 1359 1317 de
1377 1293 1458 1331 quo
1481 1278 1618 1318 Thu-

175 1348 392 1402 cydides
420 1348 501 1397 ΙΙΙ,
528 1350 606 1396 88,
633 1361 684 1386 an
706 1347 826 1386 alius:
856 1361 956 1387 num
984 1346 1192 1386 Plinius
1221 1347 1360 1398 plures
1387 1347 1618 1387 confuderit

173 1417 444 1464 narrationes,
473 1429 566 1454 cum
584 1415 690 1454 circa
709 1415 854 1454 sociale
875 1415 1027 1454 bellum
1058 1414 1161 1453 hanc
1186 1428 1275 1453 rem
1295 1414 1483 1453 accidisse
1507 1415 1619 1455 refe-

173 1493 258 1536 rat,
287 1498 387 1524 num
407 1484 579 1536 denique
600 1483 652 1522 de
671 1483 748 1522 alia
774 1482 1043 1536 phaenomeni
1070 1482 1285 1521 iteratione
1309 1482 1497 1534 loquatur
1524 1484 1617 1522 Li-

173 1554 291 1595 vius
318 1552 538 1599 XXXIX,
558 1553 624 1600 56,
643 1564 735 1590 cum
750 1563 883 1603 prope
901 1551 1070 1590 Hieram
1087 1563 1236 1589 novam
1253 1550 1423 1589 insulam
1445 1564 1498 1590 ex
1515 1552 1618 1591 mari

176 1620 400 1660 surrexisse
418 1625 569 1669 narret,
580 1620 632 1670 Q.
645 1618 770 1658 Fabio
782 1619 972 1658 Labeone
987 1625 1028 1658 et
1046 1620 1103 1659 M.
1118 1617 1287 1657 Claudio
1304 1617 1501 1658 Marcello
1520 1632 1619 1665 coss.

179 1689 228 1739 [a.
248 1702 291 1727 u.
313 1701 350 1726 c.
371 1688 466 1738 572]
478 1716 490 1738 ,
518 1686 682 1726 idemne
698 1686 1008 1740 phaenomenon
1026 1685 1252 1738 significare
1271 1686 1478 1728 voluerint
1497 1687 1619 1728 Vir-

177 1757 334 1808 gilius
360 1754 468 1793 Aen.
499 1756 621 1802 VIII,
653 1757 734 1794 416
755 1769 837 1807 sq.,
866 1769 958 1794 cum
977 1754 1104 1794 dicat:

392 1822 541 1861 Insula
573 1821 792 1863 Sicanium
821 1825 946 1862 iuxta
975 1823 1095 1862 lacus
1122 1820 1399 1876 Aeoliamque

306 1930 312 1936 ,
392 1892 454 1929 Ει·
456 1892 593 1943 igitur
608 1891 823 1941 Liparen,
839 1889 1114 1944 fumantibus
1145 1892 1280 1929 ardua
1304 1893 1448 1940 samis,

178 1957 398 1997 Orosius
426 1958 503 2005 IV,
521 1962 597 2009 203
628 1959 974 1998 Cassiodorus
993 1955 1346 2010 Variar.ep.111‚
1365 1958 1442 2009 473
1471 1958 1616 2012 quibus

174 2025 279 2065 adde
304 2025 441 2065 Corn
453 2027 510 2065 el
549 2025 725 2066 Sever.
763 2027 891 2066 Aetn.
926 2040 968 2067 v.
990 2027 1098 2077 439,
1137 2027 1180 2067 in
1210 2027 1333 2066 dubio
1366 2032 1441 2067 est.
1497 2025 1617 2066 Nihil

174 2094 346 2143 mirum,
373 2093 407 2131 si
426 2094 517 2146 plus
542 2096 666 2134 semel
693 2095 1003 2134 famosissimum
1031 2095 1134 2134 illud
1158 2108 1282 2143 mare,
1311 2094 1487 2133 Aetnam
1508 2095 1618 2135 inter

176 2167 217 2200 et
242 2160 492 2211 Vesuvium,
527 2162 672 2200 similia
705 2162 984 2214 phaenomena
1014 2162 1256 2215 prodiderit.
1324 2161 1409 2201 Cfr.
1450 2163 1616 2202 omnino

175 2242 220 2268 v,
257 2227 398 2267 Hoff.
436 2228 555 2268 Tom.
584 2231 638 2269 II.
677 2242 719 2281 p.
748 2231 830 2269 253
869 2243 955 2282 sqq.
995 2236 1037 2268 et
1077 2229 1181 2269 adde
1218 2228 1467 2269 Posiden.
1507 2231 1616 2283 apud

177 2294 416 2334 Strabon.
443 2296 519 2335 VI.
548 2308 591 2348 p.
609 2295 690 2335 42‘4
708 2296 742 2335 C
759 2309 848 2350 sqq.
885 2297 1251 2350 Thucydidem
1281 2303 1418 2337 tamen
1432 2304 1478 2338 et
1499 2298 1617 2338 Ari-

176 2378 195 2402 s
207 2363 426 2402 totelem
479 2363 648 2403 eandem
687 2377 779 2404 rem
816 2365 1044 2419 respexisse
1094 2378 1197 2406 vero
1236 2366 1368 2405 simile
1412 2365 1514 2405 mihi
1546 2362 1616 2406 'vi-

176 2431 312 2471 detur.

289 2501 355 2537 19.
387 2493 531 2537 ἀνώὸει
550 2512 625 2551 pro
648 2496 837 2555 ἒξανώὸει
856 2501 905 2540 Ε.
917 2502 979 2551 Ε,
1005 2513 1178 2552 quorum
1195 2499 1312 2552 prior
1329 2499 1477 2541 deinde
1493 2503 1615 2542 omit-

174 2567 224 2606 tit
252 2561 358 2605 πολυ
377 2570 469 2617 post
487 2568 657 2618 πνεῦμα.
678 2589 734 2597 —
763 2565 904 2622 φίψα)
908 2568 980 2607 λον
1000 2569 1111 2607 Cam.
1140 2566 1374 2608 Alexander
1394 2569 1464 2610 fol.
1482 2574 1574 2621 108,
1586 2572 1611 2610 b

175 2635 347 2687 explicat
375 2630 448 2672 τὸν
467 2633 833 2687 πεπυρακτωμένον
852 2633 1063 2690 κονιορτόν
1074 2636 1245 2686 [LavaJ.
1259 2657 1311 2665 —
1330 2632 1516 2691 ἀνήνεγκε
1533 2653 1611 2692 pro

175 2698 292 2754 ἀνῆκε
312 2701 426 2740 Alex.
447 2702 518 2740 fol.
532 2704 623 2750 108,
634 2715 667 2740 a.
686 2704 739 2742 A.
751 2704 793 2743 P.
806 2705 847 2743 S.
863 2705 952 2743 Cas.
940 2704 1041 2756 .qui
1049 2704 1090 2742 in
1109 2704 1286 2756 margine
1303 2718 1369 2758 γρ.
1398 2702 1520 2758 ἀνῆκε
1559 2707 1611 2746 ad

176 2769 288 2810 Cam.
308 2769 538 2822 respiciens.
556 2793 612 2799 —
641 2768 842 2825 λιπαρέων
868 2785 953 2825 pro
973 2770 1225 2825 Λιπαραίων
1252 2770 1307 2812 Η.
1326 2773 1379 2813 Ν.
1397 2772 1448 2813 In
1461 2774 1550 2815 cod.
1564 2777 1610 2815 Ε

174 2850 216 2877 τε
238 2837 275 2877 λι
292 2844 334 2877 ¹et
352 2852 378 2877 α
398 2843 579 2878 correcta
598 2844 702 2878 sunt.
727 2859 783 2870 —
813 2840 982 2881 Cineres
1006 2853 1295 2893 saepenumero
1323 2847 1541 2883 ventorum
1566 2842 1609 2882 vi
