1786 3178
583 369 1005 415 PRAEFATIO.
1121 381 1123 383 ·
1407 371 1520 414 XIX

62 492 225 547 δρειαν,
254 491 321 533 καὶ
341 488 536 547 ῥητορικῇ
566 488 633 530 καὶ
662 493 750 537 τοῖς
780 485 920 536 ἄλλοις
949 486 1040 542 περὶ
1069 483 1096 527 ἃ
1124 483 1267 540 πρώην
1298 483 1518 537 ἐσπούδαζε

59 562 215 618 χαίρειν
246 557 391 609 εἰπών,
431 556 507 607 τὰς
534 561 617 600 τῶν
646 557 731 600 ἐκεῖ
756 556 1001 614 φιλοσόφων
1027 556 1244 610 μετεδίωκε
1274 556 1518 606 συνουσίας·

62 632 130 673 καὶ
160 634 286 690 φοιτᾷ
315 629 378 671 ἐπὶ
405 628 482 683 μὲν
504 626 843 684 Ἀριστοτελικοΐς
872 625 966 682 παρ’
996 624 1336 683 Ὀλυμπιόδωρον
1354 625 1430 669 τὸν
1451 643 1520 683 φι-

64 700 258 758 λόσοφον,
289 693 337 742 οὗ
356 697 485 748 ’κλεός
511 696 609 754 εὐρύ
630 696 688 754 ⁶).
747 697 962 740 Maiorem
992 711 1090 739 eum
1120 711 1215 739 esse
1245 695 1519 752 Olympio—

62 772 216 823 doro,
254 770 326 827 qui
357 770 687 812 commentarios
726 770 770 809 in
811 766 1039 825 plerosque
1086 766 1278 809 Platonis
1326 766 1521 824 dialogos

62 841 397 896 conscripserat,
440 840 599 881 diserte
640 852 690 879 ac
729 836 914 880 dilucide
958 839 1160 894 exposuit
1208 836 1520 880 Creuzerus

61 908 91 951 l.
111 909 141 951 l.
170 926 212 967 p.
231 908 511 951 XI-XIX.
538 907 965 980 Wyttenbachii
992 909 1146 949 mirum
1178 921 1233 949 ex
1256 905 1522 963 negligentia

61 994 252 1022 errorem
275 979 316 1035 ⁷)
347 980 587 1021 notavimus
615 980 661 1020 in
690 958 987 1034 Excerpt.H‚
1021 981 1296 1033 2,17,quo
1327 990 1384 1018 ex
1411 976 1520 1028 loco,

61 1052 101 1092 si
139 1052 234 1107 quis
277 1063 375 1090 eum
420 1056 580 1090 attente
623 1046 809 1104 legerit,
855 1046 924 1088 vel
966 1047 1154 1089 maxime
1202 1047 1356 1088 iterum
1406 1054 1522 1103 patet

64 1118 522 1175 Olympiodorum
563 1126 754 1159 nostrum
796 1116 937 1159 nullos
975 1118 1020 1158 in
1062 1115 1359 1158 Platonem
1408 1130 1521 1157 com—

61 1189 293 1230 mentarios
330 1188 648 1243 conscripsisse.
708 1185 1051 1229 Commentarios
1087 1187 1132 1228 in
1161 1185 1521 1243 Meteorologiam

60 1257 188 1300 hodie
231 1235 328 1299 non.
363 1259 555 1313 integros
594 1256 817 1300 habemus.
897 1256 1059 1313 Magna
1100 1258 1215 1299 enim
1255 1265 1322 1298 est
1367 1255 1522 1298 lacuna

60 1327 132 1370 fol.
160 1332 240 1380 42,
262 1327 313 1370 b:
345 1328 499 1370 deinde
528 1327 649 1370 deest
677 1328 1009 1370 commentarius
1039 1328 1093 1370 ad
1122 1326 1185 1379 ΙΙ,
1218 1331 1372 1379 7—9,
1403 1328 1522 1369 deni-

61 1413 143 1455 que
172 1400 217 1440 in
238 1397 327 1440 fine
353 1396 560 1440 nonnulla
589 1399 901 1440 desiderantur.
959 1398 1099 1440 Etiam
1123 1398 1262 1439 codex
1283 1396 1522 1439 Vaticanus

61 1471 172 1511 1387
211 1467 516 1523 bombycinus,
566 1466 776 1511 vetustior
799 1468 840 1524 8)
890 1469 935 1510 in
977 1467 1066 1509 fine
1111 1467 1285 1510 mutilos
1330 1467 1520 1525 praebet.

59 1538 225 1580 Prodiit
264 1537 608 1581 Commentarius
657 1537 957 1595 Olympiodori
1004 1553 1090 1580 una
1139 1551 1235 1580 cum
1284 1537 1520 1579 Ioannis

61 1608 366 1666 Philoponi
419 1607 656 1664 particula,
717 1609 770 1650 de
801 1623 883 1665 qua
922 1623 1027 1650 mox
1067 1622 1270 1664 agemus,
1322 1605 1521 1648 Venetiis

62 1679 172 1734 apud
203 1678 307 1721 Aldi
332 1676 448 1719 filios
481 1680 604 1719 1551.
643 1677 720 1718 fol.
787 1678 944 1718 Latine
983 1690 1081 1717 eum
1118 1677 1418 1731 interpretatus
1458 1685 1522 1718 est

63 1745 351 1789 Camotius
386 1745 545 1788 Venet.
588 1749 694 1788 1551
737 1754 781 1788 et
811 1749 921 1788 1567
950 1744 1026 1787 fol.
1065 1745 1282 1787 indicante
1321 1744 1520 1787 Fabri—

63 1818 148 1859 cio
172 1818 225 1872 9).
285 1815 449 1858 Graece
480 1823 523 1856 et
543 1813 677 1857 latine
709 1830 807 1857 eum
837 1816 1049 1872 prodiisse
1080 1816 1232 1857 edente
1263 1813 1519 1858 Camotio

63 1886 261 1930 Venetiis
293 1889 399 1928 1551
433 1893 475 1927 et
505 1888 615 1928 1557
650 1884 726 1927 fol.
765 1895 912 1928 auctor
950 1894 1015 1927 est
1055 1883 1275 1927 Ionsius
1305 1886 1395 1941 ¹0),
1436 1900 1519 1943 quo

0 1960 1 1963 ’
63 1957 115 1999 de
146 1956 346 1999 dissensu
373 1955 448 1997 alii
476 1956 683 1998 iudicium
713 1955 866 1998 ferant.

177 2023 520 2068 Commentarius
550 2025 781 2068 Ioannis
810 2024 1013 2082 Philop
1027 2028 1142 2077 oni,
1186 2040 1308 2082 quem
1342 2025 1521 2068 Gram-

63 2109 105 2136 m
116 2109 142 2135 a
153 2103 169 2135 t
180 2096 197 2135 i
207 2109 230 2136 c
240 2110 267 2136 u
277 2110 321 2136 m
357 2098 614 2153 cognomine
653 2103 882 2147 vocarunt,
936 2110 1022 2137 non
1053 2096 1138 2137 nisi
1168 2095 1221 2136 ad
1250 2097 1394 2151 primi
1419 2096 1521 2139 libri

64 2163 314 2220 particulam
345 2166 426 2221 (ad
455 2181 493 2209 c.
519 2171 571 2209 12
601 2168 754 2223 usque)
766 2196 780 2218 ‚
811 2180 950 2223 neque
980 2167 1025 2207 in
1055 2164 1136 2206 hac
1165 2167 1348 2222 integer,
1381 2167 1519 2209 editus

67 2242 131 2275 est
160 2249 247 2276 una
275 2249 371 2277 cum
405 2235 507 2292 Oly
521 2252 562 2279 m
573 2239 663 2293 pio
675 2237 702 2279 d
714 2251 738 2277 o
752 2252 773 2277 r
784 2250 823 2277 0.
883 2235 951 2277 De
974 2244 1112 2277 aetate
1133 2236 1225 2277 eius
1253 2250 1435 2293 magnus
1457 2246 1522 2279 est

157 2430 199 2475 6)
224 2432 324 2478 Quae
350 2435 506 2470 turbavit
536 2436 731 2478 Suidas‚
771 2445 840 2482 qua
864 2437 909 2470 de
940 2445 982 2469 re
1016 2435 1082 2468 cfr.
1116 2440 1260 2478 praeter
1291 2434 1521 2469 Boisson-

69 2491 181 2526 nade
204 2491 243 2525 in
266 2497 344 2526 not.
372 2493 418 2526 ad
441 2494 465 2527 l.
481 2494 505 2527 1.
534 2494 721 2529 Reines.
751 2496 927 2530 observat.
950 2496 982 2526 in
997 2495 1091 2526 Suid.
1119 2504 1155 2536 p.
1170 2494 1249 2528 183.
1280 2494 1336 2531 ed.
1362 2494 1520 2528 Muel-

67 2551 154 2594 ler,
181 2552 361 2585 laudatum
386 2551 415 2587 C
426 2563 445 2586 r
457 2563 503 2586 eu
515 2563 536 2586 z
550 2563 570 2587 e
581 2564 601 2587 r
610 2564 633 2587 o
659 2553 698 2587 in
730 2554 821 2599 Oly
830 2565 865 2587 m
876 2566 910 2598 p.
942 2555 1158 2587 commentar.
1183 2554 1216 2585 in
1243 2556 1377 2590 Platon.
1406 2557 1520 2588 Alcib.

70 2608 185 2652 Praef.
223 2622 258 2655 p.
281 2612 330 2645 X.

161 2676 197 2721 7)
222 2678 464 2714 Commentar.
489 2680 535 2714 ad
559 2680 738 2714 Platon.
764 2681 935 2714 Phaedon.
964 2690 999 2724 p.
1021 2681 1090 2714 312
1113 2678 1229 2725 (300).

161 2745 201 2790 8)
224 2746 428 2781 Brandis
453 2746 492 2781 in
518 2749 688 2781 Abhandl.
712 2749 772 2781 ‹ler-
794 2751 888 2781 Berl.
904 2749 1020 2785 Acacl.
1043 2749 1068 2787 1.
1090 2749 1114 2784 1.
1137 2760 1173 2794 p.
1186 2752 1242 2784 70.

162 2812 203 2858 9)
227 2817 317 2850 Bibl.
342 2817 464 2850 Graec.
489 2816 574 2851 Vol.
598 2817 662 2850 111.
689 2828 724 2861 p.
750 2818 829 2854 501.
855 2817 912 2851 ed.
937 2817 1127 2852 Harles.

167 2880 223 2925 10)
249 2886 302 2916 De
324 2887 439 2927 script.
462 2886 538 2918 hist.
563 2887 682 2929 philos,
714 2885 778 2929 ΠΙ,
806 2887 862 2928 18,
887 2888 922 2920 2.
959 2897 994 2929 p.
1020 2888 1100 2920 101.

1165 2946 1202 2965 ὅ*
1220 2948 1244 2984 2
