1774 3184
0 170 85 337 ιι

210 371 284 410 ΕΤ
314 368 530 408 OLYMP.
558 367 619 406 IN
651 367 824 406 ARIST.
850 366 1181 406 METEOROL.
1213 367 1319 406 LIB.
1338 367 1372 405 Ι.
1447 358 1535 402 167

98 478 265 535 ἀγγείων
292 478 447 528 ὕδατος
475 481 642 533 ψυχροῦ
670 476 1010 533 πεπληρουμένων
1031 479 1091 530 *),
1130 475 1235 518 αὐτὰ
1269 476 1345 530 μὲν
1381 475 1539 531 πάσχει,

99 547 176 602 εἴγε
214 546 441 596 ἐξάπτεται.
491 545 538 588 οὗ
573 544 657 600 μὴν
686 545 828 598 πάσχει
856 561 895 587 τι
923 546 989 586 καὶ
1025 544 1288 600 θερμαίνεται
1326 545 1393 587 καὶ
1421 544 1468 587 τὸ
1498 545 1541 587 ἐν

97 618 155 671 τῷ
188 613 330 671 ἀγγείῳ
357 613 490 670 ὕδωρ.
520 614 555 656 εἰ
577 613 622 656 δὲ
647 614 713 655 καὶ
733 611 891 667 πάσχει,
922 611 1017 655 ἀλλ’
1041 610 1117 665 οὐχ
1146 610 1249 654 ὥστε
1277 614 1344 654 καὶ
1374 612 1541 663 ἐξάπτε-

99 685 216 724 σθαι.
265 681 371 724 ἀλλὰ
407 682 483 724 καὶΙ
503 681 542 723 οἱ
572 681 813 738 σαγηνευταὶ
848 681 1053 737 γνωρίζειν
1081 680 1230 736 φασίν,
1270 676 1370 722 ὅταν
1397 679 1541 734 ἔχωσιν

99 750 142 793 ἐν
169 754 221 806 τῇ
251 749 405 806 σαγήνῃ
432 748 586 805 νάρκην
602 750 684 806 **),
727 752 809 791 τῶν
835 753 995 806 ναρκῶν
1024 746 1159 790 αὐτῶν
1187 746 1262 797 τὰς
1284 753 1447 804 χεῖρας,
1477 745 1542 798 αἶς

99 816 270 874 σύρουσι
306 816 360 859 τὰ
397 815 592 860 καλώδια.
647 816 696 859 οὗ
727 815 860 871 δήπου
894 818 960 859 καὶ
988 820 1071 859 τῶν
1099 816 1313 858 καλωδίων
1340 820 1462 858 τοῦτο
1492 815 1540 859 τὸ

97 884 238 935 πάθος
264 882 343 927 ὑπὸ
372 889 446 939 τῆς
473 884 625 940 νάρκης
650 882 986 940 προπασχόντων.
1014 886 1052 927 εἶ
1068 884 1113 926 δὲ
1134 887 1264 926 ταῦτα
1281 881 1333 925 τὰ
1353 882 1539 938 σώματα,

87 947 155 1004 ,ὧν
181 952 239 1008 μὴ
268 952 412 1006 πάσχει
440 957 604 1004 παθῶν,
630 952 791 995 τούτων
816 957 903 1000 τοῖς
927 951 1023 1006 μετ’
1047 951 1152 994 αὐτὰ
1178 949 1350 993 διάκονα
1375 952 1539 1006 γίνεται,

97 1021 140 1063 τί
164 1019 425 1075 θαυμαστόν,
456 1022 491 1062 εἰ
518 1022 584 1063 καὶ
609 1020 656 1063 τὸ
687 1023 762 1074 τῆς
790 1022 1031 1075 σεληνιακῆς
1059 1019 1240 1076 σφαίρας
1270 1017 1390 1072 σῶμα
1411 1018 1541 1073 μηδὲν

97 1086 176 1130 ὑπὸ
203 1092 279 1143 τῆς
307 1092 380 1131 τοῦ
405 1085 524 1142 ἡλίου
552 1086 744 1141 κινήσεως
771 1085 952 1140 πάσχον,
1007 1090 1066 1144 τῷ
1102 1086 1271 1140 πάσχειν
1306 1083 1380 1127 ὕπ’
1415 1085 1541 1140 αὐτῆς

98 1155 295 1213 πεφυκότι
329 1155 490 1209 σώματι
527 1155 739 1196 διαδίδωσι
777 1153 824 1196 τὸ
867 1152 942 1195 ἀπ’
977 1153 1106 1208 αὐτῆς
1139 1154 1184 1196 ἐν
1214 1152 1326 1210 αὐτῷ
1353 1154 1539 1208 γίνεσθαι

97 1223 276 1279 πεφυκὸς
302 1222 454 1272 πάθος.
496 1223 595 1271 ἴσως
615 1222 680 1280 δῖ,
703 1221 798 1264 οὐδὲ
826 1220 958 1276 πάντη
985 1220 1149 1270 ἀπαθὲς
1178 1220 1226 1264 τὸ
1255 1224 1372 1263 θεῖον
1403 1225 1536 1282 σῶμα.

95 1289 186 1333 οὔτε
215 1290 291 1347 γὰρ
317 1291 358 1332 ἐν
386 1294 445 1347 τῷ
473 1289 622 1347 πρώτῳ
659 1290 749 1345 περὶ
790 1288 970 1345 οὗρανοῦ
1006 1288 1209 1339 ἀπέδειξεν
1249 1288 1537 1341 ἀναλλοίωτον,

93 1357 224 1400 καίτοι
259 1358 515 1414 προθέμενος
524 1389 536 1410 ,
587 1357 679 1400 ἀλλ’
712 1356 929 1413 ἀγέννητον
967 1357 1044 1411 μὲν
1088 1356 1189 1399 αὐτὸ
1219 1358 1286 1399 καὶ
1316 1355 1538 1413 ἄφθαρτον

93 1424 250 1475 ἔδειξεν.
297 1423 450 1479 ὁμοίως
486 1426 554 1468 καὶ
590 1424 780 1475 ἄναυξες,
822 1424 1099 1467 ἀναλλοίωτον
1128 1425 1173 1467 δὲ
1203 1423 1355 1467 οὐκεθ’
1385 1421 1538 1478 ὁμοίως

92 1492 307 1543 ἀπέδειξεν.
322 1491 378 1543 ὡς
395 1494 462 1535 καὶ
480 1493 523 1535 ἓν
537 1497 596 1550 τῷ
616 1494 673 1542 εἷς
691 1492 792 1536 αὐτὸ
807 1490 1071 1548 ’ὑπομνήματι
1094 1492 1441 1547 ε’πεσημηνάμεθα
1449 1493 1536 1546 **²‘)‚

92 1560 192 1610 ἔθος
219 1578 258 1603 τι
280 1560 338 1618 †)
377 1560 489 1618 αὐτῷ
529 1561 653 1616 λέγειν
686 1560 733 1603 τὸ
763 1564 880 1603 θεῖον
913 1564 1033 1613 σῶμα
1073 1559 1148 1613 οὐχ
1184 1551 1323 1608 ἁπλῶς
1363 1558 1534 1607 ἀπαθές.

93 1626 197 1669 ἀλλὰ
227 1628 494 1684 προστιθέναι
523 1627 570 1670 τὸ
594 1626 730 1682 πάσης
747 1631 908 1682 θνητῆς
929 1628 1174 1682 δυσχερείας.
1202 1630 1284 1668 τῶν
1300 1625 1378 1682 γὰρ
1401 1625 1536 1668 τοιού-

92 1711 176 1736 των
219 1694 370 1737 πάθων
404 1694 580 1743 ἀπαθές.
627 1694 710 1736 ἔστι
743 1695 788 1736 δὲ
815 1699 946 1736 ταῦτα
971 1694 1022 1735 τὰ
1052 1693 1172 1748 πάθη
1203 1693 1309 1736 κατὰ
1337 1692 1412 1748 τὴν
1441 1693 1532 1735 κατ’

94 1759 200 1812 εἶδος
237 1761 469 1817 μεταβολὴν
506 1761 718 1818 γινόμενα,
761 1756 811 1816 ἧς
838 1764 1071 1816 μεταβολῆς
1112 1762 1179 1804 καὶ
1207 1761 1374 1811 πάθους
1401 1761 1536 1803 ἀνεπί-

94 1831 216 1871 δεκτα
241 1828 294 1871 τὰ
322 1833 432 1872 θεῖα.
478 1829 527 1872 οὗ
554 1829 639 1884 μὴν
671 1828 739 1871 διὰ
768 1833 889 1871 τοῦτο
925 1830 991 1871 καὶ
1021 1829 1175 1879 παντὸς
1210 1829 1389 1879 πάθους.
1433 1828 1460 1883 ἥ
1490 1846 1532 1871 τε

91 1896 169 1954 γὰρ
205 1897 359 1951 κίνησις
394 1897 534 1947 πάθος
561 1914 622 1948 τι,
671 1891 721 1951 ’ἧς
759 1895 832 1939 οὒκ
873 1895 1121 1939 ἄνεπίδεκτα.
1170 1896 1276 1939 ἀλλὰ
1307 1897 1373 1939 καὶ
1407 1898 1443 1939 εἷ
1469 1896 1532 1950 τό,

137 2057 174 2100 *)
200 2053 482 2102 πεπληρομίνων
503 2054 586 2090 Ald.

137 2134 193 2176 **)
220 2130 268 2168 ‘H
287 2130 325 2168 δὲ
350 2132 467 2179 νάρκη
493 2134 633 2180 φανεροί
665 2133 742 2169 ε’στι
766 2138 827 2168 καὶ
855 2133 934 2170 τοὺς
957 2132 1177 2179 α’νθρώπους
1203 2133 1358 2170 ποιοῦσα
1382 2135 1534 2178 ναρκᾶν.

183 2190 394 2225 Aristot.
428 2194 520 2226 Hist.
555 2194 689 2226 animal.
731 2194 807 2236 lx,
842 2195 909 2236 25,
933 2195 967 2225 2.
1003 2203 1037 2235 p.
1063 2191 1144 2227 449.
1181 2193 1238 2226 ed.
1265 2192 1534 2227 Schneider.

187 2246 310 2280 Obiter
332 2248 547 2281 monendum
569 2247 639 2281 iam
666 2248 751 2283 olim
775 2253 898 2283 Raiam
919 2251 1138 2292 Torpedinem
1164 2260 1243 2283 esse
1265 2248 1471 2292 applicatam
1497 2250 1533 2282 in

186 2301 368 2335 medendis
387 2303 567 2338 doloribus
593 2305 842 2349 rheumaticis,
869 2305 1040 2349 imprimis
1065 2306 1223 2352 podagra
1247 2306 1413 2340 sananda.
1457 2304 1531 2340 cfr.

188 2357 397 2392 Sex-ibon.
422 2359 614 2406 Largum
638 2371 669 2394 c.
694 2363 751 2395 38.
776 2374 811 2406 p.
833 2361 879 2397 84
902 2363 959 2398 ed.
984 2362 1252 2395 Bernhold-
1297 2363 1369 2399 Pro
1391 2360 1534 2406 ναρκῶν

187 2414 315 2449 deinde
339 2413 562 2449 scribendum
585 2421 640 2450 est
660 2417 813 2452 fortasse
835 2415 1062 2464 ναρκώντων.

140 2493 219 2538 ***>
252 2495 384 2528 Noster
411 2491 518 2539 igitur
552 2492 641 2528 Ale
653 2504 678 2527 x
689 2506 709 2528 a
721 2506 744 2528 n
756 2496 776 2529 d
790 2507 810 2530 e
821 2507 841 2530 r
880 2494 1156 2530 commentarios
1182 2494 1220 2528 in
1244 2494 1353 2529 libros
1377 2498 1420 2530 de
1442 2501 1530 2530 coelo

187 2550 458 2594 conscripserat,
482 2555 520 2583 ut
538 2549 642 2583 etiam
666 2550 1057 2595 Aphrodisiensis
1086 2551 1379 2596 Alexander,
1407 2550 1531 2596 saepe·
1585 2587 1594 2598 ,

184 2617 333 2641 numero
354 2618 374 2640 a
392 2605 479 2640 S-im
490 2605 638 2649 plinio
664 2608 834 2643 laudatus.
866 2610 931 2643 cfr.
960 2608 1143 2642 Fabric.
1169 2611 1258 2644 Ribz.
1277 2622 1327 2652 gr.
1354 2610 1439 2645 Vol.
1466 2611 1528 2644 111.

185 2675 221 2707 p.
242 2665 322 2697 230.
351 2663 404 2697 ed.
426 2663 551 2697 Harl.

140 2740 182 2783 †)
215 2753 255 2775 τε
280 2742 376 2785 quod
407 2742 552 2786 praebet
581 2741 721 2776 Aldus
756 2748 815 2776 aut
843 2753 987 2787 prorsus
1011 2744 1218 2786 delendum,
1255 2745 1350 2788 quod
1373 2744 1433 2778 ille
1457 2756 1529 2778 non

186 2796 386 2839 mirabitur,
411 2798 467 2832 cui
492 2809 563 2831 non
587 2797 766 2844 ignotum,
793 2799 934 2843 quoties
958 2811 977 2834 a
1000 2800 1124 2835 scribis
1147 2801 1266 2846 inepte
1291 2802 1336 2836 sit
1358 2802 1528 2844 additum,

187 2860 245 2888 aut
267 2854 304 2888 in
328 2868 364 2889 τι
387 2855 614 2899 mutandum,
647 2855 748 2891 sicuti
771 2855 931 2891 fecimus.
