1820 3158
146 377 227 412 -ρ,
215 365 316 408 .,341
331 375 364 399 a.
389 362 555 398 Bekk.—
624 358 1015 401 LIB.1.GAP.111.
1081 356 1451 401 -p.327‚G.Cas.—
1503 347 1562 392 13

121 493 254 544 ματος
291 475 472 533 πλήρης,
523 476 706 517 τοσαῦτα
745 471 943 526 εἰρήσθω.
1022 469 1129 525 Περὶ
1171 469 1216 511 δὲ
1244 474 1320 525 τῆς
1356 469 1567 525 γενομένης

123 546 386 603 θερμότητος
395 575 408 594 ,
448 542 500 599 ἢν
530 541 745 598 παρέχεται
774 537 795 582 ὃ
825 538 961 594 ηλιος,
1013 540 1173 591 μᾶλλον
1209 538 1286 591 μὲν
1324 536 1428 580 καθ’
1464 535 1565 579 αὖτὸ

124 617 211 659 καὶ·
222 614 401 670 ἀκριβῶς
431 613 472 654 ἓν
502 616 588 660 τοῖς
615 611 707 666 περὶ
739 607 976 663 αἰσθήσεως
1009 605 1204 662 προσήκει
1239 605 1364 662 λέγειν
1401 604 1569 661 (πάθος

123 682 201 741 γάρ
230 701 270 725 τι
298 682 346 725 τὸ
383 679 542 737 θερμὸν
569 677 806 733 αἰσθήσεώς
829 677 973 732 ἐστιν),
1017 675 1087 718 διὰ
1113 676 1204 718 τίνα
1233 674 1276 717 δ’
1303 676 1437 718 αἰτίαν
1464 675 1570 731 γίνε-

123 769 191 795 ται
218 751 276 807 μὴ
306 748 504 793 τοιούτων
533 747 664 791 ὄντων
694 747 854 788 ἐκείνων
880 744 958 799 τὴν
986 743 1132 801 φύσιν,
1183 743 1342 786 λεκτέον
1379 744 1446 785 καὶ
1483 747 1568 785 νῦν.

125 827 194 863 20.
226 818 411 876 ζΟρῶμεν
440 818 490 872 δὴ
520 817 594 871 τὴν
623 817 777 870 κίνησιν
807 812 870 856 ὅτι
901 811 1071 855 δύναται
1105 810 1322 869 διακρίνειν
1356 810 1431 854 τὸν
1460 810 1563 867 ἀέρα
1574 812 1627 848 20

125 889 191 930 καὶ
211 888 431 942 ἐκπυροῦν,
465 885 568 928 ὥστε
590 883 726 926 καὶτὰ
757 881 962 939 φερόμενα
990 880 1195 936 τηκόμενα
1219 881 1443 936 φαίνεσθαι
1471 883 1574 921 πολ-

125 953 261 1004 λάκις·
309 954 356 996 τὸ
386 954 463 1007 μὲν
505 948 576 995 οὖν
614 952 799 1007 γίνεσθαι
837 950 913 1004 τὴν
950 949 1074 991 ἀλέαν
1112 949 1179 990 καὶ
1217 947 1294 1002 τὴν
1330 947 1575 1004 θερμότητα

125 1022 243 1076 ἱκανή
282 1022 367 1064 ἔστι
402 1020 719 1078 παρασκευάζειν
752 1020 819 1061 καὶ
848 1016 872 1073 ἦ
903 1021 978 1059 τοῦ
1015 1014 1134 1071 ἡλίου
1173 1015 1286 1073 φορὰ
1312 1014 1466 1070 μόνον·
1499 1032 1575 1056 τα-

123 1089 239 1144 χεῖάν
267 1106 309 1132 τε
339 1090 416 1146 γὰρ
448 1091 512 1131 δεῖ
536 1087 682 1142 καὶμὴ
705 1086 848 1143 πόρρω
878 1083 1001 1128 εἶναι·
1046 1083 1168 1140 ἡμὲν
1198 1079 1271 1127 οὗν
1299 1088 1381 1126 τῶν
1411 1082 1575 1138 ἄστρων

126 1164 268 1212 ταχεῖα
294 1158 370 1211 μὲν
397 1155 542 1213 πόρρω
569 1156 626 1209 δέ,
657 1153 683 1210 ἦ
705 1156 750 1197 δὲ
767 1159 841 1209 τῆς
870 1153 1042 1208 σελήνης
1070 1152 1183 1195 κάτω
1211 1152 1287 1206 μὲν
1313 1152 1488 1209 βραδεῖα
1507 1150 1575 1193 δέ·

125 1224 152 1282 ἦ
175 1227 221 1268 δὲ
248 1229 323 1268 τοῦ
352 1222 470 1279 ἧλιόυ
500 1223 627 1281 ἄμφω
649 1223 770 1266 ταῦτ’
803 1222 882 1277 ἕχει
916 1222 1085 1270 ἱκανῶς·
1127 1220 1175 1263 τὸ
1199 1221 1244 1262 δὲ
1265 1219 1446 1275 μάλιστα
1473 1219 1579 1274 γίνε-

127 1298 233 1336 σθαι.
262 1293 351 1348 ἅμα
378 1297 438 1350 τῷ
470 1290 570 1351 ἡλίῳ
602 1291 715 1350 αὐτῷ
743 1292 819 1347 τὴν
848 1290 1091 1348 θερμότητα
1115 1288 1305 1344 εὔλογον,
1341 1285 1579 1342 λαμβάνον-

126 1379 202 1412 τας
227 1361 274 1405 τὸ
294 1361 439 1416 ὅμοιον
467 1362 512 1404 ἐκ
540 1365 623 1404 τῶν
652 1360 745 1418 παρ’
779 1358 877 1415 ἡμῖν
904 1358 1149 1416 γινομένων·
1195 1359 1262 1400 καὶ
1290 1357 1368 1413 γὰρ
1392 1357 1580 1399 ἐνταῦθα

125 1435 209 1474 τῶν
237 1432 311 1490 βίᾳ
339 1430 574 1487 φερομένων
604 1428 878 1484 ὃπλησιάζων
908 1428 989 1483 ἀὴρ
1015 1426 1197 1482 μάλιστα
1224 1428 1374 1483 γίνεται
1394 1423 1578 1481 θερμός·

129 1500 195 1542 καὶ
224 1498 343 1542 τοῦτ’
368 1498 544 1554 εὐλόγως
573 1499 808 1553 συμβαίνει·
838 1496 1020 1552 μάλιστα
1047 1495 1126 1552 γὰρ
1151 1493 1271 1551 ἢτοῦ
1300 1497 1464 1550 στερεοῦ
1490 1494 1580 1534 δια-

129 1569 253 1624 κρίνει
290 1567 444 1622 κίνησις
482 1566 634 1610 αὐτόν·
703 1574 773 1610 21.
818 1563 904 1608 Διά
941 1581 985 1607 τε
1025 1564 1180 1618 ταύτην
1221 1558 1294 1605 οὗν
1332 1562 1407 1616 τὴν
1438 1561 1572 1602 αἷτίαν
1582 1566 1633 1601 21

129 1637 356 1694 ἀφικνεῖται
388 1635 497 1717 ἰπρὸς
533 1635 650 1677 τόνδε
685 1634 758 1676 τὸν
796 1633 925 1675 τόπον
954 1630 980 1686 ἦ
1009 1630 1222 1687 θερμότης
1257 1632 1324 1671 καὶ
1357 1628 1424 1670 διὰ
1454 1627 1501 1670 τὸ
1532 1627 1581 1670 τὸ

364 1708 400 1737 a*

134 1773 362 1821 concretio,
376 1697 490 1823 ffiid
513 1771 564 1809 de
586 1771 677 1809 loco
703 1770 812 1808 inter
836 1775 943 1807 astra
962 1775 1004 1807 et
1024 1775 1177 1807 terram
1200 1767 1254 1805 sit
1276 1766 1522 1806 censendum
1542 1771 1583 1804 et

135 1855 216 1894 quo
244 1841 297 1879 sit
316 1839 473 1892 repleta
495 1851 693 1890 corpore,
731 1837 783 1875 de
809 1837 942 1875 calore
968 1842 1124 1885 autem,
1163 1849 1284 1887 quem
1313 1836 1376 1874 sol
1403 1834 1584 1887 praebet,

133 1909 301 1949 seorsim
321 1914 362 1946 et
379 1907 600 1946 accuratius
617 1906 660 1944 in
677 1905 794 1944 libris
814 1905 865 1943 de
884 1919 1003 1944 sensu
1023 1904 1240 1943 dicendum
1260 1910 1331 1953 est,
1362 1917 1455 1942 cum
1474 1903 1585 1941 calor

134 1977 290 2017 affectio
321 1975 515 2028 quaedam
547 1976 598 2013 sit
627 1987 839 2014 sensuum:
870 1980 910 2012 at
932 1986 1012 2025 quo
1033 1973 1157 2011 modo
1185 1977 1462 2025 provocetur,
1492 1984 1584 2008 cum

134 2052 240 2085 astra
259 2051 402 2084 natura
419 2057 489 2082 sua
509 2043 636 2081 calida
654 2057 737 2082 non
753 2043 844 2091 sint,
865 2043 985 2081 etiam
1004 2041 1187 2080 hocloco
1206 2039 1495 2093 exponendum
1512 2044 1585 2077 est.

136 2119 203 2154 20.
231 2113 431 2153 Videmus
453 2111 597 2163 igitur,
629 2110 837 2162 quomodo
862 2117 974 2148 motu
1010 2110 1083 2148 ae'r
1111 2110 1238 2161 possit
1268 2109 1422 2160 seiungi
1451 2114 1493 2146 et
1519 2107 1586 2145 in-

135 2181 278 2229 cendi,
318 2179 660 2232 quemadmodum
694 2179 874 2231 [pernici
897 2178 1034 2228 motu]
1069 2184 1187 2230 rapta
1212 2190 1331 2228 saepe
1356 2174 1584 2228 liquefiunt.

136 2250 344 2301 Vaporem
366 2249 488 2300 igitur
517 2247 771 2298 caloremque
799 2260 1027 2299 provocare
1054 2247 1174 2284 etiam
1194 2246 1337 2284 unicus
1357 2245 1418 2282 sol
1436 2243 1588 2282 latione

139 2329 210 2356 sua
228 2316 400 2365 sufficit,
429 2317 604 2354 celerem
625 2316 736 2353 enim
764 2329 850 2354 esse
879 2320 1067 2367 oportet,
1096 2327 1228 2365 neque
1253 2312 1397 2365 procul
1424 2311 1588 2350 distare.

140 2363 360 2424 Astroruu}
377 2394 480 2421 vero
499 2389 632 2421 motus
653 2383 762 2421 celer
781 2383 961 2434 quidem,
983 2382 1057 2420 sed
1078 2383 1198 2433 longe
1217 2380 1438 2419 remotior:
1469 2380 1589 2417 lunae

140 2453 311 2505 propior
330 2449 507 2502 quidem,
526 2449 597 2487 sed
616 2450 778 2489 tardus:
801 2457 1020 2502 utrumque
1032 2456 1227 2501 quantum
1244 2448 1338 2487 satis
1357 2445 1589 2499 deprehen-

143 2521 254 2559 ditur
270 2521 314 2558 in
331 2519 430 2557 sole.
464 2517 589 2567 Quod
599 2523 732 2556 autem
751 2532 842 2557 cum
859 2519 949 2571 ipso
969 2519 1054 2557 sole
1074 2517 1274 2555 maximus
1296 2516 1405 2554 calor
1423 2515 1590 2563 exsistit,

142 2588 187 2627 id
206 2588 355 2627 rationi
375 2599 543 2638 prorsus
566 2592 875 2625 consentaneum
899 2592 971 2634 est,
1001 2585 1112 2623 cuius
1133 2585 1195 2624 rei
1212 2583 1518 2623 similitudinem
1539 2582 1590 2621 ab

142 2656 192 2695 iis
212 2655 511 2707 depromimus,
544 2666 646 2705 quae
665 2654 773 2705 apud
793 2668 867 2692 nos
885 2653 978 2693 fieri
997 2653 1142 2692 solent.
1200 2653 1306 2691 Nam
1328 2652 1395 2690 hic
1414 2664 1591 2704 quoque,

144 2723 299 2775 quoties
319 2724 363 2762 vi
381 2721 532 2774 aliquid
552 2721 724 2773 rapitur,
753 2722 910 2761 vicinus
930 2725 1000 2760 aer
1021 2719 1197 2760 ma’xime
1222 2720 1372 2760 calidus
1391 2719 1593 2766 redditur,

143 2790 318 2843 id-quod
343 2797 454 2829 recte
483 2790 552 2840 fit,
589 2790 914 2843 quandoquidem
938 2790 1058 2829 solidi
1086 2796 1220 2830 motus
1248 2793 1387 2829 aerem
1417 2788 1594 2826 maxime

144 2859 326 2899 secernit.
383 2862 450 2897 21.
478 2860 656 2912 Propter
674 2859 779 2898 hanc
799 2859 924 2911 igitur
944 2872 1102 2898 causam
1131 2860 1241 2899 calor
1259 2857 1312 2898 nd
1329 2857 1440 2895 hunc
1457 2856 1593 2895 locum
