1812 3158
357 368 447 411 388
567 372 1008 414 COMMENTARIUS
1036 374 1096 412 IN
1122 374 1523 414 METEOROLOG.

357 483 619 536 βορείοιςε.ε1;
642 483 759 533 paulo
787 487 898 533 post:
937 479 984 521 οὗ
1012 481 1155 534 γίνεται
1185 477 1210 532 ἣ
1241 478 1455 528 ἀνάκλασις
1494 480 1571 524 ὑπὸ
1606 487 1676 537 γῆν
1706 483 1747 524 ἐν

358 548 487 602 τούτῳ
516 545 637 598 οὔσης
663 548 734 597 τῆς
754 543 1082 598 ἀναθυμιάσεως,
1113 544 1201 586 οὐδ’
1226 545 1305 600 ἄρα
1323 546 1422 600 πρὸς
1439 547 1508 588 τὸν
1536 548 1646 601 ἥλιον
1670 547 1747 589 ὑπὸ

358 617 428 666 γῆν
456 611 551 652 ὄντα
580 609 657 651 οὔτ’
691 609 738 651 ἂν
766 611 931 663 πλησίον
958 606 984 665 ᾖ
1011 615 1084 652 τοῦ
1113 612 1246 653 νοτίου
1271 613 1439 667 με’ρους,
1471 613 1549 655 οὔτ’
1578 613 1625 654 ἂν
1653 613 1751 666 πόρ-

360 695 417 729 ρω
437 676 537 729 πρὸς
564 683 650 724 ταῖς
672 680 850 731 θεριναῖς
869 683 1047 731 τροπαῖς.
1078 679 1127 719 G.
1145 681 1237 731 legit
1254 683 1441 734 τροπικῷ,
1469 682 1519 720 ad
1536 682 1642 732 quod
1659 695 1754 732 sup-

358 745 546 796 plendum
573 751 704 783 censet
731 742 891 798 βορείῳ.

468 813 506 849 5.
536 808 583 849 οὗ
602 824 676 861 pro
699 807 794 849 οὐδέ
816 811 1004 850 exhibent
1021 814 1068 850 F.
1087 813 1140 850 H.
1161 813 1214 851 N.
1248 833 1297 839 --
1327 810 1519 862 λαμβάνει
1547 827 1622 865 pro
1652 814 1755 863 λαμ-

358 874 492 927 βάνειν
514 881 562 915 Α.
579 878 685 916 Cam.
705 878 772 915 Er.
800 865 877 929 γ-ρ..
903 874 1094 927 λαμβάνει
1123 879 1209 917 Cas.
1238 901 1292 908 —
1331 878 1578 932 περιφέρειαν
1605 879 1756 930 signifi—

359 950 420 980 cat
438 942 696 994 peripheriae,
726 956 840 992 quam
859 943 913 981 ita
935 944 1066 982 dicere
1087 945 1256 982 solemus
1275 953 1439 996 partem,
1467 947 1551 985 sive
1577 959 1756 991 arcum,

360 1010 497 1060 τμῆμα
525 1010 595 1048 τοῦ
623 1006 781 1048 κύκλου.
814 1032 863 1037 -—-
920 1010 1076 1048 Deinde
1099 1007 1221 1063 μέρος
1247 1012 1318 1049 τοῦ
1347 1006 1460 1062 ἡλίου
1489 1023 1606 1062 supra
1628 1011 1756 1062 posito

363 1071 521 1113 κύκλου.

474 1145 511 1179 6.
542 1139 775 1190 συμπίπτειν
794 1142 844 1178 Ν.
861 1162 907 1169 -
937 1138 989 1179 τὰ
1010 1140 1053 1180 δὲ
1069 1141 1192 1193 χωρίς
1213 1143 1354 1181 omisso
1374 1141 1443 1180 καί
1457 1142 1628 1181 F.H.N.
1650 1142 1758 1179 Cam.

361 1208 405 1244 P.
428 1208 465 1244 S.
482 1207 565 1244 Cas.
585 1228 639 1236 -
667 1207 821 1244 Deinde
840 1208 884 1244 F.
905 1208 1050 1245 omittit
1073 1200 1154 1245 οὗν.
1176 1230 1230 1237 --
1259 1204 1473 1260 ἑωράμενοι
1493 1222 1564 1259 pro
1586 1203 1760 1256 α’,μμένοι

363 1272 549 1310 exhibent
569 1275 615 1311 F.
637 1273 689 1310 H.
711 1273 762 1310 N.
792 1295 841 1300 -
877 1272 943 1310 Ad
963 1273 1085 1310 verba
1108 1268 1191 1310 εἶτα
1288 1301 1298 1310 .
1328 1271 1516 1318 πολλάκις
1543 1274 1614 1310 cfr.
1634 1273 1759 1310 Plin.

362 1335 522 1374 Histor-
541 1345 680 1375 natur.
700 1339 755 1382 11,
767 1341 839 1375 23:
861 1338 1100 1375 Aristoteles
1119 1339 1250 1375 tradit
1271 1347 1310 1376 et
1324 1339 1465 1387 plures
1484 1338 1608 1375 simul
1624 1350 1762 1374 eorum

365 1405 502 1440 cerni.-
538 1404 694 1441 nemini
723 1410 970 1451 compertum
999 1404 1140 1451 alteri,
1179 1411 1379 1453 quantum
1404 1404 1590 1454 equidem
1617 1404 1762 1439 sciam.

365 1470 444 1507 Adi
462 1475 601 1516 tamen,
630 1481 727 1518 quae
745 1467 927 1505 disseruit
948 1469 1247 1507 Harduinus
1275 1469 1325 1506 ad
1345 1469 1421 1507 h.l.
1446 1482 1485 1519 p.
1509 1473 1600 1507 180.

475 1539 514 1574 7.
547 1531 678 1584 ἔχουσι
703 1547 777 1583 pro
804 1530 958 1582 ἴσχουσι
983 1536 1028 1572 F.
1051 1535 1102 1572 H.
1125 1535 1178 1573 N.
1201 1535 1250 1573 A.
1268 1535 1375 1572 Cam.
1395 1536 1461 1572 Er.
1483 1536 1522 1573 S.
1540 1536 1624 1573 Cas.
1664 1532 1698 1570 A
1713 1547 1764 1570 e-

366 1599 536 1650 schyli
566 1613 708 1637 nomen
740 1612 819 1636 non
843 1600 1044 1649 reperitur
1071 1600 1114 1637 in
1141 1605 1277 1638 vetere
1305 1600 1393 1638 cod.
1413 1600 1613 1646 Morellii‚
1641 1611 1767 1650 neque

367 1668 414 1704 ab
437 1666 648 1703 Aristotele
676 1665 779 1702 illius
808 1664 888 1702 viri
915 1663 1002 1702 11.1.
1032 1666 1179 1703 mentio
1205 1666 1346 1704 iniecta
1372 1679 1454 1704 esse
1476 1666 1654 1714 videtur,
1678 1677 1767 1702 cum

368 1733 400 1769 si
425 1732 468 1769 id
495 1732 668 1776 fecisset,
697 1744 777 1768 non
795 1737 883 1768 ante
909 1729 978 1768 sed
1006 1737 1094 1781 post
1121 1738 1469 1770 commemoratum
1489 1732 1768 1781 Hippocratem

367 1798 494 1847 aptius
515 1803 615 1834 esset
633 1797 791 1834 factum.
852 1797 938 1845 Qua
958 1797 1111 1834 ratione
1131 1797 1320 1835 adductus
1342 1812 1451 1845 sum,
1479 1803 1523 1835 ut
1542 1796 1663 1835 verba
1686 1793 1768 1833 Αἷ-

369 1859 512 1912 σχὺλος
532 1860 595 1900 καὶ
616 1863 722 1899 uncis
741 1862 995 1899 secluderem.
1008 1882 1060 1890 —
1093 1863 1288 1912 Deinceps
1308 1870 1397 1900 ante
1418 1860 1544 1912 κόμης
1562 1861 1770 1899 articulum

367 1928 518 1964 addunt
540 1928 586 1964 A.
609 1928 715 1965 cam.
733 1928 801 1964 Er.
819 1927 862 1963 P.
885 1928 925 1963 S.
947 1948 1000 1956 —-
1034 1927 1166 1965 Verba
1190 1929 1260 1965 νῦν
1290 1925 1331 1965 (5²
1355 1924 1491 1971 οὐθεὶς
1516 1920 1640 1965 ὦπται
1662 1921 1772 1976 παρὰ

369 1990 463 2039 τοὺς
490 1990 600 2030 πέντε
630 1989 800 2043 ἀστέρας
827 2004 906 2028 non
924 1992 1139 2040 scripsisset
1155 1989 1283 2030 Arist.
1305 1995 1337 2030 si
1363 1998 1455 2043 post
1481 1990 1770 2043 Hipparchi

370 2065 551 2109 tempora
580 2058 764 2104 vixisset,
809 2056 858 2093 de
884 2070 960 2107 quo
998 2058 1200 2095 Plinius
1238 2060 1400 2096 Hister.
1431 2065 1570 2095 natur.
1607 2057 1665 2104 II,
1694 2055 1769 2094 24:

369 2125 482 2162 Idem
507 2123 784 2172 Hipparchus,
804 2136 1014 2172 nunquam
1032 2124 1138 2159 satis
1156 2123 1353 2160 laudatus
1372 2145 1427 2151 -—
1445 2143 1499 2149 --
1512 2135 1660 2159 novam
1676 2120 1773 2158 stel—

371 2191 456 2227 lam
474 2198 513 2226 et
531 2190 661 2225 (ctiam
683 2191 727 2225 in
746 2202 845 2225 aevo
863 2202 935 2224 suo
954 2190 1145 2238 genitam
1164 2189 1454 2237 deprehendit:
1473 2189 1634 2237 eiusque
1650 2193 1772 2234 motu,

373 2269 457 2306 qua
477 2255 543 2292 die
564 2251 687 2306 fulsit
714 2254 773 2291 ad
798 2253 1099 2291 dubitationem
1124 2260 1184 2289 est
1205 2253 1429 2300 adductus,
1461 2266 1565 2289 anne
1585 2251 1660 2288 hoc
1679 2264 1774 2287 sae-

366 2323 463 2369 pius
487 2320 614 2372 fieret
623 2346 636 2363 ‚
680 2325 1010 2368 moverenturque
1037 2326 1076 2354 et
1102 2332 1194 2367 eae,
1233 2332 1339 2369 quas
1366 2326 1564 2367 putamus·
1594 2316 1771 2367 adfixas.

371 2388 435 2424 De
456 2384 526 2422 hac
544 2385 654 2422 stella
673 2390 713 2421 et
731 2384 921 2421 similibus
946 2384 1017 2421 cfr.
1039 2385 1084 2421 la
1102 2385 1207 2422 Lan
1220 2384 1278 2422 de
1297 2374 1466 2422 Astron.
1486 2384 1519 2432 ξ.
1531 2385 1607 2421 786
1619 2394 1703 2431 sqq.
1723 2401 1774 2408 --

371 2451 627 2501 Koenigm.
661 2446 806 2499 Geogr.
825 2449 956 2486 Arist.
976 2463 1014 2500 p.
1035 2450 1100 2487 64.
1220 2449 1316 2489 ..164-
1346 2450 1415 2487 νῦν
1435 2449 1603 2498 ellipticc
1622 2460 1695 2497 pro
1722 2445 1776 2491 εἷς

371 2514 417 2555 τὸ
436 2518 504 2555 νῦν
524 2517 695 2566 positum
715 2528 797 2552 esse
817 2521 958 2552 censet.
997 2514 1075 2552 Sed
1095 2455 1480 2567 emendelen
1490 2513 1528 2550 b.
1553 2513 1603 2549 ad
1620 2510 1775 2549 Arist.

373 2582 421 2618 de
439 2583 564 2619 anim.
580 2583 630 2628 H,
645 2584 679 2628 1,
691 2583 728 2618 8.
740 2594 778 2630 p.
789 2583 880 2618 335.
894 2601 945 2607 —
958 2580 1146 2629 Quinque
1164 2581 1293 2618 stellas
1309 2583 1486 2618 recenset
1504 2578 1675 2624 exceptis
1693 2575 1775 2612 sole

374 2652 413 2684 et
427 2647 527 2694 luna,
539 2652 583 2683 ut
600 2659 715 2696 saepe
735 2646 826 2682 alias
845 2645 892 2682 ab
911 2646 998 2695 ipso
1010 2646 1224 2683 Aristotele
1245 2646 1402 2695 aliisque
1412 2644 1561 2692 factum
1581 2639 1775 2688 videmus,

374 2712 500 2750 veluti
517 2725 540 2749 a
558 2713 627 2749 Ge
639 2711 767 2747 mino
801 2711 968 2760 Isagog.
989 2724 1018 2747 c.
1043 2714 1061 2747 1
1078 2723 1089 2748 :
1120 2708 1186 2747 καὶ
1205 2709 1284 2746 τῶν
1302 2704 1413 2744 πέντε
1433 2701 1642 2755 πλανήτων
1660 2702 1775 2744 ἄστε’-

375 2789 455 2826 ρων
483 2773 557 2820 τὰς
583 2771 750 2825 κινήσεις
775 2781 813 2813 et
840 2788 935 2812 mox
952 2775 1050 2813 ibid.
1070 2768 1310 2825 στηριγμούς
1341 2769 1403 2808 ἐπὶ
1431 2772 1511 2808 τῶν
1531 2769 1552 2808 ἐ
1565 2768 1774 2821 πλανήτων
