1812 3158
469 387 694 427 LIBRUM
723 385 967 427 PRIMUM.
1023 385 1145 429 CAR.
1175 386 1245 427 111.
1486 378 1584 423 359

135 504 213 555 βος
239 500 316 556 μὲν
342 499 479 542 τοίνυν
508 497 671 554 ἀγαθὸν
702 497 931 553 (summum
951 496 1131 552 bonum)
1164 493 1271 539 εἶναί
1286 513 1388 554 φησι
1415 497 1463 540 τὸ
1489 499 1586 552 χαί-

137 585 221 625 ρειν
249 572 348 610 πᾶσι
379 566 496 626 ζῴοις
523 567 590 608 καὶ
619 564 695 621 τήν
722 563 875 627 ᾖδονὴν
903 566 969 608 καὶ
989 565 1136 622 τέρψιν
1165 565 1232 608 καὶ
1252 563 1332 608 ὅσα
1351 570 1425 608 τοῦ
1444 565 1586 622 γε’νους

138 637 223 678 ἐστὶ
253 633 405 678 τούτου
434 633 646 690 ξύμφωνα,
675 637 744 676 ubi
764 637 862 676 vide
891 637 1195 676 Stallbaum.
1222 658 1280 666 —-
1315 639 1377 678 Ita
1402 650 1527 690 supra
1552 639 1584 687 Ι,

138 709 187 756 3,
228 706 280 745 14
330 700 539 758 ῦπερβολὴ
582 701 660 758 γὰρ
697 705 862 763 θερμοῦ
907 702 974 744 καὶ
1013 698 1101 744 οἷον
1137 701 1241 754 ζίσις
1277 700 1362 745 ἐστὶ
1398 701 1447 745 τὸ
1485 706 1581 760 πῦρ.

137 774 300 814 Deinde
330 770 418 813 διὰ
450 769 548 812 τίν’
584 771 762 813 αῗτίαν
801 770 861 812 δέ
884 773 938 813 A.
960 773 1072 812 Cam.
1092 774 1137 812 P.
1154 774 1227 812 Er.
1251 773 1292 813 S.
1314 773 1402 813 Cas.
1460 773 1583 824 Quod

138 842 212 881 etsi
230 841 322 881 fieri
341 847 495 894 potest,
524 847 570 880 ut
589 837 638 880 δέ
657 847 748 894 post
763 842 929 880 tertium
948 847 1187 892 quartumve
1207 841 1452 881 vocabulum
1473 842 1584 880 loce.-

138 915 206 948 tur
235 906 339 961 (qua
364 909 414 947 de
438 923 486 948 re
512 909 585 948 cfr.
615 908 791 962 Poppo
821 911 871 949 de
897 910 1044 949 elocut.
1069 909 1251 961 Thucyd.
1280 913 1429 962 p.302.
1459 912 1579 950 Bor-

135 990 356 1015 nemann
385 976 436 1015 ad
466 976 710 1029 Xenoph.
741 976 878 1016 Anah.
898 979 968 1024 ΠΙ,
990 981 1028 1025 2,
1049 981 1090 1028 7,
1117 984 1165 1017 ut
1183 982 1323 1030 po'eStas
1345 984 1508 1027 taceam,
1532 977 1583 1017 de

136 1044 280 1096 quibus
308 1045 558 1084 Meineke
594 1045 645 1083 ad
675 1045 942 1085 Menandr.
972 1058 1015 1097 p.
1037 1048 1078 1084 7.
1137 1045 1259 1084 Adde
1290 1059 1391 1098 quos
1417 1046 1583 1085 laudant

135 1115 460 1152 Bornemann
489 1114 516 1151 l.
549 1113 577 1151 1.
617 1111 933 1164 Bernhardy
959 1112 1012 1150 ad
1039 1113 1259 1165 Dionys.
1299 1114 1465 1166 Perieg.
1486 1117 1582 1153 387.

135 1194 176 1232 p.
201 1179 299 1233 620)
331 1181 444 1219 nolui
465 1186 599 1219 tamen
620 1194 642 1219 a
661 1180 780 1219 codd.
795 1179 885 1218 fide
905 1180 1113 1227 recedere,
1136 1194 1229 1219 cum
1248 1180 1351 1220 nihil
1371 1181 1412 1220 h.
1432 1183 1460 1220 l.
1475 1181 1582 1220 inter

95 1291 97 1293 ,
134 1254 348 1300 utramque
366 1248 582 1286 lectionem
606 1248 767 1286 intersit
793 1247 1056 1298 discriminis,
1098 1248 1150 1287 de
1177 1263 1258 1301 quo
1287 1248 1386 1288 vide
1415 1249 1582 1288 Stall-

135 1315 277 1354 baum
306 1315 358 1354 ad
385 1316 582 1355 Platon.
612 1315 776 1355 Plzc'leb.
806 1330 845 1369 p.
871 1319 950 1363 90,
991 1317 1112 1355 etiam
1135 1317 1281 1356 latinae
1305 1317 1468 1369 linguae
1497 1330 1581 1356 non

133 1383 314 1427 oblitum.
347 1407 398 1412 —
439 1379 569 1423 ὄντων
598 1380 758 1423 ἐκείνων
796 1398 850 1423 sc.
879 1386 962 1424 τῶν
986 1380 1173 1438 ἄστρων,
1221 1385 1356 1423 minus
1383 1391 1581 1434 accurate,

133 1465 226 1490 cum
253 1447 368 1503 ἣλιος
405 1458 562 1490 tantum
588 1453 879 1504 praecesserit,
916 1466 1036 1505 quem
1067 1453 1198 1491 solum
1231 1454 1580 1503 commemoravit,

132 1534 224 1559 cum
243 1520 475 1571 potissimus
493 1521 544 1559 sit
564 1520 709 1559 caloris
731 1527 885 1560 auctor.
942 1522 1029 1561 Cfr.
1050 1520 1100 1558 de
1119 1521 1236 1558 caelo
1257 1524 1307 1570 H,
1319 1525 1357 1560 7.
1378 1534 1417 1572 p.
1430 1524 1580 1569 288,a:

131 1588 215 1627 τῶν
244 1583 328 1626 ἄνω
358 1585 528 1627 ἕκαστον
558 1586 601 1627 ἐν
629 1590 680 1642 τῇ
712 1587 870 1645 σφαίρᾳ
899 1586 1088 1643 φέρεται,
1140 1584 1243 1627 ὥστ’
1279 1584 1385 1627 αὐτὰ
1409 1586 1487 1640 μὲν
1515 1586 1582 1628 ἐκ·

132 1655 384 1707 πυροῦσθαι,
412 1656 486 1694 τοῦ
506 1651 548 1693 ‹5’
569 1652 690 1708 ἀέρος
706 1650 785 1695 ὑπὸ
810 1654 886 1708 τὴν
914 1656 989 1695 τοῦ
1017 1656 1208 1695 κυκλικοῦ
1237 1652 1430 1707 σώματος
1458 1659 1583 1711 σφαῖ-

134 1735 211 1775 ραν
240 1718 360 1767 ὄντος
380 1718 533 1774 ἀνάγκη
555 1720 783 1776 φερομένης
801 1721 954 1776 ἐκείνης
971 1720 1333 1776 ἐκθερμαίνεσθαι,
1363 1723 1430 1764 καὶ
1450 1721 1583 1779 ταύτῃ

132 1784 314 1841 μάλιστα
343 1780 370 1844 ᾗ
400 1783 421 1828 ὃ
449 1786 565 1841 ἣλιος
595 1787 809 1842 τετύχηκεν
836 1788 1115 1842 ἐκδεδεμένος·
1163 1788 1228 1831 διὸ
1258 1789 1309 1844 δὴ
1336 1789 1582 1845 πλησιάζον-

132 1853 204 1903 τός
230 1871 274 1896 τε
303 1854 432 1896 αὐτοῦ
461 1856 527 1897 καὶ
557 1854 796 1909 ἀνίσχοντος
829 1858 895 1898 καὶ
929 1854 1031 1913 ῦπὲρ
1066 1854 1177 1911 ἡμᾶς
1215 1856 1335 1907 ὄντος
1369 1859 1520 1914 γίνεται
1555 1855 1581 1912 ἦ

132 1920 357 1978 θερμότης.

246 1995 312 2031 20.
358 1991 571 2032 Adverba
601 1990 735 2034 ὥστε
774 1992 860 2034 καὶ
900 1991 963 2034 τὰ
1003 1991 1274 2049 φερόμενα
1310 1991 1580 2048 τηκόμενα

132 2058 430 2114 φαίνεσθαι
459 2057 718 2109 πολλάκις
756 2063 990 2102 conferatur
1021 2064 1134 2102 locus
1160 2064 1490 2103 Aristotelis
1530 2065 1581 2103 de

132 2130 252 2167 caelo
280 2130 339 2176 II,
361 2131 402 2167 7.
432 2142 473 2180 p.
496 2133 592 2177 289,
614 2143 658 2171 a.
697 2131 768 2169 ubi
798 2131 849 2170 de
869 2132 1050 2171 siderum
1082 2138 1228 2171 natura
1261 2133 1440 2182 locutus,
1481 2133 1581 2172 haec

133 2196 206 2234 ait:
246 2190 272 2246 ἦ
306 2192 350 2234 δὲ
378 2192 590 2250 θερμότης
621 2195 694 2236 ἀπ’
729 2195 865 2239 αὐτῶν
894 2199 961 2251 καὶ
989 2195 1036 2239 τὸ
1067 2201 1157 2253 φῶς
1183 2198 1331 2252 γίνεται
1363 2214 1581 2254 παρεκτρι-

133 2259 311 2312 βομένου
339 2265 412 2301 τοῦ
442 2260 561 2316 ἀέρος
585 2260 664 2304 ὑπὸ
696 2268 769 2317 τῆς
797 2265 956 2306 ἐκείνων
985 2268 1135 2321 φορᾶς.
1175 2264 1327 2319 πέφυκε
1352 2264 1430 2321 γὰρ
1462 2263 1489 2319 ἡ
1519 2266 1579 2307 κί-

133 2341 249 2380 νησις
278 2326 476 2381 ἐκπυροῦν
507 2330 574 2369 καὶ
603 2329 706 2378 ξύλα
735 2333 801 2372 καὶ
826 2333 973 2380 λίθους
1000 2332 1066 2373 καὶ
1089 2333 1287 2386 σίδηρον(
1309 2331 1581 2388 εὐλογώτερον
1623 2336 1625 2339 ⁴

135 2389 207 2435 οὖν
234 2393 281 2435 τὸ
316 2393 525 2449 ἐγγύτερον
554 2401 628 2437 τοῦ
655 2396 804 2453 πυρός,
835 2398 1046 2453 ἐγγύτερον
1076 2399 1121 2439 δὲ
1151 2396 1272 2453 ὃάὴρ
1302 2397 1389 2441 οἷον
1417 2402 1482 2441 καὶ
1514 2401 1578 2441 ἐπὶ

134 2465 216 2503 τῶν
246 2462 481 2517 φερομένων
516 2466 672 2515 βελῶν·
722 2470 851 2507 ταῦτα
887 2466 966 2521 γὰρ
1006 2465 1111 2507 αὐτὰ
1150 2466 1394 2521 ἐκπυροῦται
1431 2466 1576 2520 οὕτως,

135 2528 238 2571 ὥστε
270 2529 470 2583 τήκεσθαι
499 2529 574 2578 τὰς
598 2533 853 2585 μολυβδίδας
882 2534 948 2574 καὶ
979 2534 1137 2589 ἐπείπερ
1177 2534 1282 2576 αὐτὰ
1318 2535 1578 2591 ἐκπυροῦται,

136 2597 288 2653 ἀνάγκη
334 2598 401 2639 καὶ
439 2596 513 2638 τὸν
549 2598 685 2655 κύκλῳ
726 2600 862 2642 αὐτῶν
900 2599 1003 2656 ἀέρα
1037 2600 1085 2642 τὸ
1115 2601 1215 2643 αὐτὸ
1243 2606 1366 2644 τοῦτο
1394 2600 1576 2656 πάσχειν.

134 2669 314 2707 Eandem
334 2682 437 2714 rem,
460 2668 614 2706 nemini
632 2670 907 2709 recentiorum
925 2671 1239 2722 comprobatam,
1256 2673 1442 2712 referunt
1458 2674 1575 2712 etiam

139 2736 425 2775 Lucretius
455 2733 522 2788 (de
539 2750 622 2774 rer.
646 2744 788 2775 natur.
809 2739 890 2787 VI,
915 2742 994 2778 178
1017 2737 1120 2791 sq.):

364 2826 422 2833 -—
478 2826 534 2833 —-
590 2825 645 2832 —-
703 2804 902 2843 Plumbea
930 2820 1026 2844 vero

253 2870 385 2909 Glans
408 2874 538 2908 etiam
567 2871 690 2923 longo
723 2887 846 2911 cursu
874 2874 1085 2912 volvunda
1114 2875 1328 2927 liquescit:
