1820 3158
598 341 1023 386 PRAEFATIO.
1474 341 1542 382 IX

96 468 373 502 transeamus.
431 456 598 509 Quodsi
634 459 764 514 igitur
800 455 1141 513 Meteorologica
1174 454 1400 498 Aristoteli
1440 469 1541 511 sup-

93 531 233 586 posita
261 537 381 580 sunt,
423 527 469 570 id
496 526 837 570 Ptolemaeorum
876 542 982 568 aevo
1020 527 1177 568 factum
1213 540 1308 567 esse
1346 539 1542 566 necessa-

93 601 206 641 rium
227 598 363 649 foret,
394 612 475 654 quo
505 605 671 639 constat
700 606 887 654 tempore
917 588 1110 652 plurima
1125 596 1408 637 recentiorum
1437 594 1543 634 scri-

94 678 166 725 pta
195 677 344 710 ornata
372 667 507 710 fuisse
538 676 728 709 veterum
758 676 978 709 auctorum
1007 665 1277 716 nominibus,
1325 678 1408 719 quo
1437 662 1542 704 faci-

93 737 179 780 lius
207 738 421 794 plurisque
450 738 750 789 venderentur,
782 746 888 778 teste
920 734 1126 778 Galeno
1145 735 1231 789 2⁶).
1286 732 1427 788 Atque
1457 733 1541 773 duo

95 809 262 864 quidem
293 809 475 863 proponi
512 815 691 865 possunt
720 815 992 863 argumenta,
1041 819 1124 861 quo
1155 804 1237 846 hoc
1265 817 1312 844 re
1343 816 1446 843 vera
1473 801 1541 842 fa·-

92 886 204 919 ctum
230 891 325 919 esse
346 876 519 932 probari
548 884 689 932 queat,
719 875 898 918 alterum
928 876 1040 932 quod
1072 872 1541 915 Eratostheni‘vix

92 956 196 989 nota
231 947 366 988 fuisse
412 947 610 988 videntur
649 944 988 1001 Meteorologica
1019 944 1116 999 ²⁷);
1175 942 1380 995 alterum,
1429 942 1541 998 quod

92 1025 313 1072 tantopere
342 1030 368 1057 a
396 1014 585 1072 partibus
614 1015 826 1057 Herodoti
853 1023 959 1066 stet,
1004 1015 1124 1055 euius
1161 1014 1264 1070 ipsis
1294 1011 1448 1060 verbis
1475 1013 1541 1053 in-

93 1087 258 1143 terdum
288 1087 434 1127 utitur.
498 1086 624 1127 Prius
662 1094 803 1127 tamen
843 1092 1139 1140 argumentum
1181 1097 1268 1125 non
1310 1082 1541 1124 admodum

91 1154 280 1197 validum
309 1163 395 1205 est,
425 1169 520 1206 cum
547 1157 644 1211 ipsa
674 1154 972 1196 Eratosthenis
1003 1153 1307 1210 Geographica
1333 1166 1419 1194 non
1452 1166 1540 1195 am-

89 1221 200 1281 plius
238 1223 500 1266 habeamus:
561 1223 739 1266 alterum
777 1225 878 1267 inde
917 1232 1058 1280 potest
1093 1222 1258 1274 refelli,
1299 1224 1412 1279 quod
1439 1221 1542 1264 libri

89 1295 224 1340 nostri
262 1302 360 1335 ante
387 1293 628 1337 Alexandri
669 1292 986 1351 expeditionem
1026 1287 1173 1335 contra
1202 1293 1355 1334 Persas
1385 1294 1542 1348 scripta

88 1372 210 1416 sunt,
241 1365 354 1421 quod
382 1379 438 1406 ex
466 1367 571 1422 ipsis
601 1373 739 1421 potest
769 1364 960 1421 probari.
1019 1362 1131 1406 Nam
1162 1377 1268 1419 quae
1299 1363 1351 1404 de
1382 1361 1540 1418 Caspio

87 1435 197 1476 mari
225 1434 352 1476 tradit
374 1436 441 1490 2⁸)
472 1445 514 1477 et
541 1435 663 1487 lacu,
704 1449 829 1490 quem
859 1449 972 1476 nunc
1000 1434 1192 1476 Aralsee
1222 1447 1427 1475 vocamus
1452 1434 1539 1488 ²⁹),

89 1518 142 1545 ea
170 1506 417 1560 scriptorem
456 1515 640 1562 arguunt
674 1506 758 1547 ista
789 1506 1060 1561 expeditione
1090 1505 1322 1545 maiorem:
1377 1504 1542 1544 accedit

89 1576 200 1631 quod
230 1576 326 1630 ipse
356 1582 503 1615 auctor
533 1573 691 1615 librum
721 1574 849 1631 paulo
874 1582 972 1630 post
992 1572 1155 1629 Ephesi
1176 1571 1379 1628 templum
1400 1572 1541 1613 Hero-

89 1646 211 1685 strati
243 1658 373 1685 manu
402 1643 669 1686 combustum
699 1646 903 1699 scriptum
933 1657 1028 1684 esse
1058 1643 1189 1683 refert
1209 1643 1299 1696 30):
1328 1655 1407 1683 neo
1438 1655 1541 1683 con-

178 1768 242 1810 26)
268 1766 507 1801 commentar.
536 1767 580 1800 ad
606 1765 900 1812 Hippocrat.
935 1769 977 1801 de
1001 1774 1114 1801 natur.
1134 1768 1254 1801 homin.
1280 1767 1313 1801 1.
1339 1778 1375 1811 p.
1403 1769 1457 1801 17.
1492 1767 1538 1800 11.

87 1839 122 1872 p.
150 1828 207 1862 18.
242 1827 349 1860 Tom.
372 1826 417 1861 V.
449 1826 507 1860 ed.
530 1826 615 1860 Bas.

178 1892 242 1938 27)
266 1893 465 1929 Comment.
488 1895 532 1928 ad
556 1895 593 1938 I,
621 1896 682 1938 13,
710 1895 764 1930 18.
808 1892 859 1928 At
881 1899 1007 1928 contra
1030 1899 1124 1929 stare
1151 1894 1296 1930 videtur
1320 1893 1538 1941 argumentis

85 1953 143 1998 iis,
168 1964 258 1998 quae
281 1952 355 1987 illic
379 1953 571 1997 attulimus,
597 1954 692 1998 quod
717 1954 885 1988 Strabo
907 1955 1018 1988 refert
1035 1953 1155 1988 XVII.
1179 1967 1214 1999 p.
1230 1955 1318 1989 1139
1333 1954 1384 1986 B:
1411 1949 1446 1986 εἶ
1466 1950 1538 1997 γὰρ

87 2009 162 2057 ἄρα
186 2007 284 2047 τοῦτ’
305 2007 411 2056 ἒχρῆν
431 2009 553 2055 ζητεῖν
575 2007 668 2056 ὅπερ
692 2016 754 2047 καὶ
771 2010 839 2047 νῦν
862 2012 916 2047 ἔτι
940 2010 1120 2057 ζητεῖται,
1143 2013 1181 2046 τί
1206 2008 1250 2056 δή
1275 2024 1364 2046 ποτε
1391 2012 1539 2057 θέρους,

85 2068 264 2114 χειμῶνος
288 2066 326 2104 δὲ
351 2065 418 2109 01‘1';
452 2075 514 2105 καὶ
538 2068 577 2105 ἐν
598 2071 674 2106 τοῖς
696 2068 955 2114 νοτιωτᾶτοις,
989 2070 1029 2106 ἓν
1053 2070 1090 2106 δὲ
1117 2069 1169 2115 τῷ
1198 2067 1376 2116 Θηβαΐδι,
1401 2073 1464 2104 καὶ
1491 2066 1541 2117 τῇ

84 2132 171 2175 περὶ
195 2127 342 2173 Συήνην
364 2126 407 2162 οὗ
433 2130 704 2173 συμπίπτουσιν
726 2128 887 2175 ὄμβρος,
922 2127 964 2164 τὸ
997 2127 1036 2164 δ’
1062 2127 1123 2165 ὅτι
1149 2130 1186 2169 ἐξ
1210 2128 1358 2174 ὄμβρων
1382 2123 1425 2162 αἱ
1446 2124 1540 2162 α’να-

85 2184 234 2231 edom,
267 2184 316 2231 μὴ
340 2185 462 2232 ζητεῖν
486 2185 580 2233 μηδὲ
608 2187 783 2223 τοιοῦτοψ
807 2185 958 2224 δεῖσθαι
980 2185 1193 2236 μαρτύρων,
1225 2186 1320 2222 οἵους
1343 2181 1540 2221 Ποσειδώ-

85 2256 160 2280 νιος
184 2246 315 2290 εἴρηκε.
365 2249 460 2291 Φησὶ
485 2245 554 2293 γὰρ
574 2246 816 2292 Καλλισθένη
857 2247 922 2292 (in
945 2249 1114 2283 versione
1139 2247 1383 2282 Eratosthenis
1406 2256 1539 2279 nomen

86 2306 283 2348 reperitur,
312 2306 407 2350 quod
433 2306 578 2341 videtur
600 2307 882 2351 restituendum)
908 2305 1027 2352 λέγειν
1049 2306 1118 2352 τὴν
1141 2306 1181 2342 ἐκ
1205 2304 1278 2341 τοῖν
1306 2303 1458 2350 ὄμβρων
1481 2299 1538 2336 αἶ-

88 2364 174 2397 τίαν
197 2361 271 2397 τῶν
288 2361 462 2407 θερινῶν,
483 2362 587 2409 παραὶ
606 2361 871 2408 ’.Αριστοτέλους
895 2361 1079 2411 λαβόντα·
1105 2364 1241 2400 ἐκεῖνον
1260 2362 1297 2398 δὲ
1318 2360 1422 2407 παρα1
1441 2364 1539 2404 Θρα-

87 2417 246 2456 avil-nov
265 2417 331 2454 τοῦ
356 2422 510 2456 Θασίου·
533 2420 622 2466 (τῶν
645 2419 805 2469 ἅρχαίων
831 2421 869 2458 δὲ
896 2422 1055 2469 φυσικῶν
1080 2422 1129 2458 εἷς
1152 2419 1308 2466 οὕτως’)
1338 2419 1476 2456 ἐκεῖνον
1499 2416 1537 2453 δὲ

84 2474 183 2524 παρ’
208 2476 322 2514 ἄλλον
345 2476 412 2513 τᾶν
436 2477 474 2514 δὲ
493 2477 577 2527 παρ’
597 2478 752 2527 Ὀμήρου
776 2479 988 2516 διῖπετέα
1013 2481 1213 2527 φάσκοντος
1231 2479 1296 2515 τὸν
1308 2478 1442 2517 Νεῖλον
1456 2479 1540 2523 (Od.

86 2534 146 2582 δ’,
172 2537 272 2581 581).
318 2537 430 2583 Atqui
454 2540 546 2573 hanc
571 2541 616 2574 de
638 2541 720 2575 Nilo
745 2541 1019 2586 disputationem
1044 2541 1082 2576 in
1104 2540 1400 2588 Meteorologicis
1418 2541 1539 2574 locum

86 2597 173 2631 olim
203 2597 271 2631 sibi
302 2597 506 2633 vindicasse
530 2598 684 2633 diximus
708 2601 754 2634 ad
776 2602 813 2644 Ι,
839 2602 904 2644 13,
927 2602 986 2634 21.

175 2665 238 2707 28)
264 2666 295 2709 Ι,
318 2668 375 2710 13,
399 2668 458 2710 29,
482 2669 541 2702 30.
570 2669 619 2711 11,
649 2670 684 2712 1,
714 2670 772 2703 10.

177 2724 241 2768 29)
264 2725 322 2768 11,
347 2728 389 2768 1,
416 2728 472 2759 10.

177 2781 240 2826 30)
266 2782 342 2826 ΙΙΙ,
366 2786 409 2827 1,
438 2787 500 2818 12:
543 2781 620 2819 οἷον
642 2788 705 2820 καὶ
729 2781 796 2820 νῖἶν
819 2786 1007 2832 συνέβαινε
1030 2789 1117 2833 περὶ
1139 2783 1232 2820 ναὸν
1255 2783 1322 2820 τὰν
1345 2782 1383 2818 ἐν
1406 2778 1538 2827 Ἐφέσῳ

86 2837 278 2885 καόμενον.
299 2839 470 2891 πολλαχῇ
495 2840 566 2890 γᾶρ
591 2841 616 2888 ἦ
641 2842 733 2890 φλὸξ
755 2842 899 2890 ἐφέρετο
923 2842 1091 2890 συνεχής,
1122 2841 1372 2887 α’ποσπωμένη
1395 2841 1516 2885 χωρίς.
