<?xml version="1.0" encoding="UTF-8"?>
<!DOCTYPE html PUBLIC "-//W3C//DTD XHTML 1.0 Transitional//EN"
    "http://www.w3.org/TR/xhtml1/DTD/xhtml1-transitional.dtd">
<html xmlns="http://www.w3.org/1999/xhtml" xml:lang="en" lang="en">
 <head>
  <title>
</title>
<meta http-equiv="Content-Type" content="text/html;charset=utf-8" />
  <meta name='ocr-system' content='tesseract 3.04.00' />
  <meta name='ocr-capabilities' content='ocr_page ocr_carea ocr_par ocr_line ocrx_word'/>
</head>
<body>
  <div class='ocr_page' id='page_1' title='image "./meteorologicorum01arisuoft_0085.png"; bbox 0 0 1820 3158; ppageno 0'>
   <div class='ocr_carea' id='block_1_1' title="bbox 109 347 1535 404">
    <p class='ocr_par' dir='ltr' id='par_1_1' title="bbox 109 347 1535 404">
     <span class='ocr_line' id='line_1_1' title="bbox 109 347 1535 404; baseline -0.003 -10"><span class='ocrx_word' id='word_1_1' title='bbox 109 357 325 404; x_wconf 82' lang='lat' dir='ltr'><strong>—p.348‚b.</strong></span> <span class='ocrx_word' id='word_1_2' title='bbox 351 358 514 393; x_wconf 77' lang='lat' dir='ltr'><strong>Bekk.—</strong></span> <span class='ocrx_word' id='word_1_3' title='bbox 570 359 721 399; x_wconf 89' lang='lat' dir='ltr'><strong>LIB.1.</strong></span> <span class='ocrx_word' id='word_1_4' title='bbox 751 357 1005 398; x_wconf 75' lang='lat' dir='ltr'><em>CARXIII.</em></span> <span class='ocrx_word' id='word_1_5' title='bbox 1056 353 1226 400; x_wconf 74' lang='lat' dir='ltr'><strong>-p.334,</strong></span> <span class='ocrx_word' id='word_1_6' title='bbox 1242 355 1285 388; x_wconf 86' lang='lat'><em>11.</em></span> <span class='ocrx_word' id='word_1_7' title='bbox 1302 353 1426 389; x_wconf 80' lang='lat' dir='ltr'><strong>Cas.-</strong></span> <span class='ocrx_word' id='word_1_8' title='bbox 1476 347 1535 391; x_wconf 77' lang='lat'><em>45</em></span> 
     </span>
    </p>
   </div>
   <div class='ocr_carea' id='block_1_2' title="bbox 109 465 1534 526">
    <p class='ocr_par' dir='ltr' id='par_1_2' title="bbox 109 465 1534 526">
     <span class='ocr_line' id='line_1_2' title="bbox 109 465 1534 526; baseline -0.006 -12"><span class='ocrx_word' id='word_1_9' title='bbox 109 473 217 523; x_wconf 77' lang='grc' dir='ltr'><em>δαΐα,</em></span> <span class='ocrx_word' id='word_1_10' title='bbox 247 472 313 514; x_wconf 80' lang='grc' dir='ltr'><em>καὶ</em></span> <span class='ocrx_word' id='word_1_11' title='bbox 343 475 418 526; x_wconf 74' lang='grc' dir='ltr'><em>τῆς</em></span> <span class='ocrx_word' id='word_1_12' title='bbox 447 469 572 525; x_wconf 76' lang='grc' dir='ltr'><em>αὐτῆς</em></span> <span class='ocrx_word' id='word_1_13' title='bbox 598 467 754 524; x_wconf 74' lang='grc' dir='ltr'><em>ἡμέρας</em></span> <span class='ocrx_word' id='word_1_14' title='bbox 780 467 997 520; x_wconf 79' lang='grc' dir='ltr'><strong><em>πολλάκις,</em></strong></span> <span class='ocrx_word' id='word_1_15' title='bbox 1034 467 1101 509; x_wconf 73' lang='grc' dir='ltr'><em>διὰ</em></span> <span class='ocrx_word' id='word_1_16' title='bbox 1131 466 1206 521; x_wconf 81' lang='grc' dir='ltr'><em>τὴν</em></span> <span class='ocrx_word' id='word_1_17' title='bbox 1236 465 1363 521; x_wconf 73' lang='grc' dir='ltr'><em>αὖτὴν</em></span> <span class='ocrx_word' id='word_1_18' title='bbox 1392 467 1534 508; x_wconf 81' lang='grc' dir='ltr'><em>αῗτίαν.</em></span> 
     </span>
    </p>
   </div>
   <div class='ocr_carea' id='block_1_3' title="bbox 108 534 1591 661">
    <p class='ocr_par' dir='ltr' id='par_1_3' title="bbox 108 534 1591 661">
     <span class='ocr_line' id='line_1_3' title="bbox 108 534 1591 596; baseline -0.005 -15"><span class='ocrx_word' id='word_1_19' title='bbox 108 547 178 581; x_wconf 92' lang='grc'><em>20.</em></span> <span class='ocrx_word' id='word_1_20' title='bbox 222 539 336 593; x_wconf 84' lang='grc' dir='ltr'><em>Ταχὺ</em></span> <span class='ocrx_word' id='word_1_21' title='bbox 365 539 442 596; x_wconf 75' lang='grc' dir='ltr'><em>γὰρ</em></span> <span class='ocrx_word' id='word_1_22' title='bbox 470 538 644 592; x_wconf 81' lang='grc' dir='ltr'><em>ψύχεται</em></span> <span class='ocrx_word' id='word_1_23' title='bbox 682 542 739 594; x_wconf 79' lang='grc' dir='ltr'><em>τῇ,</em></span> <span class='ocrx_word' id='word_1_24' title='bbox 761 535 1102 593; x_wconf 71' lang='grc' dir='ltr'><em>ἀντιπεριστάσει,</em></span> <span class='ocrx_word' id='word_1_25' title='bbox 1147 534 1172 589; x_wconf 72' lang='grc' dir='ltr'>ἢ</span> <span class='ocrx_word' id='word_1_26' title='bbox 1203 536 1349 590; x_wconf 72' lang='grc' dir='ltr'><em>γίνεται</em></span> <span class='ocrx_word' id='word_1_27' title='bbox 1379 534 1447 576; x_wconf 76' lang='grc' dir='ltr'><em>διὰ</em></span> <span class='ocrx_word' id='word_1_28' title='bbox 1475 534 1523 575; x_wconf 84' lang='grc' dir='ltr'><em>τὸ</em></span> <span class='ocrx_word' id='word_1_29' title='bbox 1536 540 1591 574; x_wconf 83' lang='lat'><em>20</em></span> 
     </span>
     <span class='ocr_line' id='line_1_4' title="bbox 109 597 1571 661; baseline -0.003 -14"><span class='ocrx_word' id='word_1_30' title='bbox 109 604 286 661; x_wconf 73' lang='grc' dir='ltr'><em>ἆλεεινὴν</em></span> <span class='ocrx_word' id='word_1_31' title='bbox 327 605 426 650; x_wconf 79' lang='grc' dir='ltr'><em>εἶναι</em></span> <span class='ocrx_word' id='word_1_32' title='bbox 463 605 559 660; x_wconf 83' lang='grc' dir='ltr'><em>τὴν·</em></span> <span class='ocrx_word' id='word_1_33' title='bbox 570 604 711 660; x_wconf 85' lang='grc' dir='ltr'><em>χώραν</em></span> <span class='ocrx_word' id='word_1_34' title='bbox 748 607 935 660; x_wconf 79' lang='grc' dir='ltr'><em>ἰσχυρῶς.</em></span> <span class='ocrx_word' id='word_1_35' title='bbox 994 605 1082 660; x_wconf 83' lang='grc' dir='ltr'><em>περὶ</em></span> <span class='ocrx_word' id='word_1_36' title='bbox 1120 603 1196 657; x_wconf 73' lang='grc' dir='ltr'><em>μὲν</em></span> <span class='ocrx_word' id='word_1_37' title='bbox 1224 597 1296 644; x_wconf 61' lang='grc' dir='ltr'><em>οὖν</em></span> <span class='ocrx_word' id='word_1_38' title='bbox 1322 601 1440 645; x_wconf 78' lang='grc' dir='ltr'><em>ὗετοῦ</em></span> <span class='ocrx_word' id='word_1_39' title='bbox 1469 602 1536 644; x_wconf 86' lang='grc' dir='ltr'><em>καὶ</em></span> <span class='ocrx_word' id='word_1_40' title='bbox 1567 625 1571 629; x_wconf 87' lang='lat'><em>-</em></span> 
     </span>
    </p>
   </div>
   <div class='ocr_carea' id='block_1_4' title="bbox 108 669 1547 1743">
    <p class='ocr_par' dir='ltr' id='par_1_4' title="bbox 108 669 1547 1743">
     <span class='ocr_line' id='line_1_5' title="bbox 110 669 1536 734; baseline -0.003 -19"><span class='ocrx_word' id='word_1_41' title='bbox 110 674 263 733; x_wconf 75' lang='grc' dir='ltr'><em>δρόσου</em></span> <span class='ocrx_word' id='word_1_42' title='bbox 291 677 358 717; x_wconf 82' lang='grc' dir='ltr'><em>καὶ</em></span> <span class='ocrx_word' id='word_1_43' title='bbox 386 676 550 730; x_wconf 79' lang='grc' dir='ltr'><em>νιφετοῦ</em></span> <span class='ocrx_word' id='word_1_44' title='bbox 579 674 646 715; x_wconf 86' lang='grc' dir='ltr'><em>καὶ</em></span> <span class='ocrx_word' id='word_1_45' title='bbox 682 671 838 727; x_wconf 84' lang='grc' dir='ltr'><em>πάχνης</em></span> <span class='ocrx_word' id='word_1_46' title='bbox 877 674 943 714; x_wconf 86' lang='grc' dir='ltr'><em>καὶ</em></span> <span class='ocrx_word' id='word_1_47' title='bbox 968 670 1170 726; x_wconf 77' lang='grc' dir='ltr'><em>χαλάζης,</em></span> <span class='ocrx_word' id='word_1_48' title='bbox 1208 669 1276 712; x_wconf 77' lang='grc' dir='ltr'><em>διὰ</em></span> <span class='ocrx_word' id='word_1_49' title='bbox 1302 670 1379 712; x_wconf 71' lang='grc' dir='ltr'><em>τίν’</em></span> <span class='ocrx_word' id='word_1_50' title='bbox 1404 671 1536 734; x_wconf 76' lang='grc' dir='ltr'><em>αἰτίαν</em></span> 
     </span>
     <span class='ocr_line' id='line_1_6' title="bbox 108 738 1397 796; baseline -0.004 -12"><span class='ocrx_word' id='word_1_51' title='bbox 108 743 255 796; x_wconf 73' lang='grc' dir='ltr'><em>γίνεται</em></span> <span class='ocrx_word' id='word_1_52' title='bbox 283 743 348 784; x_wconf 82' lang='grc' dir='ltr'><em>καὶ</em></span> <span class='ocrx_word' id='word_1_53' title='bbox 376 743 437 790; x_wconf 80' lang='grc' dir='ltr'><em>τίς</em></span> <span class='ocrx_word' id='word_1_54' title='bbox 463 738 489 795; x_wconf 81' lang='grc' dir='ltr'>ἡ</span> <span class='ocrx_word' id='word_1_55' title='bbox 516 739 638 796; x_wconf 83' lang='grc' dir='ltr'><em>φύσις</em></span> <span class='ocrx_word' id='word_1_56' title='bbox 667 740 801 782; x_wconf 76' lang='grc' dir='ltr'><em>αὐτῶν</em></span> <span class='ocrx_word' id='word_1_57' title='bbox 829 740 959 790; x_wconf 72' lang='grc' dir='ltr'><em>ἐστίν,</em></span> <span class='ocrx_word' id='word_1_58' title='bbox 997 738 1180 796; x_wconf 73' lang='grc' dir='ltr'><em>εἶρήσθω</em></span> <span class='ocrx_word' id='word_1_59' title='bbox 1203 743 1397 780; x_wconf 76' lang='grc' dir='ltr'><em>τοσαῦτα.</em></span> 
     </span>
     <span class='ocr_line' id='line_1_7' title="bbox 218 805 1538 864; baseline -0.005 -11"><span class='ocrx_word' id='word_1_60' title='bbox 218 814 340 853; x_wconf 82' lang='lat' dir='ltr'><strong>XIII.</strong></span> <span class='ocrx_word' id='word_1_61' title='bbox 383 810 487 864; x_wconf 85' lang='grc' dir='ltr'><em>Περὶ</em></span> <span class='ocrx_word' id='word_1_62' title='bbox 527 808 569 849; x_wconf 76' lang='grc' dir='ltr'><em>δ’</em></span> <span class='ocrx_word' id='word_1_63' title='bbox 602 807 762 861; x_wconf 76' lang='grc' dir='ltr'><em>ἀνέμων</em></span> <span class='ocrx_word' id='word_1_64' title='bbox 801 809 866 849; x_wconf 85' lang='grc' dir='ltr'><em>καὶ</em></span> <span class='ocrx_word' id='word_1_65' title='bbox 908 807 1070 850; x_wconf 84' lang='grc' dir='ltr'><em>πάντων</em></span> <span class='ocrx_word' id='word_1_66' title='bbox 1106 807 1369 861; x_wconf 81' lang='grc' dir='ltr'><em>πνευμάτων,</em></span> <span class='ocrx_word' id='word_1_67' title='bbox 1408 805 1464 847; x_wconf 60' lang='grc' dir='ltr'><em>ἔτι</em></span> <span class='ocrx_word' id='word_1_68' title='bbox 1494 805 1538 847; x_wconf 66' lang='lat' dir='ltr'><em>de*</em></span> 
     </span>
     <span class='ocr_line' id='line_1_8' title="bbox 109 873 1540 932; baseline -0.003 -12"><span class='ocrx_word' id='word_1_69' title='bbox 109 882 302 932; x_wconf 83' lang='grc' dir='ltr'><em>ποταμῶν</em></span> <span class='ocrx_word' id='word_1_70' title='bbox 339 879 406 920; x_wconf 86' lang='grc' dir='ltr'><em>καὶ</em></span> <span class='ocrx_word' id='word_1_71' title='bbox 444 875 658 930; x_wconf 76' lang='grc' dir='ltr'><em>θαλάττης</em></span> <span class='ocrx_word' id='word_1_72' title='bbox 696 875 889 931; x_wconf 75' lang='grc' dir='ltr'><em>λέγωμεν,</em></span> <span class='ocrx_word' id='word_1_73' title='bbox 948 878 1110 932; x_wconf 81' lang='grc' dir='ltr'><em>πρῶτον</em></span> <span class='ocrx_word' id='word_1_74' title='bbox 1148 876 1215 916; x_wconf 83' lang='grc' dir='ltr'><em>καὶ</em></span> <span class='ocrx_word' id='word_1_75' title='bbox 1254 875 1345 929; x_wconf 79' lang='grc' dir='ltr'><em>περὶ</em></span> <span class='ocrx_word' id='word_1_76' title='bbox 1381 873 1540 916; x_wconf 72' lang='grc' dir='ltr'><em>τούτων</em></span> 
     </span>
     <span class='ocr_line' id='line_1_9' title="bbox 108 941 1540 1001; baseline -0.003 -14"><span class='ocrx_word' id='word_1_77' title='bbox 108 945 468 1001; x_wconf 73' lang='grc' dir='ltr'><em>προαπορήσαντες</em></span> <span class='ocrx_word' id='word_1_78' title='bbox 495 942 599 999; x_wconf 86' lang='grc' dir='ltr'><em>πρὸς</em></span> <span class='ocrx_word' id='word_1_79' title='bbox 633 941 742 997; x_wconf 70' lang='grc' dir='ltr'><em>ἡμᾶς</em></span> <span class='ocrx_word' id='word_1_80' title='bbox 771 942 939 993; x_wconf 81' lang='grc' dir='ltr'><em>αὐτούς·</em></span> <span class='ocrx_word' id='word_1_81' title='bbox 982 942 1116 998; x_wconf 81' lang='grc' dir='ltr'><em>ὥσπερ</em></span> <span class='ocrx_word' id='word_1_82' title='bbox 1144 941 1220 997; x_wconf 78' lang='grc' dir='ltr'><em>γὰρ</em></span> <span class='ocrx_word' id='word_1_83' title='bbox 1250 943 1316 983; x_wconf 81' lang='grc' dir='ltr'><em>καὶ</em></span> <span class='ocrx_word' id='word_1_84' title='bbox 1346 943 1436 998; x_wconf 84' lang='grc' dir='ltr'><em>περὶ</em></span> <span class='ocrx_word' id='word_1_85' title='bbox 1466 941 1540 983; x_wconf 76' lang='grc' dir='ltr'><em>ἅλ-</em></span> 
     </span>
     <span class='ocr_line' id='line_1_10' title="bbox 110 1008 1539 1066; baseline -0.003 -11"><span class='ocrx_word' id='word_1_86' title='bbox 110 1017 215 1064; x_wconf 80' lang='grc' dir='ltr'><em>λων,</em></span> <span class='ocrx_word' id='word_1_87' title='bbox 275 1011 383 1061; x_wconf 71' lang='grc' dir='ltr'><em>οὕτω</em></span> <span class='ocrx_word' id='word_1_88' title='bbox 419 1013 484 1054; x_wconf 83' lang='grc' dir='ltr'><em>καὶ</em></span> <span class='ocrx_word' id='word_1_89' title='bbox 523 1011 614 1066; x_wconf 80' lang='grc' dir='ltr'><em>περὶ</em></span> <span class='ocrx_word' id='word_1_90' title='bbox 653 1010 810 1052; x_wconf 81' lang='grc' dir='ltr'><em>τούτων</em></span> <span class='ocrx_word' id='word_1_91' title='bbox 849 1010 975 1052; x_wconf 75' lang='grc' dir='ltr'><em>οὐθὲν</em></span> <span class='ocrx_word' id='word_1_92' title='bbox 1023 1009 1328 1066; x_wconf 75' lang='grc' dir='ltr'><em>παρειλήφαμεν</em></span> <span class='ocrx_word' id='word_1_93' title='bbox 1376 1008 1539 1065; x_wconf 72' lang='grc' dir='ltr'><em>λεγόμε-</em></span> 
     </span>
     <span class='ocr_line' id='line_1_11' title="bbox 110 1075 1540 1132; baseline -0.002 -10"><span class='ocrx_word' id='word_1_94' title='bbox 110 1097 180 1122; x_wconf 88' lang='grc' dir='ltr'><em>νον</em></span> <span class='ocrx_word' id='word_1_95' title='bbox 207 1084 417 1131; x_wconf 84' lang='grc' dir='ltr'><em>τοιοῦτον,</em></span> <span class='ocrx_word' id='word_1_96' title='bbox 462 1078 560 1132; x_wconf 83' lang='grc' dir='ltr'><em>ὃμὴ</em></span> <span class='ocrx_word' id='word_1_97' title='bbox 592 1076 666 1119; x_wconf 77' lang='grc' dir='ltr'><em>κᾶν</em></span> <span class='ocrx_word' id='word_1_98' title='bbox 695 1075 716 1119; x_wconf 83' lang='grc' dir='ltr'><em>ὅ</em></span> <span class='ocrx_word' id='word_1_99' title='bbox 746 1077 878 1130; x_wconf 83' lang='grc' dir='ltr'><em>τυχὼν</em></span> <span class='ocrx_word' id='word_1_100' title='bbox 907 1077 1066 1119; x_wconf 76' lang='grc' dir='ltr'><em>εἴποιεν.</em></span> <span class='ocrx_word' id='word_1_101' title='bbox 1154 1084 1195 1119; x_wconf 89' lang='grc'><em>2.</em></span> <span class='ocrx_word' id='word_1_102' title='bbox 1235 1079 1326 1119; x_wconf 73' lang='grc' dir='ltr'><em>Εἰσὶ</em></span> <span class='ocrx_word' id='word_1_103' title='bbox 1357 1077 1404 1119; x_wconf 82' lang='grc' dir='ltr'><em>ὁέ</em></span> <span class='ocrx_word' id='word_1_104' title='bbox 1435 1094 1540 1125; x_wconf 80' lang='grc' dir='ltr'><em>τινες</em></span> 
     </span>
     <span class='ocr_line' id='line_1_12' title="bbox 111 1144 1540 1204; baseline -0.001 -15"><span class='ocrx_word' id='word_1_105' title='bbox 111 1149 152 1189; x_wconf 84' lang='grc' dir='ltr'><em>οἵ</em></span> <span class='ocrx_word' id='word_1_106' title='bbox 184 1161 286 1204; x_wconf 86' lang='grc' dir='ltr'><em>φασι</em></span> <span class='ocrx_word' id='word_1_107' title='bbox 332 1147 404 1188; x_wconf 83' lang='grc' dir='ltr'><em>τὸν</em></span> <span class='ocrx_word' id='word_1_108' title='bbox 440 1144 687 1199; x_wconf 76' lang='grc' dir='ltr'><em>καλούμενον</em></span> <span class='ocrx_word' id='word_1_109' title='bbox 728 1145 851 1201; x_wconf 78' lang='grc' dir='ltr'><em>ἀέρα,</em></span> <span class='ocrx_word' id='word_1_110' title='bbox 902 1144 1136 1199; x_wconf 79' lang='grc' dir='ltr'><em>κινούμενον</em></span> <span class='ocrx_word' id='word_1_111' title='bbox 1172 1145 1247 1199; x_wconf 74' lang='grc' dir='ltr'><em>μὲν</em></span> <span class='ocrx_word' id='word_1_112' title='bbox 1291 1146 1356 1187; x_wconf 79' lang='grc' dir='ltr'><em>καὶ</em></span> <span class='ocrx_word' id='word_1_113' title='bbox 1394 1144 1540 1202; x_wconf 80' lang='grc' dir='ltr'><em>ῥέοντα</em></span> 
     </span>
     <span class='ocr_line' id='line_1_13' title="bbox 111 1212 1539 1269; baseline -0.001 -12"><span class='ocrx_word' id='word_1_114' title='bbox 111 1216 257 1269; x_wconf 76' lang='grc' dir='ltr'><em>ἄνεμον</em></span> <span class='ocrx_word' id='word_1_115' title='bbox 292 1212 414 1267; x_wconf 73' lang='grc' dir='ltr'><em>εἶναι,</em></span> <span class='ocrx_word' id='word_1_116' title='bbox 457 1213 746 1267; x_wconf 84' lang='grc' dir='ltr'><em>συνιστάμενον</em></span> <span class='ocrx_word' id='word_1_117' title='bbox 778 1213 823 1254; x_wconf 76' lang='grc' dir='ltr'><em>δὲ</em></span> <span class='ocrx_word' id='word_1_118' title='bbox 860 1212 932 1255; x_wconf 85' lang='grc' dir='ltr'><em>τὸν</em></span> <span class='ocrx_word' id='word_1_119' title='bbox 973 1212 1099 1255; x_wconf 78' lang='grc' dir='ltr'><em>αὐτὸν</em></span> <span class='ocrx_word' id='word_1_120' title='bbox 1136 1218 1282 1255; x_wconf 78' lang='grc' dir='ltr'><em>τοῦτον</em></span> <span class='ocrx_word' id='word_1_121' title='bbox 1317 1213 1439 1255; x_wconf 86' lang='grc' dir='ltr'><em>πάλιν</em></span> <span class='ocrx_word' id='word_1_122' title='bbox 1475 1213 1539 1256; x_wconf 82' lang='grc' dir='ltr'><em>νέ-</em></span> 
     </span>
     <span class='ocr_line' id='line_1_14' title="bbox 111 1279 1541 1339; baseline -0.001 -15"><span class='ocrx_word' id='word_1_123' title='bbox 111 1299 189 1339; x_wconf 89' lang='grc' dir='ltr'><em>φος</em></span> <span class='ocrx_word' id='word_1_124' title='bbox 212 1283 292 1324; x_wconf 71' lang='grc' dir='ltr'><em>’καὶ</em></span> <span class='ocrx_word' id='word_1_125' title='bbox 331 1281 473 1338; x_wconf 73' lang='grc' dir='ltr'><em>ὕδωρ,</em></span> <span class='ocrx_word' id='word_1_126' title='bbox 536 1279 592 1331; x_wconf 82' lang='grc' dir='ltr'><em>ὡς</em></span> <span class='ocrx_word' id='word_1_127' title='bbox 630 1285 704 1335; x_wconf 78' lang='grc' dir='ltr'><em>τῆς</em></span> <span class='ocrx_word' id='word_1_128' title='bbox 741 1280 866 1335; x_wconf 74' lang='grc' dir='ltr'><em>αὐτῆς</em></span> <span class='ocrx_word' id='word_1_129' title='bbox 907 1279 1069 1337; x_wconf 79' lang='grc' dir='ltr'><em>φύσεως</em></span> <span class='ocrx_word' id='word_1_130' title='bbox 1111 1280 1235 1337; x_wconf 61' lang='grc' dir='ltr'><em>οὔσης</em></span> <span class='ocrx_word' id='word_1_131' title='bbox 1276 1280 1427 1334; x_wconf 60' lang='lat' dir='ltr'><em>maroc</em></span> <span class='ocrx_word' id='word_1_132' title='bbox 1474 1283 1541 1323; x_wconf 82' lang='grc' dir='ltr'><em>καὶ</em></span> 
     </span>
     <span class='ocr_line' id='line_1_15' title="bbox 110 1346 1542 1405; baseline -0.001 -13"><span class='ocrx_word' id='word_1_133' title='bbox 110 1349 335 1404; x_wconf 70' lang='grc' dir='ltr'><em>πνεύματος</em></span> <span class='ocrx_word' id='word_1_134' title='bbox 372 1351 438 1391; x_wconf 86' lang='grc' dir='ltr'><em>καὶ</em></span> <span class='ocrx_word' id='word_1_135' title='bbox 466 1348 538 1391; x_wconf 75' lang='grc' dir='ltr'><em>τὸν</em></span> <span class='ocrx_word' id='word_1_136' title='bbox 569 1348 718 1403; x_wconf 74' lang='grc' dir='ltr'><em>ἄνεμον</em></span> <span class='ocrx_word' id='word_1_137' title='bbox 757 1346 856 1390; x_wconf 75' lang='grc' dir='ltr'><em>εἶναι</em></span> <span class='ocrx_word' id='word_1_138' title='bbox 895 1350 1050 1403; x_wconf 82' lang='grc' dir='ltr'><em>κίνησιν</em></span> <span class='ocrx_word' id='word_1_139' title='bbox 1086 1348 1217 1405; x_wconf 80' lang='grc' dir='ltr'><em>ἀέρος.</em></span> <span class='ocrx_word' id='word_1_140' title='bbox 1286 1356 1326 1391; x_wconf 89' lang='grc'><em>3.</em></span> <span class='ocrx_word' id='word_1_141' title='bbox 1365 1349 1446 1393; x_wconf 84' lang='grc' dir='ltr'><em>Διὸ</em></span> <span class='ocrx_word' id='word_1_142' title='bbox 1476 1350 1542 1391; x_wconf 83' lang='grc' dir='ltr'><em>καὶ</em></span> 
     </span>
     <span class='ocr_line' id='line_1_16' title="bbox 109 1415 1544 1474; baseline -0.001 -14"><span class='ocrx_word' id='word_1_143' title='bbox 109 1421 191 1460; x_wconf 80' lang='grc' dir='ltr'><em>τῶν</em></span> <span class='ocrx_word' id='word_1_144' title='bbox 220 1422 359 1474; x_wconf 87' lang='grc' dir='ltr'><em>σοφῶς</em></span> <span class='ocrx_word' id='word_1_145' title='bbox 385 1417 645 1471; x_wconf 80' lang='grc' dir='ltr'><em>βουλομένων</em></span> <span class='ocrx_word' id='word_1_146' title='bbox 682 1416 805 1472; x_wconf 82' lang='grc' dir='ltr'><em>λέγειν</em></span> <span class='ocrx_word' id='word_1_147' title='bbox 832 1417 948 1466; x_wconf 75' lang='grc' dir='ltr'><em>’τινὲς</em></span> <span class='ocrx_word' id='word_1_148' title='bbox 987 1417 1056 1458; x_wconf 70' lang='grc' dir='ltr'><em>ἕνα</em></span> <span class='ocrx_word' id='word_1_149' title='bbox 1092 1418 1218 1473; x_wconf 83' lang='grc' dir='ltr'><em>φασὶν</em></span> <span class='ocrx_word' id='word_1_150' title='bbox 1258 1417 1406 1472; x_wconf 75' lang='grc' dir='ltr'><em>ἄνεμον</em></span> <span class='ocrx_word' id='word_1_151' title='bbox 1443 1415 1544 1460; x_wconf 74' lang='grc' dir='ltr'><em>εἶναι</em></span> 
     </span>
     <span class='ocr_line' id='line_1_17' title="bbox 110 1483 1545 1541; baseline -0.001 -13"><span class='ocrx_word' id='word_1_152' title='bbox 110 1485 265 1534; x_wconf 81' lang='grc' dir='ltr'><em>πάντας</em></span> <span class='ocrx_word' id='word_1_153' title='bbox 293 1484 389 1534; x_wconf 85' lang='grc' dir='ltr'><em>τοὺς</em></span> <span class='ocrx_word' id='word_1_154' title='bbox 419 1485 612 1538; x_wconf 80' lang='grc' dir='ltr'><em>ἀνέμους,</em></span> <span class='ocrx_word' id='word_1_155' title='bbox 662 1483 725 1526; x_wconf 84' lang='grc' dir='ltr'><em>ὅτι</em></span> <span class='ocrx_word' id='word_1_156' title='bbox 756 1485 1019 1538; x_wconf 77' lang='grc' dir='ltr'><em>συμπέπτωκε</em></span> <span class='ocrx_word' id='word_1_157' title='bbox 1049 1486 1115 1526; x_wconf 82' lang='grc' dir='ltr'><em>καὶ</em></span> <span class='ocrx_word' id='word_1_158' title='bbox 1145 1502 1218 1527; x_wconf 89' lang='grc' dir='ltr'><em>τον</em></span> <span class='ocrx_word' id='word_1_159' title='bbox 1248 1485 1349 1541; x_wconf 79' lang='grc' dir='ltr'><em>ἀέρα</em></span> <span class='ocrx_word' id='word_1_160' title='bbox 1374 1485 1447 1527; x_wconf 82' lang='grc' dir='ltr'><em>τὸν</em></span> <span class='ocrx_word' id='word_1_161' title='bbox 1480 1503 1545 1527; x_wconf 72' lang='grc' dir='ltr'><em>κι-</em></span> 
     </span>
     <span class='ocr_line' id='line_1_18' title="bbox 109 1550 1546 1609; baseline -0.001 -14"><span class='ocrx_word' id='word_1_162' title='bbox 109 1553 303 1607; x_wconf 81' lang='grc' dir='ltr'><em>νούμενον</em></span> <span class='ocrx_word' id='word_1_163' title='bbox 329 1553 399 1594; x_wconf 70' lang='grc' dir='ltr'><em>ἕνα</em></span> <span class='ocrx_word' id='word_1_164' title='bbox 427 1553 493 1594; x_wconf 84' lang='grc' dir='ltr'><em>καὶ</em></span> <span class='ocrx_word' id='word_1_165' title='bbox 521 1552 594 1595; x_wconf 84' lang='grc' dir='ltr'><em>τὸν</em></span> <span class='ocrx_word' id='word_1_166' title='bbox 623 1551 748 1594; x_wconf 75' lang='grc' dir='ltr'><em>αὖτόν</em></span> <span class='ocrx_word' id='word_1_167' title='bbox 780 1550 879 1594; x_wconf 77' lang='grc' dir='ltr'><em>εἶναι</em></span> <span class='ocrx_word' id='word_1_168' title='bbox 907 1550 1061 1604; x_wconf 86' lang='grc' dir='ltr'><em>πάντα,</em></span> <span class='ocrx_word' id='word_1_169' title='bbox 1105 1554 1236 1594; x_wconf 75' lang='grc' dir='ltr'><em>δοκεῖν</em></span> <span class='ocrx_word' id='word_1_170' title='bbox 1266 1554 1310 1595; x_wconf 74' lang='grc' dir='ltr'><em>ὁὲ</em></span> <span class='ocrx_word' id='word_1_171' title='bbox 1341 1554 1546 1609; x_wconf 72' lang='grc' dir='ltr'><em>διαφέρειν</em></span> 
     </span>
     <span class='ocr_line' id='line_1_19' title="bbox 112 1617 1544 1676; baseline -0.001 -13"><span class='ocrx_word' id='word_1_172' title='bbox 112 1621 238 1663; x_wconf 72' lang='grc' dir='ltr'><em>οὐθὲν</em></span> <span class='ocrx_word' id='word_1_173' title='bbox 269 1620 517 1676; x_wconf 76' lang='grc' dir='ltr'><em>διαφέροντα</em></span> <span class='ocrx_word' id='word_1_174' title='bbox 548 1620 615 1661; x_wconf 77' lang='grc' dir='ltr'><em>διὰ</em></span> <span class='ocrx_word' id='word_1_175' title='bbox 633 1620 729 1669; x_wconf 77' lang='grc' dir='ltr'><em>τοὺς</em></span> <span class='ocrx_word' id='word_1_176' title='bbox 756 1619 907 1669; x_wconf 85' lang='grc' dir='ltr'><em>τόπους</em></span> <span class='ocrx_word' id='word_1_177' title='bbox 936 1619 1036 1661; x_wconf 70' lang='grc' dir='ltr'><em>ὅθεν</em></span> <span class='ocrx_word' id='word_1_178' title='bbox 1067 1618 1116 1660; x_wconf 76' lang='grc' dir='ltr'><em>ἂν</em></span> <span class='ocrx_word' id='word_1_179' title='bbox 1145 1617 1322 1676; x_wconf 68' lang='grc' dir='ltr'><em>τυγχάνῃ</em></span> <span class='ocrx_word' id='word_1_180' title='bbox 1344 1620 1436 1675; x_wconf 78' lang='grc' dir='ltr'><em>ῥέον</em></span> <span class='ocrx_word' id='word_1_181' title='bbox 1455 1619 1544 1662; x_wconf 70' lang='grc' dir='ltr'><em>ἑκά-</em></span> 
     </span>
     <span class='ocr_line' id='line_1_20' title="bbox 114 1685 1547 1743; baseline 0 -14"><span class='ocrx_word' id='word_1_182' title='bbox 114 1701 242 1739; x_wconf 84' lang='grc' dir='ltr'><em>στοτε,</em></span> <span class='ocrx_word' id='word_1_183' title='bbox 272 1688 565 1743; x_wconf 86' lang='grc' dir='ltr'><em>παραπλησίως</em></span> <span class='ocrx_word' id='word_1_184' title='bbox 595 1686 793 1742; x_wconf 78' lang='grc' dir='ltr'><em>λέγοντες,</em></span> <span class='ocrx_word' id='word_1_185' title='bbox 826 1686 959 1743; x_wconf 77' lang='grc' dir='ltr'><em>ὥσπερ</em></span> <span class='ocrx_word' id='word_1_186' title='bbox 981 1685 1029 1728; x_wconf 80' lang='grc' dir='ltr'><em>ἂν</em></span> <span class='ocrx_word' id='word_1_187' title='bbox 1050 1685 1091 1728; x_wconf 77' lang='grc' dir='ltr'><em>εἷ’</em></span> <span class='ocrx_word' id='word_1_188' title='bbox 1110 1703 1172 1735; x_wconf 91' lang='grc' dir='ltr'><em>τις</em></span> <span class='ocrx_word' id='word_1_189' title='bbox 1200 1687 1324 1730; x_wconf 75' lang='grc' dir='ltr'><em>οἴοιτο</em></span> <span class='ocrx_word' id='word_1_190' title='bbox 1354 1689 1420 1729; x_wconf 84' lang='grc' dir='ltr'><em>καὶ</em></span> <span class='ocrx_word' id='word_1_191' title='bbox 1449 1688 1547 1736; x_wconf 76' lang='grc' dir='ltr'><em>τοὺς</em></span> 
     </span>
    </p>
   </div>
   <div class='ocr_carea' id='block_1_5' title="bbox 114 1824 1554 2892">
    <p class='ocr_par' dir='ltr' id='par_1_5' title="bbox 114 1824 1547 2080">
     <span class='ocr_line' id='line_1_21' title="bbox 115 1824 1547 1878; baseline 0 -15"><span class='ocrx_word' id='word_1_192' title='bbox 115 1824 194 1870; x_wconf 86' lang='lat' dir='ltr'><strong>die,</strong></span> <span class='ocrx_word' id='word_1_193' title='bbox 225 1830 396 1876; x_wconf 85' lang='lat' dir='ltr'><strong>propter</strong></span> <span class='ocrx_word' id='word_1_194' title='bbox 415 1824 583 1863; x_wconf 87' lang='lat' dir='ltr'><strong>eandem</strong></span> <span class='ocrx_word' id='word_1_195' title='bbox 603 1837 770 1863; x_wconf 81' lang='lat' dir='ltr'><strong>causam.</strong></span> <span class='ocrx_word' id='word_1_196' title='bbox 828 1828 894 1863; x_wconf 80' lang='lat'><em>20.</em></span> <span class='ocrx_word' id='word_1_197' title='bbox 924 1824 1013 1863; x_wconf 80' lang='lat' dir='ltr'><strong>Cito</strong></span> <span class='ocrx_word' id='word_1_198' title='bbox 1035 1824 1140 1862; x_wconf 88' lang='lat' dir='ltr'><strong>enim</strong></span> <span class='ocrx_word' id='word_1_199' title='bbox 1162 1825 1423 1876; x_wconf 79' lang='lat' dir='ltr'><strong>refrigeratur</strong></span> <span class='ocrx_word' id='word_1_200' title='bbox 1448 1840 1547 1878; x_wconf 80' lang='lat' dir='ltr'><strong>pro-</strong></span> 
     </span>
     <span class='ocr_line' id='line_1_22' title="bbox 114 1891 1546 1944; baseline 0.002 -14"><span class='ocrx_word' id='word_1_201' title='bbox 114 1898 205 1944; x_wconf 86' lang='lat' dir='ltr'><strong>pter</strong></span> <span class='ocrx_word' id='word_1_202' title='bbox 226 1892 531 1944; x_wconf 79' lang='lat' dir='ltr'><strong>antiperistasin,</strong></span> <span class='ocrx_word' id='word_1_203' title='bbox 558 1906 660 1944; x_wconf 85' lang='lat' dir='ltr'><strong>quae</strong></span> <span class='ocrx_word' id='word_1_204' title='bbox 678 1891 726 1930; x_wconf 90' lang='lat' dir='ltr'><em>fit</em></span> <span class='ocrx_word' id='word_1_205' title='bbox 745 1893 795 1930; x_wconf 91' lang='lat' dir='ltr'><em>ob</em></span> <span class='ocrx_word' id='word_1_206' title='bbox 814 1893 1015 1943; x_wconf 85' lang='lat' dir='ltr'><strong>ingentem</strong></span> <span class='ocrx_word' id='word_1_207' title='bbox 1032 1892 1205 1944; x_wconf 79' lang='lat' dir='ltr'>regionis</span> <span class='ocrx_word' id='word_1_208' title='bbox 1223 1895 1411 1932; x_wconf 80' lang='lat' dir='ltr'><strong>calorem.</strong></span> <span class='ocrx_word' id='word_1_209' title='bbox 1450 1894 1546 1933; x_wconf 86' lang='lat' dir='ltr'><strong>Plu-</strong></span> 
     </span>
     <span class='ocr_line' id='line_1_23' title="bbox 114 1959 1546 2014; baseline 0.002 -16"><span class='ocrx_word' id='word_1_210' title='bbox 114 1960 204 1998; x_wconf 82' lang='lat' dir='ltr'><strong>viae</strong></span> <span class='ocrx_word' id='word_1_211' title='bbox 221 1959 342 2010; x_wconf 82' lang='lat' dir='ltr'><strong>igitur</strong></span> <span class='ocrx_word' id='word_1_212' title='bbox 365 1965 403 1998; x_wconf 89' lang='lat' dir='ltr'><em>et</em></span> <span class='ocrx_word' id='word_1_213' title='bbox 421 1961 527 1998; x_wconf 80' lang='lat' dir='ltr'><strong>roris</strong></span> <span class='ocrx_word' id='word_1_214' title='bbox 548 1966 588 1998; x_wconf 89' lang='lat' dir='ltr'><em>et</em></span> <span class='ocrx_word' id='word_1_215' title='bbox 609 1959 786 2011; x_wconf 80' lang='lat' dir='ltr'><strong>ningoris</strong></span> <span class='ocrx_word' id='word_1_216' title='bbox 809 1966 847 1998; x_wconf 90' lang='lat' dir='ltr'><em>et</em></span> <span class='ocrx_word' id='word_1_217' title='bbox 866 1960 1034 2011; x_wconf 87' lang='lat' dir='ltr'>pruinae</span> <span class='ocrx_word' id='word_1_218' title='bbox 1052 1966 1092 1998; x_wconf 90' lang='lat' dir='ltr'><em>et</em></span> <span class='ocrx_word' id='word_1_219' title='bbox 1108 1960 1326 2012; x_wconf 82' lang='lat' dir='ltr'>grandinis,</span> <span class='ocrx_word' id='word_1_220' title='bbox 1345 1976 1446 2014; x_wconf 86' lang='lat' dir='ltr'><strong>quae</strong></span> <span class='ocrx_word' id='word_1_221' title='bbox 1466 1963 1546 2002; x_wconf 85' lang='lat' dir='ltr'><strong>sint</strong></span> 
     </span>
     <span class='ocr_line' id='line_1_24' title="bbox 115 2027 1023 2080; baseline 0.002 -16"><span class='ocrx_word' id='word_1_222' title='bbox 115 2040 253 2065; x_wconf 82' lang='lat' dir='ltr'><strong>causae</strong></span> <span class='ocrx_word' id='word_1_223' title='bbox 274 2040 320 2065; x_wconf 89' lang='lat' dir='ltr'><em>ac</em></span> <span class='ocrx_word' id='word_1_224' title='bbox 342 2033 497 2074; x_wconf 82' lang='lat' dir='ltr'><strong>natura,</strong></span> <span class='ocrx_word' id='word_1_225' title='bbox 525 2027 731 2080; x_wconf 87' lang='lat' dir='ltr'><strong>hucusque</strong></span> <span class='ocrx_word' id='word_1_226' title='bbox 754 2027 1023 2066; x_wconf 83' lang='lat' dir='ltr'><strong>disseruimus.</strong></span> 
     </span>
    </p>

    <p class='ocr_par' dir='ltr' id='par_1_6' title="bbox 116 2095 1554 2892">
     <span class='ocr_line' id='line_1_25' title="bbox 229 2095 1547 2148; baseline 0.002 -14"><span class='ocrx_word' id='word_1_227' title='bbox 229 2095 330 2134; x_wconf 61' lang='lat' dir='ltr'><em>Cn».</em></span> <span class='ocrx_word' id='word_1_228' title='bbox 349 2095 473 2134; x_wconf 86' lang='lat' dir='ltr'><strong>XIII.</strong></span> <span class='ocrx_word' id='word_1_229' title='bbox 528 2096 594 2138; x_wconf 69' lang='lat' dir='ltr'><em>De</em></span> <span class='ocrx_word' id='word_1_230' title='bbox 616 2096 746 2134; x_wconf 89' lang='lat' dir='ltr'><strong>ventis</strong></span> <span class='ocrx_word' id='word_1_231' title='bbox 777 2096 1008 2147; x_wconf 83' lang='lat' dir='ltr'><strong>cunctisque</strong></span> <span class='ocrx_word' id='word_1_232' title='bbox 1038 2095 1218 2145; x_wconf 87' lang='lat' dir='ltr'><strong>flatibus,</strong></span> <span class='ocrx_word' id='word_1_233' title='bbox 1258 2104 1466 2148; x_wconf 82' lang='lat' dir='ltr'><strong>praeterea</strong></span> <span class='ocrx_word' id='word_1_234' title='bbox 1496 2099 1547 2137; x_wconf 86' lang='lat' dir='ltr'><em>de</em></span> 
     </span>
     <span class='ocr_line' id='line_1_26' title="bbox 116 2160 1548 2216; baseline 0.004 -18"><span class='ocrx_word' id='word_1_235' title='bbox 116 2160 250 2199; x_wconf 82' lang='lat' dir='ltr'><strong>fluviis</strong></span> <span class='ocrx_word' id='word_1_236' title='bbox 277 2162 458 2213; x_wconf 82' lang='lat' dir='ltr'><strong>marique</strong></span> <span class='ocrx_word' id='word_1_237' title='bbox 478 2162 737 2211; x_wconf 82' lang='lat' dir='ltr'><strong>disseramus,</strong></span> <span class='ocrx_word' id='word_1_238' title='bbox 766 2170 976 2216; x_wconf 87' lang='lat' dir='ltr'><strong>postquam</strong></span> <span class='ocrx_word' id='word_1_239' title='bbox 1000 2162 1074 2202; x_wconf 87' lang='lat' dir='ltr'><em>hac</em></span> <span class='ocrx_word' id='word_1_240' title='bbox 1098 2177 1258 2215; x_wconf 86' lang='lat' dir='ltr'><strong>quoque</strong></span> <span class='ocrx_word' id='word_1_241' title='bbox 1287 2165 1338 2203; x_wconf 89' lang='lat' dir='ltr'><em>de</em></span> <span class='ocrx_word' id='word_1_242' title='bbox 1356 2180 1402 2204; x_wconf 82' lang='lat' dir='ltr'><em>re</em></span> <span class='ocrx_word' id='word_1_243' title='bbox 1428 2166 1548 2205; x_wconf 87' lang='lat' dir='ltr'><strong>dubi-</strong></span> 
     </span>
     <span class='ocr_line' id='line_1_27' title="bbox 116 2229 1551 2282; baseline 0.006 -17"><span class='ocrx_word' id='word_1_244' title='bbox 116 2229 286 2266; x_wconf 80' lang='lat' dir='ltr'><strong>tationes</strong></span> <span class='ocrx_word' id='word_1_245' title='bbox 301 2235 455 2268; x_wconf 86' lang='lat' dir='ltr'><strong>nostras</strong></span> <span class='ocrx_word' id='word_1_246' title='bbox 475 2232 817 2282; x_wconf 85' lang='lat' dir='ltr'><strong>proposuerimus.</strong></span> <span class='ocrx_word' id='word_1_247' title='bbox 877 2231 1229 2282; x_wconf 82' lang='lat' dir='ltr'><strong>Quemadmodum</strong></span> <span class='ocrx_word' id='word_1_248' title='bbox 1257 2234 1364 2270; x_wconf 87' lang='lat' dir='ltr'><strong>enim</strong></span> <span class='ocrx_word' id='word_1_249' title='bbox 1384 2232 1434 2271; x_wconf 82' lang='lat' dir='ltr'><em>de</em></span> <span class='ocrx_word' id='word_1_250' title='bbox 1452 2235 1551 2273; x_wconf 84' lang='lat' dir='ltr'><strong>reli-</strong></span> 
     </span>
     <span class='ocr_line' id='line_1_28' title="bbox 118 2295 1550 2352; baseline 0.004 -19"><span class='ocrx_word' id='word_1_251' title='bbox 118 2295 226 2346; x_wconf 83' lang='lat' dir='ltr'><strong>quis,</strong></span> <span class='ocrx_word' id='word_1_252' title='bbox 262 2309 393 2347; x_wconf 83' lang='lat' dir='ltr'><strong>neque</strong></span> <span class='ocrx_word' id='word_1_253' title='bbox 419 2297 469 2335; x_wconf 87' lang='lat' dir='ltr'><em>de</em></span> <span class='ocrx_word' id='word_1_254' title='bbox 499 2298 572 2336; x_wconf 87' lang='lat' dir='ltr'><em>bac</em></span> <span class='ocrx_word' id='word_1_255' title='bbox 596 2313 642 2337; x_wconf 87' lang='lat' dir='ltr'><em>re</em></span> <span class='ocrx_word' id='word_1_256' title='bbox 663 2299 879 2351; x_wconf 86' lang='lat' dir='ltr'><strong>quidquam</strong></span> <span class='ocrx_word' id='word_1_257' title='bbox 905 2300 1127 2351; x_wconf 85' lang='lat' dir='ltr'><strong>accepimus</strong></span> <span class='ocrx_word' id='word_1_258' title='bbox 1149 2299 1411 2351; x_wconf 78' lang='lat' dir='ltr'><strong>disputatum,</strong></span> <span class='ocrx_word' id='word_1_259' title='bbox 1443 2303 1550 2352; x_wconf 87' lang='lat' dir='ltr'><strong>quod</strong></span> 
     </span>
     <span class='ocr_line' id='line_1_29' title="bbox 119 2363 1551 2419; baseline 0.006 -19"><span class='ocrx_word' id='word_1_260' title='bbox 119 2376 203 2401; x_wconf 82' lang='lat' dir='ltr'><em>non</em></span> <span class='ocrx_word' id='word_1_261' title='bbox 229 2363 360 2413; x_wconf 82' lang='lat' dir='ltr'><strong>quivis</strong></span> <span class='ocrx_word' id='word_1_262' title='bbox 389 2363 522 2403; x_wconf 85' lang='lat' dir='ltr'><strong>dicere</strong></span> <span class='ocrx_word' id='word_1_263' title='bbox 547 2373 694 2416; x_wconf 84' lang='lat' dir='ltr'><strong>posset.</strong></span> <span class='ocrx_word' id='word_1_264' title='bbox 750 2371 790 2405; x_wconf 84' lang='lat'><em>2.</em></span> <span class='ocrx_word' id='word_1_265' title='bbox 819 2368 922 2405; x_wconf 87' lang='lat' dir='ltr'><strong>Sunt</strong></span> <span class='ocrx_word' id='word_1_266' title='bbox 940 2373 1074 2405; x_wconf 80' lang='lat' dir='ltr'><strong>autem</strong></span> <span class='ocrx_word' id='word_1_267' title='bbox 1094 2368 1298 2416; x_wconf 78' lang='lat' dir='ltr'><strong>nonnulli,</strong></span> <span class='ocrx_word' id='word_1_268' title='bbox 1328 2369 1395 2419; x_wconf 87' lang='lat' dir='ltr'><em>qui</em></span> <span class='ocrx_word' id='word_1_269' title='bbox 1419 2369 1551 2408; x_wconf 86' lang='lat' dir='ltr'><strong>dicant</strong></span> 
     </span>
     <span class='ocr_line' id='line_1_30' title="bbox 119 2430 1551 2486; baseline 0.004 -17"><span class='ocrx_word' id='word_1_270' title='bbox 119 2435 267 2476; x_wconf 63' lang='lat' dir='ltr'><strong>aerem,</strong></span> <span class='ocrx_word' id='word_1_271' title='bbox 295 2430 362 2482; x_wconf 90' lang='lat' dir='ltr'><em>qui</em></span> <span class='ocrx_word' id='word_1_272' title='bbox 382 2430 437 2468; x_wconf 86' lang='lat' dir='ltr'><strong>ita</strong></span> <span class='ocrx_word' id='word_1_273' title='bbox 454 2438 636 2480; x_wconf 83' lang='lat' dir='ltr'><strong>vocatur,</strong></span> <span class='ocrx_word' id='word_1_274' title='bbox 663 2434 820 2485; x_wconf 88' lang='lat' dir='ltr'><strong>quando</strong></span> <span class='ocrx_word' id='word_1_275' title='bbox 839 2441 1050 2473; x_wconf 84' lang='lat' dir='ltr'><strong>moveatur</strong></span> <span class='ocrx_word' id='word_1_276' title='bbox 1073 2440 1112 2472; x_wconf 89' lang='lat' dir='ltr'><em>et</em></span> <span class='ocrx_word' id='word_1_277' title='bbox 1132 2433 1240 2482; x_wconf 84' lang='lat' dir='ltr'><strong>ssuat,</strong></span> <span class='ocrx_word' id='word_1_278' title='bbox 1269 2449 1354 2473; x_wconf 85' lang='lat' dir='ltr'><strong>esse</strong></span> <span class='ocrx_word' id='word_1_279' title='bbox 1371 2444 1551 2486; x_wconf 87' lang='lat' dir='ltr'><strong>ventum,</strong></span> 
     </span>
     <span class='ocr_line' id='line_1_31' title="bbox 118 2496 1553 2554; baseline 0.006 -19"><span class='ocrx_word' id='word_1_280' title='bbox 118 2496 278 2550; x_wconf 76' lang='lat' dir='ltr'><strong>quando</strong></span> <span class='ocrx_word' id='word_1_281' title='bbox 297 2510 436 2536; x_wconf 75' lang='lat' dir='ltr'><strong>rursus</strong></span> <span class='ocrx_word' id='word_1_282' title='bbox 457 2499 661 2548; x_wconf 82' lang='lat' dir='ltr'><strong>consistat,</strong></span> <span class='ocrx_word' id='word_1_283' title='bbox 691 2501 839 2540; x_wconf 87' lang='lat' dir='ltr'><strong>nubem</strong></span> <span class='ocrx_word' id='word_1_284' title='bbox 859 2508 899 2540; x_wconf 86' lang='lat' dir='ltr'><em>et</em></span> <span class='ocrx_word' id='word_1_285' title='bbox 917 2502 1119 2553; x_wconf 85' lang='lat' dir='ltr'><strong>pluviam,</strong></span> <span class='ocrx_word' id='word_1_286' title='bbox 1148 2501 1200 2538; x_wconf 85' lang='lat' dir='ltr'><em>ita</em></span> <span class='ocrx_word' id='word_1_287' title='bbox 1221 2508 1265 2540; x_wconf 88' lang='lat' dir='ltr'><em>ut</em></span> <span class='ocrx_word' id='word_1_288' title='bbox 1285 2516 1385 2554; x_wconf 81' lang='lat' dir='ltr'><strong>aqua</strong></span> <span class='ocrx_word' id='word_1_289' title='bbox 1415 2502 1553 2544; x_wconf 80' lang='lat' dir='ltr'><strong>ssatus-</strong></span> 
     </span>
     <span class='ocr_line' id='line_1_32' title="bbox 121 2564 1550 2619; baseline 0.006 -15"><span class='ocrx_word' id='word_1_290' title='bbox 121 2579 199 2617; x_wconf 89' lang='lat' dir='ltr'><em>que</em></span> <span class='ocrx_word' id='word_1_291' title='bbox 220 2564 397 2603; x_wconf 85' lang='lat' dir='ltr'><strong>eiusdem</strong></span> <span class='ocrx_word' id='word_1_292' title='bbox 421 2572 551 2604; x_wconf 87' lang='lat' dir='ltr'><strong>essent</strong></span> <span class='ocrx_word' id='word_1_293' title='bbox 570 2573 757 2614; x_wconf 85' lang='lat' dir='ltr'><strong>naturae,</strong></span> <span class='ocrx_word' id='word_1_294' title='bbox 784 2569 959 2619; x_wconf 85' lang='lat' dir='ltr'><strong>ideoque</strong></span> <span class='ocrx_word' id='word_1_295' title='bbox 975 2576 1142 2607; x_wconf 86' lang='lat' dir='ltr'><strong>ventum</strong></span> <span class='ocrx_word' id='word_1_296' title='bbox 1163 2582 1246 2607; x_wconf 89' lang='lat' dir='ltr'><strong>esse</strong></span> <span class='ocrx_word' id='word_1_297' title='bbox 1262 2571 1367 2609; x_wconf 68' lang='lat' dir='ltr'><strong>aeris</strong></span> <span class='ocrx_word' id='word_1_298' title='bbox 1387 2579 1550 2612; x_wconf 87' lang='lat' dir='ltr'><strong>motum.</strong></span> 
     </span>
     <span class='ocr_line' id='line_1_33' title="bbox 122 2634 1552 2686; baseline 0.006 -14"><span class='ocrx_word' id='word_1_299' title='bbox 122 2637 161 2672; x_wconf 86' lang='lat'><em>3.</em></span> <span class='ocrx_word' id='word_1_300' title='bbox 191 2634 327 2683; x_wconf 87' lang='lat' dir='ltr'><strong>Quare</strong></span> <span class='ocrx_word' id='word_1_301' title='bbox 359 2635 426 2684; x_wconf 83' lang='lat' dir='ltr'><em>qui</em></span> <span class='ocrx_word' id='word_1_302' title='bbox 457 2647 538 2672; x_wconf 87' lang='lat' dir='ltr'><em>non</em></span> <span class='ocrx_word' id='word_1_303' title='bbox 567 2635 703 2686; x_wconf 87' lang='lat' dir='ltr'><strong>inepte</strong></span> <span class='ocrx_word' id='word_1_304' title='bbox 729 2636 839 2686; x_wconf 87' lang='lat' dir='ltr'><strong>loqui</strong></span> <span class='ocrx_word' id='word_1_305' title='bbox 863 2637 1072 2684; x_wconf 88' lang='lat' dir='ltr'><strong>volebant,</strong></span> <span class='ocrx_word' id='word_1_306' title='bbox 1101 2649 1239 2675; x_wconf 82' lang='lat' dir='ltr'><strong>omnes</strong></span> <span class='ocrx_word' id='word_1_307' title='bbox 1258 2646 1401 2677; x_wconf 85' lang='lat' dir='ltr'><strong>ventos</strong></span> <span class='ocrx_word' id='word_1_308' title='bbox 1426 2654 1552 2680; x_wconf 89' lang='lat' dir='ltr'><strong>unum</strong></span> 
     </span>
     <span class='ocr_line' id='line_1_34' title="bbox 123 2701 1554 2752; baseline 0.006 -14"><span class='ocrx_word' id='word_1_309' title='bbox 123 2713 207 2738; x_wconf 81' lang='lat' dir='ltr'><strong>esse</strong></span> <span class='ocrx_word' id='word_1_310' title='bbox 236 2706 402 2738; x_wconf 84' lang='lat' dir='ltr'><strong>ventum</strong></span> <span class='ocrx_word' id='word_1_311' title='bbox 427 2701 641 2749; x_wconf 82' lang='lat' dir='ltr'><strong>dixerunt,</strong></span> <span class='ocrx_word' id='word_1_312' title='bbox 674 2703 765 2752; x_wconf 85' lang='lat' dir='ltr'><strong>quia</strong></span> <span class='ocrx_word' id='word_1_313' title='bbox 791 2703 942 2741; x_wconf 87' lang='lat' dir='ltr'><strong>accidat</strong></span> <span class='ocrx_word' id='word_1_314' title='bbox 968 2708 1103 2742; x_wconf 56' lang='lat' dir='ltr'><strong>aerem</strong></span> <span class='ocrx_word' id='word_1_315' title='bbox 1131 2711 1284 2750; x_wconf 84' lang='lat' dir='ltr'><strong>motum</strong></span> <span class='ocrx_word' id='word_1_316' title='bbox 1315 2720 1438 2746; x_wconf 79' lang='lat' dir='ltr'><strong>unum</strong></span> <span class='ocrx_word' id='word_1_317' title='bbox 1468 2723 1554 2747; x_wconf 82' lang='lat' dir='ltr'><strong>csse</strong></span> 
     </span>
     <span class='ocr_line' id='line_1_35' title="bbox 122 2769 1554 2824; baseline 0.006 -19"><span class='ocrx_word' id='word_1_318' title='bbox 122 2781 287 2819; x_wconf 84' lang='lat' dir='ltr'><strong>prorsus</strong></span> <span class='ocrx_word' id='word_1_319' title='bbox 315 2769 568 2821; x_wconf 82' lang='lat' dir='ltr'><strong>eundemque</strong></span> <span class='ocrx_word' id='word_1_320' title='bbox 594 2777 633 2809; x_wconf 88' lang='lat' dir='ltr'><em>et</em></span> <span class='ocrx_word' id='word_1_321' title='bbox 653 2769 787 2808; x_wconf 79' lang='lat' dir='ltr'><strong>videri</strong></span> <span class='ocrx_word' id='word_1_322' title='bbox 814 2770 1001 2823; x_wconf 78' lang='lat' dir='ltr'><strong>differre,</strong></span> <span class='ocrx_word' id='word_1_323' title='bbox 1041 2773 1225 2824; x_wconf 83' lang='lat' dir='ltr'><strong>quamvis</strong></span> <span class='ocrx_word' id='word_1_324' title='bbox 1249 2772 1352 2812; x_wconf 89' lang='lat' dir='ltr'><strong>nihil</strong></span> <span class='ocrx_word' id='word_1_325' title='bbox 1380 2775 1554 2824; x_wconf 79' lang='lat' dir='ltr'><strong>differat,</strong></span> 
     </span>
     <span class='ocr_line' id='line_1_36' title="bbox 123 2835 1554 2892; baseline 0.006 -19"><span class='ocrx_word' id='word_1_326' title='bbox 123 2835 343 2874; x_wconf 85' lang='lat' dir='ltr'><strong>secundum</strong></span> <span class='ocrx_word' id='word_1_327' title='bbox 373 2837 502 2887; x_wconf 84' lang='lat' dir='ltr'><strong>locos,</strong></span> <span class='ocrx_word' id='word_1_328' title='bbox 532 2837 640 2876; x_wconf 84' lang='lat' dir='ltr'><strong>unde</strong></span> <span class='ocrx_word' id='word_1_329' title='bbox 660 2838 793 2889; x_wconf 88' lang='lat' dir='ltr'><strong>quivis</strong></span> <span class='ocrx_word' id='word_1_330' title='bbox 818 2838 998 2879; x_wconf 83' lang='lat' dir='ltr'><strong>adfluere</strong></span> <span class='ocrx_word' id='word_1_331' title='bbox 1017 2839 1203 2880; x_wconf 83' lang='lat' dir='ltr'><strong>videatur</strong></span> <span class='ocrx_word' id='word_1_332' title='bbox 1219 2840 1359 2892; x_wconf 83' lang='lat' dir='ltr'><strong>ssatus3</strong></span> <span class='ocrx_word' id='word_1_333' title='bbox 1384 2857 1466 2882; x_wconf 86' lang='lat' dir='ltr'><em>non</em></span> <span class='ocrx_word' id='word_1_334' title='bbox 1482 2843 1554 2882; x_wconf 83' lang='lat' dir='ltr'><em>ab-</em></span> 
     </span>
    </p>
   </div>
   <div class='ocr_carea' id='block_1_6' title="bbox 1570 1085 1594 1117">
    <p class='ocr_par' dir='ltr' id='par_1_7' title="bbox 1570 1085 1594 1117">
     <span class='ocr_line' id='line_1_37' title="bbox 1570 1085 1594 1117; textangle 90"><span class='ocrx_word' id='word_1_335' title='bbox 1570 1085 1594 1117; x_wconf 60' lang='lat' dir='ltr'><em>Q:</em></span> 
     </span>
    </p>
   </div>
  </div>
 </body>
</html>
