1812 3158
448 329 672 371 LIBRUM
702 329 943 371 PmMUM.
1002 303 1228 373 mam.
1468 323 1566 369 339

110 446 175 486 nit
204 447 252 486 F.
282 467 340 475 —
395 444 628 484 Articulum
651 450 744 483 ante
759 440 972 498 μεγέθεσιν
986 444 1139 484 omittit
1157 445 1205 484 F.
1237 444 1308 497 qui
1327 443 1476 484 deinde
1500 445 1565 484 in·-

112 527 234 554 verso
258 513 402 552 ordine
423 513 590 552 exhibet
610 510 799 553 ἒντεῦθεν
815 506 913 564 ἡμῖν
925 507 1068 559 οὕτως.
1099 514 1238 564 Atque
1254 513 1312 552 ita
1327 513 1425 565 legit
1445 514 1565 552 etiam

112 584 206 634 Bag.
235 588 420 622 vertens:
459 582 555 620 hinc
580 580 696 619 nobis
721 583 804 630 eie,
834 594 954 632 quem
981 581 1109 620 secuti
1137 587 1230 620 sunt
1253 582 1299 620 P.
1330 581 1445 633 sylb.
1476 582 1564 621 Cas.

112 650 253 690 Verba
282 648 403 688 λίαν
432 647 531 704 γὰρ
562 644 764 689 ἁπλοῦν
793 675 935 688 .....
966 645 1137 696 οὕτως
1163 650 1566 690 vicomercatus

113 718 264 761 vertit:
297 718 418 757 Illud
434 721 542 756 enim
559 718 796 769 simpliciter
816 719 952 755 minus
973 720 1240 766 existimatur,
1269 720 1441 769 singula
1461 731 1567 770 quae

106 786 313 836 seruntur,
346 786 633 836 magnitudine
653 799 790 836 parva
814 799 919 831 esse,
948 785 1056 837 quod
1072 787 1112 824 si
1131 799 1180 824 ea
1203 784 1300 823 hinc.-
1324 794 1565 836 spectentur,

112 856 198 891 eius
220 853 329 892 modi
354 861 596 904 appareant.
654 854 804 893 Melius
832 856 1012 894 Franc.
1043 854 1323 894 Vatablus:
1364 856 1444 893 Est
1463 858 1566 894 enim

115 923 249 960 animi
276 935 474 973 perquam
503 923 702 973 simplicis
724 930 874 972 putare
900 923 1091 973 singula,
1128 934 1233 974 quae
1261 930 1371 961 motu
1397 925 1565 969 cientur,

113 991 204 1028 ideo
226 991 383 1041 pusilla
412 1004 494 1028 esse
522 990 823 1040 magnitudine,
855 991 966 1043 quod
986 990 1099 1028 nobis
1127 990 1225 1028 hine
1246 990 1568 1039 adspicientibus

112 1059 343 1108 adpareant
374 1059 580 1096 eiusmodi.
636 1060 748 1097 Bene
779 1064 915 1097 autem
950 1059 1108 1097 monuit
1143 1058 1237 1097 vic
1249 1071 1273 1096 o
1285 1072 1325 1097 m
1337 1073 1438 1098 erc.
1478 1061 1567 1099 exi-

111 1139 230 1177 guam
258 1126 439 1166 siderum
470 1125 786 1177 magnitudinem
813 1125 1065 1165 contendisse
1087 1126 1203 1172 illos,
1233 1127 1303 1178 qui
1321 1127 1407 1179 ipsa
1433 1127 1568 1167 sidera

110 1195 227 1246 ignea
252 1208 338 1233 esse
366 1201 407 1233 et
433 1195 525 1246 igne
549 1200 694 1232 cuncta
713 1207 856 1232 eorum
878 1194 1096 1233 intervalla
1114 1195 1272 1246 repleta
1293 1208 1379 1234 esse
1397 1202 1568 1235 conten-

112 1261 271 1300 derent.
288 1285 346 1291 —
376 1262 592 1302 Caeterum
614 1263 730 1301 aliam
750 1262 858 1302 viam
883 1261 1199 1309 demonstrandi,
1224 1276 1414 1314 suprema
1435 1270 1475 1303 et
1493 1278 1567 1303 ex-

110 1334 243 1368 trema
268 1330 355 1368 loca
382 1343 467 1369 non
492 1343 608 1382 posse
635 1331 792 1382 repleta
823 1345 909 1369 esse
937 1331 1046 1383 igne,
1075 1331 1277 1383 ingressus
1299 1338 1359 1370 est
1386 1331 1568 1371 Theo-

111 1396 366 1450 phrastus
396 1399 444 1437 de
460 1401 557 1448 igne
577 1398 659 1450 §.3
679 1412 734 1451 sq.
754 1413 797 1452 p.
810 1402 909 1448 706,
938 1400 1008 1452 qui
1026 1405 1239 1452 postquam
1259 1400 1430 1449 monuit,
1457 1399 1568 1451 quod

113 1466 259 1518 etipse
285 1466 612 1506 Aristoteles
634 1466 771 1507 docuit
790 1466 856 1520 (de
870 1477 1002 1518 paret.
1026 1469 1196 1506 animal.
1218 1469 1273 1517 ΙΙ,
1294 1470 1333 1505 2.
1352 1481 1394 1519 p.
1407 1467 1503 1517 649,
1513 1465 1567 1520 a),

112 1534 273 1572 nullum
293 1534 469 1573 existere
481 1535 629 1587 ignem,
649 1535 728 1574 nisi
738 1535 885 1574 habeat
899 1535 1139 1573 substratam
1157 1534 1369 1573 materiam
1389 1529 1568 1585 (ὑποκεί-

114 1600 278 1651 μενον“,
307 1602 419 1640 cuius
443 1616 523 1654 ope
546 1603 704 1651 existat,
734 1603 890 1654 pergit:
926 1603 1063 1641 Τοῦτο
1091 1599 1169 1654 γὰρ
1196 1593 1248 1654 ἦν
1277 1599 1346 1640 καὶ
1374 1597 1423 1641 τὸ
1452 1601 1567 1657 παρὰ,

113 1668 197 1707 τῶν
225 1665 668 1722 παλαίωνλεγόμενον,
708 1665 773 1709 ὅτι
799 1666 961 1723 τροφὴν
992 1665 1055 1708 ἀεὶ
1084 1667 1197 1721 ζητεῖ
1216 1666 1263 1709 τὸ
1286 1671 1390 1723 πῦρ,
1420 1664 1477 1717 ὡς
1493 1668 1567 1712 οὐκ

113 1732 376 1787 ἐνδεχόμενον
406 1733 507 1776 αὐτὸ
536 1734 737 1787 διαμένειν
765 1733 861 1777 ἄνευ
891 1738 967 1790 τῆς
991 1733 1107 1789 ὕλης.
1166 1735 1252 1776 Καὶ
1282 1733 1438 1778 ἄτοπον
1468 1738 1567 1792 φαί-

112 1816 223 1842 νεται
250 1805 415 1854 πρῶτον
444 1799 545 1844 autb
572 1802 696 1857 λέγειν
724 1803 791 1844 καὶ
821 1799 909 1845 οἷον
939 1801 1094 1859 ἀρχήν,
1132 1803 1168 1844 εἰ
1193 1801 1252 1856 μὴ
1281 1799 1368 1845 οἷόν
1396 1802 1438 1845 τ’
1465 1802 1566 1847 εἶναι

108 1869 239 1924 χωρις
266 1866 370 1923 υλης
398 1878 440 1911 et
466 1885 505 1924 q.
525 1886 557 1910 s·
599 1890 603 1892 >

199 1942 238 1978 6.
267 1936 497 1992 Εἴρηται
526 1936 795 1994 πρότερον
818 1941 866 1979 de
886 1941 1064 1991 caeloII,
1075 1943 1114 1980 7.
1124 1953 1167 1992 p.
1179 1943 1320 1987 289,a
1331 1937 1566 1993 -λέγομεν

112 2006 230 2046 codd.
259 2008 312 2046 Η.
337 2008 447 2046 etN.
466 2008 668 2059 posterior
688 2009 856 2047 inverso
887 2008 1035 2047 deinde
1063 2008 1209 2048 ordine
1240 2000 1294 2061 ἦν
1312 2005 1484 2048 ἕκαστον
1502 2005 1566 2048 ἄν.

112 2096 171 2104 -—
197 2071 362 2114 πάλαι
392 2074 631 2129 φροῦδον
661 2072 720 2115 ἂν
749 2068 808 2128 ἦν
839 2073 1061 2116 ἕκαστον
1090 2077 1193 2116 τῶν
1223 2072 1397 2115 ἄλλων
1428 2088 1567 2115 στοι-

113 2140 277 2192 χείων.
306 2142 367 2181 Ut
381 2144 490 2182 enim
503 2144 904 2196 Theophrastus
926 2144 1108 2197 loquitur
1120 2145 1187 2196 (de
1198 2144 1382 2195 igne§.6.
1395 2145 1567 2196 p.7o7):

115 2206 163 2248 τὸ
192 2210 274 2262 πῦρ
304 2230 360 2239 -
389 2209 620 2263 γεννητικὸν
647 2209 724 2262 μὲν
753 2208 904 2259 aziz-013,
943 2207 1180 2266 φθαρτικὸν
1210 2208 1276 2261 δέ,
1320 2206 1376 2257 ὡς
1403 2209 1564 2262 ἐπίπαν,

116 2277 198 2316 τῶν
227 2273 379 2315 ἄλλων.

229 2347 270 2383 7.
299 2339 436 2383 πολὺ
463 2341 559 2399 γὰρ
588 2341 650 2385 ἂν
676 2341 1005 2401 ὖήερβάλλοι
1035 2372 1181 2386 ......
1210 2341 1373 2391 τόπος
1403 2342 1564 2385 ἐστίν.

118 2412 205 2452 Cfr.
234 2411 478 2450 Platonis
506 2413 635 2452 verba
666 2414 771 2453 Tim.
798 2429 840 2467 p.
860 2419 927 2465 32,
954 2414 1003 2453 b:
1043 2410 1152 2454 οὕτω
1183 2410 1234 2452 di·
1263 2410 1397 2467 πυρός
1424 2427 1468 2453 τε
1498 2412 1566 2453 καὶ

116 2481 190 2534 γῆς
224 2475 339 2533 ὕδωρ
354 2510 365 2530 ,
408 2476 510 2534 ἀέρα
538 2495 581 2520 τε
610 2475 631 2520 ὃ
662 2478 762 2528 θεὸς
803 2480 846 2522 ἓν
874 2480 989 2537 μέσῳ
1026 2481 1119 2528 θεὶς
1162 2479 1230 2520 καὶ
1266 2477 1371 2534 πρὸς
1409 2477 1568 2534 ἄλληλα

119 2544 224 2588 καθ’
259 2543 359 2587 ὅσον
387 2539 438 2600 ἦν
469 2546 645 2589 δυνατὸν
675 2545 753 2588 &vd
784 2546 857 2590 τὸν
897 2545 1022 2590 αὐτὸν
1060 2546 1180 2602 λόγον
1219 2544 1564 2602 ἀπεργασάμενος,
1636 2549 1638 2551 ’

120 2612 220 2666 ὅ,τι
249 2617 330 2670 πῦρ
359 2613 465 2670 πρὸς
495 2613 616 2670 ἀέρα,
655 2618 778 2657 τοῦτο
810 2614 912 2672 ἀέρα
948 2614 1052 2672 πρὸς
1087 2614 1224 2672 ὕδωρ,
1264 2616 1330 2656 καὶ
1359 2613 1458 2666 ὅ,τι
1496 2614 1567 2672 ’“ρ

120 2679 224 2736 πρὸς
253 2680 389 2738 ὕδωρ,
426 2685 548 2724 τοῦτο
578 2681 692 2739 ὕδωρ
721 2681 827 2738 πρὸς
850 2686 948 2738 γῆν,
979 2683 1168 2738 ξυνέδησε
1197 2684 1264 2725 καὶ
1294 2682 1491 2737 ξυνεστήσ
1543 2699 1566 2725 ο

123 2747 298 2805 οὐρανὸν
325 2747 476 2806 ὁρατὸν
505 2751 572 2792 καὶ
602 2748 745 2793 ἁπτόν.
775 2776 833 2784 —
870 2754 925 2793 N.
947 2752 1070 2794 habet
1087 2750 1284 2804 σύστοιχα
1303 2750 1357 2794 τὰ
1378 2748 1564 2805 σώματα.

123 2818 190 2858 De
211 2814 287 2859 κᾶν
305 2819 340 2860 εἰ
362 2822 592 2860 monuimus
611 2821 664 2860 ad
681 2821 716 2873 §.
738 2824 777 2860 2.
807 2823 881 2874 γῆς
907 2835 962 2861 τε
991 2821 1056 2862 καὶ
1089 2818 1267 2896 obeam}
1296 2821 1490 2861 exhibent
1517 2823 1566 2860 F.

1174 2882 1228 2917 22
