1760 3138
168 339 244 379 ΕΤ
267 337 485 379 OLYMP.
513 337 577 376 IN
599 336 780 377 ARIST.
806 337 1140 378 METEOROL.
1172 338 1278 378 LIB.
1297 338 1332 378 1.
1403 328 1496 373 241

56 451 155 493 εἶσιν
185 450 223 492 οἳ
252 449 406 505 ἄνεμοι.
435 447 718 506 Ἀριστοτέλης
747 447 794 490 δὲ
823 446 922 503 λέγει
950 452 1081 491 ταῦτα
1108 448 1184 502 μὲν
1209 450 1299 506 περὶ
1327 453 1402 504 τῆς
1429 452 1500 491 λοὶ

55 521 129 573 ξῆς
165 517 300 561 αὐτῶν
337 515 541 572 κινήσεως.
592 515 819 571 ἀρχόμενος
855 516 902 558 δέ
932 514 953 559 ὅ
980 515 1262 572 Ἀριστοτέλης
1298 521 1372 572 τῆς
1410 517 1501 574 περὶ

56 586 210 640 ἀνέμου
239 584 344 628 κατὰ
371 585 444 628 τὸν
469 584 702 639 εἴθισμένον
730 582 885 640 τρόπον
915 586 1203 638 διδασκαλιάς,
1231 583 1432 643 πρότερον
1451 583 1504 626 τὰ

57 661 144 704 τοῖς
173 653 311 704 ἄλλοις
339 654 541 696 δοκοῦντα
568 652 782 706 ἀνατρέπει
812 652 880 694 καὶ
909 650 1018 695 οὕτω
1035 650 1111 708 τὴν
1130 654 1238 695 ι’δίαν
1258 652 1393 709 ἐπάγει
1411 654 1504 709 περὶ

58 722 194 765 αὐτῶν
223 714 381 772 δόξαν.ν
423 725 546 778 Τρεΐς
575 715 646 764 οῦν
675 717 903 774 ῦπολῆψεις
937 723 1122 763 παλαιῶν
1158 720 1371 778 ἀνατρέπει
1414 721 1506 778 περὶ

58 789 218 844 ἀνέμων
246 790 498 846 γενέσεως*).
538 790 636 843 μίαν
662 788 739 843 μὲν
767 786 832 831 ὅτι
863 786 937 830 οῦκ
964 787 1073 831 ἔστιν
1101 785 1123 831 ὅ
1155 787 1305 844 ἄνεμος
1334 788 1414 845 ἀὴρ
1445 806 1506 831 κι-

57 856 268 912 νούμενος,
290 857 481 914 καθάπερ
495 855 854 913 Ἱπποκράτης
877 852 898 898 ὃ
920 855 1062 913 ἴατρὸς
1078 853 1374 911 ὑπελάμβανεν.
1405 857 1507 912 λέγει
1568 887 1572 891 -

56 925 134 982 γὰρ
155 926 273 983 ἐντῷ
303 926 421 982 περὶ
450 926 697 981 φυσῶν**)
717 923 789 966 τὸν
820 923 997 978 ἄνεμον
1022 923 1168 980 ἠέρος
1194 923 1319 967 εἶναι
1350 924 1507 982 ῥεῦμα

58 996 135 1036 καὶ
153 998 277 1048 χεῦμ
287 1011 325 1035 α.
346 992 496 1036 τούτου
517 992 594 1048 γὰρ
615 991 853 1046 κινουμένου
871 989 970 1040 τοὺς
985 989 1161 1045 ἀνέμους
1178 991 1283 1048 ἔλεγε
1303 994 1505 1048 γίνεσθαι,

59 1061 280 1115 ἱσταμένου
310 1061 355 1103 δὲ
383 1060 432 1103 τὸ
460 1059 593 1117 ὕδωρ.
655 1059 823 1115 δευτέρα
851 1060 897 1101 δὲ
925 1059 1072 1115 ἐλέγχει
1097 1056 1311 1115 ὑπόληψιν
1338 1060 1414 1115 τὴν
1443 1059 1508 1101 λε’-

57 1115 226 1184 γουσαν,
257 1129 328 1171 ἕνα
358 1126 458 1171 εἶναι
488 1127 636 1182 ἄνεμον
665 1127 732 1169 καὶ
761 1125 810 1169 οὗ
838 1128 1038 1177 πλείονας.
1079 1126 1216 1183 ἐπειδὴ
1245 1129 1313 1170 καὶ
1345 1127 1383 1170 οἱ
1414 1126 1509 1170 ὄνο-

57 1195 277 1250 μαζόμενοι
295 1192 370 1252 zzz)
408 1196 572 1245 πλειόυς
599 1193 740 1249 ἄνεμοι
769 1191 826 1244 εἷς
864 1193 1012 1249 ἄνεμός
1049 1195 1135 1238 ἐστι
1166 1195 1235 1238 διὰ
1262 1195 1309 1238 τὸ
1338 1195 1383 1238 ἐκ
1410 1199 1510 1250 μιᾶς

58 1263 160 1319 ῦλης
186 1265 385 1327 γίνεσθαι.
431 1264 573 1321 τρίτην
613 1262 659 1304 δὲ
696 1261 844 1318 ἐλέγχει
882 1262 959 1318 τὴν
994 1257 1298 1319 ὕπο-τιθεμένην
1335 1263 1510 1322 ἐνεργείᾳ
1560 1298 1570 1307 >2

59 1329 158 1374 εἶναι
188 1330 263 1386 τὴν
290 1331 393 1387 ὕλην
421 1335 505 1374 τῶν
534 1330 696 1385 ἀνέμων
725 1331 1008 1387 σωρευομένην
1035 1332 1078 1375 ἐν
1098 1336 1149 1389 τῇ
1170 1336 1241 1390 γῇ,
1275 1330 1410 1388 ὥσπερ
1438 1326 1511 1374 οὖν

58 1400 125 1441 καὶ
153 1403 236 1442 τῶν
260 1397 446 1442 ὑδάτων·
487 1397 589 1442 ὅθεν
618 1398 754 1454 ἐπειδὴ
783 1396 949 1441 ὑδάτων
974 1399 1293 1455 ἐμνημόνευσεν,
1322 1398 1512 1455 ἐκκρούε-

52 1485 126 1511 ται
154 1474 231 1512 τοῦ
258 1467 524 1527 προκειμένου
553 1469 621 1511 καὶ
653 1467 746 1523 περὶ
773 1470 971 1522 ποταμῶν
1002 1467 1247 1523 διαλέγεται,
1289 1469 1356 1510 καὶ
1385 1484 1514 1510 κατα-

59 1536 178 1580 παῦει
206 1537 279 1580 τὸν
306 1540 471 1594 πρῶτον
500 1535 619 1591 λόγον
648 1536 705 1584 εἷς
728 1533 803 1577 τὸν
833 1536 924 1591 περὶ
954 1539 1151 1589 ποταμῶν
1172 1534 1305 1591 λόγον.
1337 1533 1423 1577 εἶτα
1446 1533 1514 1577 διὰ

60 1604 137 1659 τὴν
175 1605 402 1661 συγγένειαν
436 1607 520 1646 τῶν
558 1606 757 1656 ποταμῶν
800 1603 868 1644 καὶ
900 1606 975 1656 τῆς
1001 1601 1239 1657 θαλάττης,
1288 1601 1516 1659 ἀρχόμενος

60 1676 136 1714 τοῦ
167 1672 359 1729 δευτέρου
380 1670 527 1726 λόγου,
556 1669 655 1719 τοὺς
682 1670 774 1726 περὶ
803 1668 1018 1724 θαλάττης
1045 1676 1218 1712 ποιεῖται
1247 1670 1408 1726 λόγους.
1447 1671 1515 1712 καὶ

63 1736 150 1780 εἷθ’
186 1738 318 1789 οὕτως
345 1742 574 1781 τελευταῖον
603 1736 830 1794 ἀρξώμεθα
854 1738 903 1793 †)
936 1733 1010 1779 οὖν
1038 1736 1119 1780 ἀπὸ
1148 1742 1223 1780 τοῦ
1251 1737 1419 1795 πρώτου
1447 1737 1515 1779 καὶ

64 1806 356 1862 σκοπὴσωμεν,
395 1807 431 1849 εἲ
459 1803 481 1848 ὃ
514 1804 664 1859 ἄνεμος
694 1804 774 1861 ἀήρ
804 1804 889 1847 ἐστι
917 1803 1173 1859 κινούμενος,
1211 1807 1279 1848 καὶ
1313 1803 1516 1862 πρότερον

0 1867 4 1872 ’
65 1875 101 1916 εἷ
132 1875 246 1917 δοκεῖ
268 1879 328 1933 τῷ
358 1872 617 1931 ἀντικειμένῳ
656 1872 1010 1928 συνηγορήσωμεν.
1060 1872 1261 1916 τοσοῦτόν
1298 1886 1448 1930 φησιν·
1493 1870 1514 1914 ὃ

64 1940 214 1996 ἄνεμος
242 1940 321 1999 ἀὴρ
350 1939 583 1996 κινούμενός
610 1941 732 1994 ἐστιν,
764 1939 828 1983 ὅτι
849 1941 916 1982 καὶ
936 1937 1053 1994 ἧμεῖς
1077 1939 1194 1983 αὐτοὶ
1216 1944 1420 1990 κινοῦντες
1443 1938 1517 1982 τὸν

65 2008 167 2066 ἀέρα
196 2009 346 2065 ἄνεμον
373 2013 582 2064 ποιοῦμεν.
636 2006 777 2065 ῥιπίδα
804 2007 883 2064 γὰρ
914 2007 971 2049 δι’
1001 2007 1130 2051 αὐτοῦ
1159 2008 1434 2064 παράγοντες,
1467 2005 1515 2049 τὸ

66 2075 227 2131 ἀνέμων
254 2077 514 2135 ἐργαζόμεθα
539 2076 743 2131 ψύχοντες
770 2075 818 2118 τὸ
850 2079 984 2130 σῶμα.
1030 2075 1136 2118 ἀλλὰ
1166 2075 1333 2132 ῥητέον,
1374 2075 1438 2117 ὅτι
1468 2074 1515 2117 οὐ

66 2143 229 2198 γνήσιον
257 2151 451 2200 ποιοῦμεν
481 2144 631 2199 ἄνεμον
672 2143 750 2200 (οὗ
777 2143 856 2200 γὰρ
889 2143 934 2185 ἐκ
973 2147 1048 2198 τῆς
1090 2143 1332 2191 καπνώδους
1369 2144 1518 2197 γίνεται

71 2209 426 2268 ἀναθυμιάσεως),
455 2212 560 2255 ἀλλὰ
587 2215 745 2266 μᾶλλον
764 2211 910 2254 νόθον.
942 2209 1047 2252 ἀλλὰ
1071 2211 1274 2265 ζητητέον,
1304 2211 1348 2251 τί
1369 2209 1517 2262 δήποτε

71 2277 107 2318 εἶ
128 2277 172 2319 ἐκ
192 2282 267 2332 τῆς
294 2278 533 2328 καπνώδους
560 2277 879 2332 ἀναθυμιάσεως
911 2277 950 2319 οἳ
980 2276 1121 2330 ἄνεμοι
1150 2281 1224 2330 τῆς
1251 2279 1413 2332 θερμῆς
1434 2275 1518 2329 ψό-

67 2359 190 2397 χουσι
209 2344 325 2401 ††);
363 2347 428 2388 καὶ
459 2345 618 2402 ῥητέον,
650 2345 713 2387 ὅτι
732 2350 791 2402 τῷ
821 2346 992 2395 ἐξωθεῖν
1022 2343 1101 2400 ἀφ’
1126 2341 1242 2399 ἡμῶν
1270 2343 1342 2386 τὸν
1371 2360 1518 2400 προεκ-

117 2548 154 2593 *)
177 2548 258 2583 Ald.
281 2550 490 2596 γενομένας.

117 2614 171 2661 **)
198 2619 289 2662 Opp.
316 2620 403 2653 Seci-
427 2620 498 2662 ΙΙΙ,
522 2630 558 2663 p.
582 2619 641 2660 79,
665 2619 722 2650 22.
759 2617 815 2650 ed.
839 2617 965 2651 Fotis.

117 2681 194 2726 ***)
219 2686 305 2720 Ald.
329 2675 618 2730 ὅνομαζοὶμενοι.

120 2749 164 2793 †)
187 2748 272 2784 Ald.
299 2750 507 2793 εἰρξόμεθα.

122 2818 192 2861 ††)
216 2816 464 2853 Conferendus
480 2817 558 2864 ipse
572 2818 615 2864 (si
626 2818 694 2855 Dis
704 2818 1125 2865 placet)Aristoteles
1142 2819 1451 2862 Famem-XXVI,
1464 2819 1518 2852 51.

1109 2893 1160 2928 16
