1774 3198
404 375 627 416 LIBRUM
655 375 984 416 SECUNDUM.
1042 376 1160 417 CAP.
1184 377 1238 416 11.
1441 369 1535 413 519

94 493 208 529 tinus
236 487 429 528 reddunt.
491 490 664 529 Oce-ulto
694 490 806 528 enim
831 490 984 529 itinere
1010 487 1121 528 subit
1137 496 1298 537 terras,
1327 496 1368 528 et
1382 490 1534 540 palam

91 560 229 606 venit,
255 565 413 595 secreto
442 559 689 607 revertitur,
717 553 959 611 edaturque
979 558 1024 596 in
1043 558 1232 596 transitu
1251 570 1392 596 mare.-
1423 558 1536 610 quod

88 640 166 678 per
186 625 434 676 multiplices
454 625 683 678 anfi-actm
712 633 926 665 terrarum
949 623 1235 675 verberatam,
1270 626 1532 664 amaritudi-

93 708 185 732 nem
195 694 334 745 ponit,
346 700 388 731 et
396 695 662 744 pravitatem
677 696 844 746 saporis
861 696 908 734 in
926 700 1054 732 tanta
1070 692 1153 731 soli
1167 693 1380 730 varietate
1398 693 1528 742 exuit,

91 769 133 800 et
152 764 198 800 in
215 762 422 799 sinceram
443 773 608 813 aquam
627 763 796 802 transit.
850 762 1094 801 Recentiore
1120 756 1249 799 aetate
1274 760 1414 799 eadem
1438 761 1527 813 opi-

91 830 212 869 nione
227 842 323 867 usus
343 842 511 880 eamque
530 829 654 868 tuitus
679 836 739 869 est
764 829 941 870 famosus
970 829 1040 868 ille
1065 827 1350 868 Kircherus
1376 827 1525 866 Mund.

52 900 59 912 ⁴
89 897 318 935 subter-ran.
346 897 437 934 Vol.
455 897 485 935 Ι.
516 920 568 926 -
607 895 663 944 εἷς
692 895 738 937 δὲ
764 899 839 951 γῆν
865 898 1012 936 omisso
1038 896 1204 935 articulo
1234 896 1280 935 F.
1306 897 1362 936 H.
1386 895 1440 935 N.
1469 917 1525 926 ——

88 966 138 1005 In
157 964 295 1004 verbis
318 960 424 1002 ἀλλὰ
452 959 527 1002 κᾶν
556 960 856 1021 ἀφανισθῇ,
897 962 1019 1006 πάλιν
1047 960 1206 1004 ἀναδῦ
1219 977 1392 1003 νουσιν
1429 977 1523 1002 ana-

86 1031 287 1072 coluthiae
305 1044 429 1082 genus
449 1031 783 1085 deprehenditur,
813 1047 944 1086 neque
963 1032 1256 1082 Aristoteli,
1285 1045 1416 1083 neque
1436 1031 1522 1069 aliis

86 1099 346 1152 scriptoribus
364 1100 611 1152 infrequens).
667 1103 731 1142 Ita
751 1102 858 1141 infra
877 1103 932 1149 ΙΙ,
951 1101 990 1150 4,
1043 1116 1053 1139 :
1084 1098 1267 1151 σημαίνει
1284 1096 1360 1151 γὰρ
1387 1113 1522 1138 κινου-

85 1166 211 1220 μένην
237 1164 465 1217 πνεύματος
493 1164 623 1220 ἆρχνν
654 1167 751 1218 πρὶν
779 1169 966 1222 φανερῶς
995 1163 1236 1218 ἐληλυθέναι
1275 1162 1363 1206 τὸν
1401 1162 1538 1210 &ver

85 1250 195 1287 μον,
226 1230 282 1281 ὡς
301 1231 464 1273 aveo-9221
495 1231 664 1274 αὐτῶν
692 1231 919 1286 ἐχόντων
948 1232 1024 1315 τὴν
1043 1230 1187 1288 αοχήν.
1220 1231 1330 1272 Hist.
1342 1233 1520 1272 animal.

84 1305 157 1351 VI,
177 1306 244 1342 27.
273 1316 315 1354 p.
336 1303 418 1340 310
448 1300 591 1342 Schna
608 1301 796 1383 tyt'vmtrou
825 1300 902 1355 μὲν
930 1317 1003 1343 ουν
1029 1301 1120 1355 περὶ
1150 1316 1224 1342 τον
1247 1297 1397 1354 χρόνον
1424 1302 1519 1340 τοῦ-

83 1384 155 1411 τον
184 1368 250 1410 καὶ
279 1365 304 1421 ἦ
332 1367 482 1422 θήὶεια
509 1369 576 1411 καὶ
604 1366 626 1410 ὃ
659 1367 791 1425 ἄρρην
823 1368 1023 1411 πιότατοι.
1065 1365 1164 1409 ὅταν
1192 1366 1234 1408 δ’
1258 1365 1515 1422 ἐκθρέψῃ,

80 1437 206 1493 τρίτῳ
235 1436 333 1490 μηνὶ
363 1435 710 1493 ἔκφαίνουσιν
739 1435 818 1490 ἤδη
848 1439 922 1478 τοῦ
951 1435 1082 1491 ἔαρος.
1123 1438 1210 1478 Cfr.
1242 1436 1516 1476 Markland

81 1507 134 1546 ad
162 1507 341 1558 Eurip.
365 1507 509 1557 Suppl.
531 1506 625 1557 453,
665 1506 934 1546 Heindorf
958 1506 1010 1545 ad
1027 1506 1221 1546 Platon.
1245 1505 1373 1556 Gorg.
1398 1505 1513 1551 §.75.

80 1588 121 1627 p.
141 1576 235 1613 105.
267 1574 320 1612 ad
348 1575 577 1627 Protagor.
610 1576 646 1626 §.
667 1577 737 1613 28.
768 1587 810 1626 p.
832 1573 928 1614 499.
1334 1566 1340 1573 ”

194 1640 260 1680 24.
289 1642 485 1692 ποταμῶν
502 1643 649 1694 absque
665 1642 834 1680 articulo
854 1642 900 1680 F.
924 1665 974 1670 —
1005 1637 1124 1693 μήκει
1143 1639 1210 1681 καὶ
1229 1642 1288 1698 τῷ
1304 1639 1418 1698 τόπῳ
1440 1657 1512 1683 ex-

81 1709 223 1748 hibent
246 1709 300 1748 H.
321 1708 375 1747 N.
411 1729 464 1739 —-
510 1707 586 1756 εῗς
622 1705 776 1760 τήνδε
813 1705 907 1761 τὴν
944 1706 1239 1758 θάλατταν,
1275 1724 1394 1762 quam
1420 1711 1513 1750 alibi

80 1774 155 1828 τὴν
182 1772 264 1815 ἔσω
290 1771 507 1815 θάλατταν
533 1776 719 1826 vocavit,
749 1782 794 1815 ut
809 1788 929 1830 supra
945 1791 968 1816 a
988 1777 1103 1817 nobis
1126 1777 1372 1818 adnotatum.
1429 1780 1514 1818 La-

80 1844 156 1882 tini
194 1844 313 1882 etiam
348 1844 616 1883 internum
651 1857 790 1884 mare
824 1845 874 1883 ab
914 1859 1098 1885 oceano
1135 1845 1368 1885 distinxere.
1424 1847 1511 1886 Cfr.

81 1910 390 1951 Tzschucke
417 1911 469 1950 ad
498 1910 738 1964 Pompon.
766 1912 883 1951 Mel.
913 1914 974 1962 11,
1002 1915 1051 1962 6,
1081 1917 1120 1953 2.
1141 1919 1197 1952 'et
1221 1926 1322 1966 quae
1348 1916 1512 1953 Bern-

79 1977 245 2030 hardy
272 1980 428 2018 monuit
454 1979 507 2018 ad
534 1979 750 2031 Dionys.
780 1978 1036 2032 Perieget.
1054 1993 1097 2033 p.
1113 1982 1208 2020 521.
1239 1979 1426 2020 Strabo
1454 1981 1508 2020 Π.

77 2061 120 2099 p.
140 2045 219 2087 124
249 2052 367 2087 vocat
394 2042 545 2099 νήσους
572 2043 647 2094 τὰς
679 2043 785 2087 καθ’
815 2042 926 2099 ἡμᾶς
961 2047 1112 2087 insulas
1144 2048 1190 2087 in
1214 2049 1375 2089 interno
1411 2049 1512 2087 mari

78 2115 186 2153 sitas.

191 2183 259 2220 25.
288 2177 402 2220 ἄλλοι
431 2179 475 2220 δὲ
504 2179 706 2234 λέγουσιν,
733 2182 871 2221 addito
901 2179 957 2221 δέ
980 2184 1028 2222 E.
1058 2203 1107 2209 --
1142 2178 1314 2230 ἑκάστου
1341 2182 1382 2220 ίιι
1404 2195 1512 2220 mar-

80 2248 172 2299 gine
192 2246 374 2286 exhibuit
389 2250 437 2287 F.
451 2272 502 2278 —
529 2249 669 2287 Verba
684 2249 817 2287 ταῦτα
835 2246 886 2299 δὴ
905 2246 1039 2288 πάντα
1060 2276 1161 2289 .....
1179 2247 1388 2301 συμβαίνει
1408 2248 1511 2287 omi-

81 2316 132 2354 sit
159 2315 207 2354 F.
246 2336 304 2364 7-
358 2315 544 2367 Denique
580 2312 655 2366 τὴν
679 2312 809 2368 ἀρχὴν
839 2313 994 2355 ἐκεῖθεν
1021 2313 1214 2369 ἐχούσης,
1251 2318 1414 2356 inverso
1442 2329 1511 2354 or-

83 2383 177 2421 dine
205 2383 257 2420 H.
278 2382 334 2422 N.

194 2453 261 2488 26.
289 2449 516 2488 Articulum
537 2455 629 2489 ante
644 2446 770 2496 τόπος
787 2447 1134 2489 omittunt‘Alex.
1164 2450 1235 2490 fol.
1254 2451 1319 2500 94,
1335 2451 1372 2490 b.
1401 2452 1509 2491 Cam.

81 2519 124 2557 S.
146 2518 233 2557 cas.
253 2540 308 2546 —
347 2509 467 2563 οὗτός
494 2515 601 2556 ἐστιν
630 2518 774 2557 ordine
806 2519 970 2558 inverso
998 2521 1046 2557 F.
1069 2519 1120 2558 A.
1143 2519 1255 2557 Cam.
1277 2519 1322 2556 P.
1342 2519 1426 2558 Cas.
1456 2539 1510 2548 —

82 2582 155 2624 οὒκ
183 2582 282 2623 ἄλλο
312 2582 418 2637 πλὴν
446 2581 537 2636 ῥέον
568 2585 611 2624 in
630 2599 703 2625 suo
728 2587 912 2638 repperit
933 2587 987 2625 G.
1016 2586 1087 2624 sed
1109 2585 1216 2636 quod
1238 2599 1344 2624 nunc
1365 2586 1511 2637 legitur

81 2649 234 2705 ἄδηλον
261 2650 365 2705 πλὴν
395 2649 487 2706 ῥέον
522 2652 603 2691 iam
631 2654 825 2692 correxit.
859 2674 916 2682 -—
970 2648 1157 2714 ὖπ-ομένει
1196 2665 1272 2704 pro
1301 2653 1510 2704 participio

79 2714 280 2770 ὑπομένον
310 2721 534 2771 recepimus
555 2734 647 2759 cum
665 2722 713 2760 E.
733 2721 855 2760 Alex.
875 2721 986 2760 Cam.
1011 2734 1060 2773 γρ
1097 2721 1186 2760 cas.
1218 2729 1358 2758 contra
1383 2715 1511 2758 stante

81 2800 174 2825 cum
193 2789 282 2827 rell.
298 2789 498 2827 Bekkero.
518 2810 574 2815 -—
603 2784 651 2826 δι’
672 2784 735 2827 ὅτι
764 2802 840 2840 pro
859 2784 962 2827 διότι
980 2789 1029 2826 A.
1051 2787 1161 2827 Cam.
1190 2812 1238 2817 --
1265 2782 1290 2838 ἧ
1313 2784 1415 2841 ἀρχή·
1439 2801 1511 2839 pm

82 2850 108 2903 ἢ
131 2850 235 2906 ἀρχή
265 2855 400 2907 inepte
427 2854 570 2894 Alex.
