1774 3198
245 350 342 395 604
459 358 904 399 COMMENTARIUS
931 359 991 398 IN
1022 359 1429 399 METEOROLOG.

242 467 406 523 τρόπον.
458 471 524 509 De
553 457 839 521 pulsationib'us
869 466 1119 522 (σφυγμοῖς)
1148 483 1364 522 eorumque
1390 468 1540 520 origine
1568 472 1640 509 cfr.

244 537 414 575 eundem
434 535 579 574 librum
601 549 642 587 p.
655 538 750 581 298,
764 539 811 574 31
826 547 910 586 sqq.
931 535 998 573 ubi
1015 536 1045 574 1.
1056 536 1108 575 43
1130 536 1245 575 dicit:
1274 533 1434 575 πάντων
1460 533 1536 587 γὰρ
1564 537 1643 574 τῶν

243 599 453 642 τοιουτέων
490 599 593 653 αἰτίη
632 603 706 640 τοῦ
742 597 965 652 πνεύματος
998 597 1024 652 ἦ
1056 599 1266 648 διόδευσις.
1342 602 1499 642 Deinde
1539 601 1645 652 apud

242 671 612 721 Hippocratem
647 681 929 719 saepenumero
964 669 1180 720 iunguntur
1217 666 1360 721 τρόμοι
1384 674 1434 707 et
1461 665 1645 721 σφυγμοί.

243 737 314 775 cfr.
334 749 376 776 v.
396 750 431 774 c.
461 735 509 772 de
528 732 654 772 morb.
679 734 886 785 vulgarib.
909 736 982 774 IV.
1010 749 1050 786 p.
1073 739 1201 781 1136,
1220 737 1267 774 F.
1301 736 1402 787 opp.
1431 736 1533 772 Sect.
1553 736 1645 774 VII.

182 799 189 805 ’
244 800 430 854 σφυγμοί,
460 796 615 852 τρόμοι,
642 800 831 850 σπασμοί,
851 797 997 853 λύγγες.
1014 822 1068 831 -
1096 798 1522 852 ἔναπολαμβανομένου
1540 801 1592 838 H.
1605 801 1646 838 S.

244 870 331 908 Cas.
362 869 430 919 qui
454 873 584 905 tamen
609 859 783 904 nostiam
811 868 1020 906 lectionem
1044 869 1088 907 in
1110 869 1285 918 margine
1313 867 1648 906 commemoravit.

243 930 603 984 ἄπολαμβανομένη
633 934 681 971 Ε.
702 933 819 973 Alex.
840 935 888 973 A.
905 955 961 962 --
990 931 1094 988 οὕτω
1113 931 1188 986 γὰρ
1208 933 1276 973 καί
1290 934 1425 972 addito
1443 930 1518 985 γάρ
1534 935 1647 971 E.-

243 1003 351 1039 ποιεῖ
373 1013 449 1051 pro
474 999 671 1038 infinitivo
696 1000 748 1037 H.
772 1000 824 1037 N.
849 1000 961 1038 Cam.
987 1023 1042 1030 --
1077 1002 1274 1051 Deinceps
1298 1013 1358 1045 τις
1385 1005 1474 1050 post
1495 995 1647 1050 τρόμος

243 1069 391 1106 omittit
412 1069 462 1107 E.
478 1089 535 1097 -
561 1062 654 1104 εἴσω
680 1078 754 1116 pro
771 1061 848 1104 ἴσω
877 1067 1098 1118 recepimus
1127 1081 1179 1106 ex
1206 1069 1253 1106 F.
1271 1067 1324 1106 H.
1343 1067 1396 1104 N.
1425 1070 1470 1103 ut
1490 1066 1521 1117 §-
1542 1068 1579 1103 1.
1595 1087 1646 1093 —-

242 1134 408 1172 τοιαῦτα
434 1129 509 1185 γὰρ
536 1131 718 1184 γίνεσθαι
746 1131 880 1170 addito
909 1129 985 1185 γάρ
1013 1135 1065 1172 Η.
1084 1134 1138 1173 Ν.

354 1199 423 1237 16.“
448 1197 489 1237 ἒν
511 1203 600 1235 ante
619 1198 678 1250 τῷ
698 1194 783 1250 ἀέρι
806 1199 995 1237 omittunt
1016 1200 1066 1238 E.
1090 1200 1131 1238 S.
1155 1222 1206 1228 —-
1235 1198 1438 1237 Articulus
1456 1201 1540 1243 τοῖς
1557 1203 1648 1235 ante

242 1266 322 1304 τῶν
341 1262 452 1319 ζῴων
473 1264 583 1302 deest
601 1264 643 1301 in
662 1265 705 1301 E.
726 1267 775 1302 A.

354 1334 420 1369 17.
459 1329 601 1369 Tetani
627 1328 932 1379 descriptionem
960 1335 1139 1380 petamus
1166 1342 1218 1367 ex
1246 1330 1563 1381 Hippocrate
1598 1330 1647 1368 de

243 1397 371 1436 morb.
390 1399 441 1436 H.
483 1396 589 1445 Opp.
610 1393 714 1433 Sect.
731 1396 784 1434 V.
813 1407 852 1445 p.
872 1394 973 1444 491,
993 1395 1018 1432 4
1035 1408 1143 1446 sqq-2
1176 1392 1227 1433 Οἱ
1255 1392 1410 1434 τέτανοι
1438 1393 1535 1435 ὅταν
1563 1394 1648 1434 ἔπι-

242 1461 420 1514 λάβωσιν
452 1459 490 1501 οἳ
517 1457 894 1514 γένυεςπεπήγασιν
923 1455 978 1507 ὡς
1005 1457 1105 1507 ξύλα
1140 1459 1206 1499 καὶ
1239 1457 1285 1499 τὸ
1323 1459 1454 1512 στόμα
1493 1461 1648 1514 διοίγειν

244 1527 292 1569 οὗ
321 1525 509 1576 δύναται,
547 1527 613 1567 καὶ
644 1525 680 1566 οἱ
710 1524 922 1580 ὀφθαλμοὶ
951 1523 1172 1580 δακρύουσί
1203 1541 1245 1566 τε
1282 1526 1347 1566 καὶ
1384 1527 1648 1567 ῗλλαίνονται·

243 1595 309 1636 καὶ
338 1592 384 1634 τὸ
413 1591 662 1647 μετάφρενον
689 1591 848 1646 πέπηγε.
899 1593 965 1633 καὶ
993 1591 1044 1633 τὰ
1073 1591 1210 1633 σκέλεα
1239 1590 1284 1632 οὒ
1315 1591 1502 1634 δύνανται
1529 1591 1650 1634 συνά-

243 1675 344 1715 γειν,
386 1656 535 1712 ὁμοίως
563 1656 655 1699 οὐδὲ
685 1657 743 1700 τὼ
766 1664 894 1713 χεῖρε·
945 1659 1010 1700 καὶ
1040 1656 1086 1699 τὸ
1115 1656 1331 1712 πρόσωπον
1367 1658 1537 1714 ἕρεύθει.
1583 1661 1650 1701 καὶ

246 1725 406 1781 σφόδρα
433 1724 623 1767 ὄδυνᾶται
650 1725 715 1766 καὶ
745 1722 889 1766 ὁκόταν
916 1723 1189 1778 ἀποθνήσκειν
1213 1724 1340 1780 μέλλῃ
1349 1755 1362 1777 ,
1405 1725 1554 1778 ἀνεμέει
1583 1726 1649 1767 διὰ

244 1796 324 1834 τῶν
353 1791 472 1847 ῥινῶν
499 1792 566 1833 καὶ
592 1790 638 1832 τὸ
668 1789 780 1844 πόμα
807 1792 872 1832 καὶ
898 1790 944 1832 τὸ
974 1790 1141 1846 ῥόφημα
1170 1792 1236 1832 καὶ
1265 1790 1310 1832 τὸ
1331 1791 1497 1850 φλέγμα.
1533 1786 1650 1841 οὗτος

243 1864 444 1912 τριταῖος,
471 1856 497 1911 ἢ
516 1864 757 1910 πεμπταῖος,
787 1856 812 1911 ’ἢ
832 1856 1118 1909 ἑβδοματαΐος,
1147 1856 1651 1912 ἢτεσσαρεςκαιδεκαταῖος

245 1921 476 1964 ἀπόλλυται.
502 1923 652 1971 ταύτας
672 1924 716 1963 δὲ
734 1922 938 1977 διαφυγὼν
965 1920 1078 1976 ὑγιὴς
1094 1924 1251 1976 γίνεται.
1264 1946 1317 1954 ——
1335 1924 1408 1975 μέν
1424 1933 1513 1977 post
1532 1923 1651 1965 πνεύ-

243 2003 372 2042 ματος
398 1990 544 2028 omittit
559 1993 606 2029 F.
631 2011 680 2020 —
709 1990 866 2029 Deinde
882 1991 1044 2028 inverso
1067 1991 1206 2029 ordine
1228 1987 1342 2040 ἰσχῦν
1360 1988 1515 2041 ἔχουσιν
1531 2006 1650 2043 prae-

243 2057 340 2095 bent
359 2057 406 2094 F.
429 2057 483 2095 H.
503 2057 558 2094 N.
583 2077 640 2087 -
666 2053 712 2095 τὸ
733 2057 915 2103 τοιοῦτον
943 2055 1007 2095 δεῖ
1029 2070 1104 2108 pro
1131 2053 1177 2096 τὸ
1206 2053 1303 2096 αὐτὸ
1335 2056 1398 2095 δεῖ
1421 2063 1480 2095 est
1498 2058 1540 2096 in
1560 2058 1648 2096 cod.

243 2124 293 2160 F.
322 2117 368 2160 τὸ
390 2122 572 2161 τοιοῦτον
601 2119 650 2172 δὴ
680 2121 743 2161 δεῖ
765 2123 925 2162 exhibet
940 2124 994 2162 N.
1022 2119 1068 2162 τὸ
1097 2119 1195 2162 αὐτὸ
1225 2122 1289 2161 δεῖ
1312 2126 1414 2162 νοεῖν
1441 2120 1486 2162 τὸ
1516 2126 1650 2162 τοιοῦ-

245 2201 316 2226 τον
342 2184 544 2239 γινόμενον
572 2190 624 2227 Η.
645 2189 754 2228 Cam.
776 2190 821 2228 P.
845 2190 931 2228 Cas.
953 2211 1009 2220 -·
1035 2190 1218 2240 Denique
1234 2186 1334 2241 μίγα
1353 2203 1428 2240 pro
1446 2188 1580 2239 μεῖζον
1598 2192 1646 2231 F.

249 2255 358 2294 Cam.
383 2243 445 2306 γ-ρ.
464 2255 547 2293 cas.
566 2255 702 2302 cfr.11,
714 2259 753 2304 9,
767 2259 812 2294 6:
842 2250 896 2302 ὡς
914 2252 1150 2307 παρεικάσαι
1168 2254 1313 2306 μείζονι
1339 2252 1481 2308 μικρὸν
1502 2252 1648 2301 πάθος.

250 2322 363 2370 Quae
381 2319 644 2371 proverbialis
659 2321 807 2359 locutio
823 2322 944 2360 fuisse
962 2323 1135 2361 videtur.
1188 2323 1303 2360 Hist.
1325 2323 1452 2359 anim.
1480 2323 1522 2370 I,
1543 2323 1580 2361 5.
1607 2335 1647 2373 p.-

248 2386 392 2435 49o,a:
417 2380 471 2431 ὥς
487 2382 627 2439 μικρὸν
646 2381 798 2425 εἰκάσαι
816 2383 987 2442 μεγάλῳ.
1017 2388 1153 2438 Virg.
1173 2387 1355 2438 Eclog.I‚
1368 2387 1438 2425 24:
1460 2389 1531 2425 Sic
1541 2401 1650 2437 par-

247 2453 313 2490 vis
331 2465 567 2501 componere
587 2465 746 2503 magna
764 2453 956 2494 solebam.
986 2454 1134 2504 Georg.
1146 2454 1216 2502 IV,
1231 2457 1306 2492 176
1321 2468 1330 2491 ε
1348 2455 1386 2491 εἰ
1396 2466 1540 2503 parva
1555 2453 1650 2490 lieet

249 2531 483 2568 componere
501 2518 678 2567 magnis.
706 2518 829 2557 Plin.
850 2520 986 2568 Epist.
1002 2520 1053 2568 V,
1072 2523 1116 2557 6:
1145 2526 1190 2558 ut
1204 2506 1355 2568 ’parva
1372 2520 1532 2569 magnis
1551 2531 1650 2554 eon·
1711 2560 1714 2570 Ι

239 2584 444 2635 seramus.
469 2582 588 2622 Adde
606 2582 749 2622 Ovid.
768 2585 942 2622 Metam.
958 2583 1110 2632 V,416.
1140 2585 1266 2626 Stat.
1286 2584 1389 2622 Silas.
1415 2586 1447 2633 1,
1467 2585 1506 2632 5,
1527 2585 1592 2620 61.

361 2651 426 2687 18.
461 2649 640 2699 πολλαχῆ
669 2662 743 2700 pro
762 2650 966 2700 πολλαχοῦ
986 2651 1039 2688 H.
1057 2651 1110 2688 N.
1131 2670 1181 2677 -
1211 2662 1272 2695 τις
1290 2663 1366 2701 pro
1386 2646 1468 2688 τίσί
1489 2646 1648 2686 exhibet

250 2716 298 2754 F.
319 2735 374 2742 —-
399 2709 498 2766 ὑπὲρ
521 2715 592 2765 τῆς
615 2715 686 2765 γῆς
709 2716 844 2767 recepi
871 2729 923 2753 ex
938 2716 991 2756 H.
1012 2716 1063 2754 N.
1082 2716 1132 2759 A.
1154 2716 1263 2754 Cam.
1286 2716 1330 2753 P.
1351 2714 1433 2752 cas.
1459 2708 1557 2765 ὑπὲρ
1577 2714 1650 2763 τῆς

250 2779 394 2818 omisso
412 2780 483 2831 γῆς
501 2781 550 2820 E.
578 2781 737 2832 Reliqui
765 2795 855 2821 eum
872 2781 1000 2822 Bekk.
1027 2775 1126 2834 ὑπὲρ
1141 2783 1225 2833 γῆς.
1243 2800 1296 2813 -
1325 2775 1455 2832 γέγονε
1473 2791 1548 2830 pro
1567 2776 1649 2830 ἐγέ-
