1820 3158
303 310 361 352 16
408 316 795 360 —12-341‚b·1³ekk·—
873 322 976 361 Lm.
988 323 1022 362 1.
1052 322 1171 361 GAP.
1184 322 1255 361 1v.
1323 324 1681 366 —p.3381².cas.-

243 430 266 463 6
293 430 421 480 μῆκος
437 423 577 480 μόνον,
604 427 642 467 οἳ
663 426 897 480 καλούμενοι
918 430 1033 470 δαλοὶ
1056 431 1119 470 καὶ
1139 427 1244 484 αἶγες
1264 432 1328 470 καὶ
1347 430 1520 487 ἀστέρες.
1563 441 1603 477 6.
1619 436 1701 476 Καὶ

295 492 364 534 ἐὰν
381 493 455 546 μὲν
475 493 594 535 πλέον
612 493 658 534 τὸ
676 491 909 547 ὑπέκκαυμα
927 490 953 550 ᾗ
973 495 1075 536 κατὰ
1095 495 1141 536 τὸ
1160 500 1288 549 μῆκος
1305 495 1331 549 ἢ
1349 496 1396 537 τὸ
1418 497 1580 549 πλάτος,
1603 500 1701 543 ὅταν

291 561 366 613 μὲν
394 557 480 601 οἷον
508 559 829 615 ἀποσπινθηρίζῃ
854 558 940 614 ἅμα
969 560 1163 614 καόμενον
1211 563 1357 615 (τοῦτο
1387 563 1432 604 δὲ
1460 566 1606 618 γίνεται
1634 567 1701 608 διὰ

291 626 337 668 τὸ
357 629 738 680 παρεκπυροῦσθαι,
767 625 868 667 κατὰ
893 626 1018 682 μικρὰ
1041 627 1136 679 μέν,
1166 627 1230 668 ἐπ’
1254 627 1382 683 ἀρχὴν
1403 630 1492 686 δέ),
1536 632 1600 682 α’ἱξ
1628 650 1702 675 κα-

291 697 436 744 λεῖται,
477 691 575 733 ὅταν
603 691 644 732 ‹5’
670 690 762 733 ἄνευ
789 689 937 733 τούτου
963 695 1038 734 τοῦ
1064 692 1250 745 πάθους,
1291 694 1436 744 δαλός·
1478 697 1547 739 ἐὰν
1579 699 1623 740 δὲ
1651 699 1702 741 τὰ

289 758 395 812 μήκη
417 761 490 811 τῆς
515 757 827 811 ἀναθυμιάσεως
852 757 956 800 κατὰ
981 758 1106 814 μικρά
1133 774 1176 800 τε
1205 762 1270 801 καὶ
1298 765 1480 820 πολλαχῇ
1512 766 1704 821 διεσπαρ-

288 825 389 878 μένα
406 818 433 880 ’ᾖ
455 825 521 865 καὶ
542 822 691 878 ὁμοίως
717 824 820 866 κατὰ
847 823 1000 873 πλάτος
1028 826 1093 867 καὶ
1110 824 1271 877 βάθος,
1300 827 1338 868 οἱ
1356 822 1565 879 δοκούντες
1584 831 1704 873 ἄστε’-

234 898 261 934 7
291 907 357 945 ρες
386 889 555 932 διάττειν
584 891 771 944 γίνονται.
839 896 879 933 7.
912 889 1004 934 ‘Ore
1032 891 1107 945 μὲν
1138 887 1211 934 οὖν
1239 890 1318 935 ὕπὸ
1351 898 1424 948 τῆς
1454 896 1644 950 κινήσεως
1676 896 1702 951 ἦ

290 958 563 1010 ἀναθυμίασις
587 957 805 1011 ἕκκαομένη
837 962 952 1016 γεννᾷ
979 957 1103 999 αὐτά·
1142 956 1210 1000 ὅτὲ
1240 960 1284 1000 δὲ
1313 957 1390 1002 ὕπὸ
1422 966 1494 1003 τοῦ
1529 963 1596 1005 διὰ
1628 964 1702 1019 τὴν

288 1023 411 1078 ψύξιν
439 1023 728 1077 συνισταμένου
755 1023 873 1077 ἀέρος
901 1023 1130 1079 ἐκκρούεται
1165 1026 1232 1066 καὶ
1263 1025 1493 1079 ἐκθλίβεται
1530 1028 1577 1070 τὸ
1605 1033 1702 1086 θερ-

288 1091 389 1144 μόν,
427 1089 489 1132 διὸ
521 1092 585 1131 καὶ
614 1089 734 1131 ἔοικεν
771 1088 796 1143 ἣ
824 1089 934 1146 φορὰ
971 1090 1083 1147 ῥίψει
1119 1092 1275 1143 μᾶλλον
1311 1092 1467 1143 αὐτῶν,
1507 1094 1601 1136 ἀλλ’
1627 1095 1701 1138 οὒκ

233 1165 259 1202 8
290 1158 482 1200 ἐκκαύσει.
560 1163 599 1198 ὃ.
623 1156 869 1211 ,Ἀπορήσειε
906 1156 983 1212 γὰρ
1021 1155 1070 1198 ἄν
1103 1173 1164 1206 τις
1201 1157 1371 1214 πότερον
1408 1158 1541 1216 ὥσπερ
1567 1159 1592 1214 ἦ
1619 1160 1698 1204 ὑπὸ

286 1225 382 1273 τοὺς
410 1223 579 1277 λύχνους
607 1224 795 1277 τιθεμένη
833 1222 1106 1276 ἀναθυμίασις
1143 1223 1222 1265 ἀπὸ
1257 1228 1329 1278 τῆς
1360 1224 1520 1267 ἄνωθεν
1550 1227 1701 1282 φλογὸς

287 1291 400 1334 ἅπτει
422 1290 493 1332 τὸν
513 1289 698 1331 κάτωθεν
721 1289 864 1343 λύχνον
892 1288 1132 1345 (θαυμαστὴ
1157 1288 1234 1344 γὰρ
1266 1291 1330 1332 καὶ
1358 1289 1506 1333 τούτου
1528 1290 1554 1346 ἡ
1574 1309 1699 1346 ταχυ-

285 1356 358 1412 τῆς
385 1358 469 1399 ἐστι
499 1358 565 1398 καὶ
589 1355 711 1410 ὁμοία
736 1356 869 1411 ῥίψει,
902 1356 994 1398 ἀλλ’
1021 1355 1094 1409 οὐχ
1122 1353 1177 1405 ὥς
1204 1355 1328 1398 ἄλλον
1359 1359 1425 1399 καὶ
1448 1356 1573 1400 ἄλλον
1590 1375 1698 1414 γινο-

285 1424 407 1478 μένου
427 1422 594 1478 πυρός),
624 1422 649 1477 ἢ
671 1422 801 1479 ῥίψεις
821 1427 894 1465 τοῦ
920 1422 1044 1464 αὐτοῦ
1073 1420 1262 1475 σώματός
1285 1424 1383 1465 εἶσιν
1402 1423 1446 1465 αἱ
1465 1426 1695 1480 διαδρομαί.

231 1496 256 1532 9
287 1497 325 1533 9.
354 1490 486 1532 ’Έοικε
519 1490 563 1531 δὲ
592 1489 641 1543 δὴ
677 1489 735 1531 δι’
765 1489 914 1546 ἄμφω·
955 1491 1020 1531 καὶ
1047 1488 1122 1543 γὰρ
1154 1487 1283 1537 οὕτως
1305 1487 1359 1537 ὥς
1386 1487 1409 1543 ἦ
1436 1489 1513 1532 ἀπὸ
1538 1496 1611 1532 τοῦ
1632 1491 1698 1533 λύ-

282 1573 382 1609 χνου
409 1557 579 1612 γίνεται,
615 1557 682 1597 καὶ
712 1555 796 1597 ἔνια
833 1555 899 1597 διὰ
935 1555 981 1597 τὸ
1011 1556 1275 1607 ἐκθλίβεσθαι
1311 1554 1524 1609 ῥιπτεῖται,
1564 1557 1698 1613 ὥσπερ

284 1691 397 1730 fiunt.
453 1694 491 1728 6.
518 1691 572 1728 Et
592 1689 749 1739 quando
767 1690 917 1728 maiore
941 1688 1187 1740 longitudine
1212 1689 1379 1739 gaudet,
1401 1679 1536 1741 ‘quam
1562 1692 1698 1731 latitu-

285 1758 378 1796 dine
395 1756 660 1795 succensionis
679 1756 854 1804 materia,
882 1755 1038 1806 quando
1057 1755 1212 1793 incensa
1229 1755 1417 1794 scintillas
1435 1757 1555 1796 mittit
1572 1757 1698 1810 (quod

283 1824 342 1873 fit,
361 1823 545 1892 &oniam
566 1836 640 1873 per
658 1828 788 1883 partes
808 1822 970 1873 quidem
988 1822 1157 1872 exiguas,
1182 1820 1253 1859 sed
1271 1822 1429 1872 penitus
1447 1823 1696 1876 incendatur)

283 1887 436 1942 capra
452 1894 634 1938 vocatur,
666 1888 821 1940 quando
838 1888 982 1939 absque
999 1885 1069 1925 illo
1088 1886 1373 1938 phaenomeno,
1396 1888 1419 1926 f
1423 1901 1444 1926 a
1452 1901 1493 1928 x.
1523 1890 1694 1939 Quando

282 1969 382 1995 vero
411 1955 703 2006 evaporatio-nis
732 1955 947 2005 particulae
974 1953 1022 1992 ab
1045 1954 1153 1991 omni
1183 1960 1297 2004 parte
1317 1953 1496 1993 divulsae
1519 1961 1611 1994 sunt
1628 1970 1695 1995 se-

282 2022 456 2061 cundum
489 2021 776 2072 longitudinem
813 2022 963 2072 pariter
1002 2034 1046 2059 ac
1077 2019 1326 2058 latitudinem
1363 2026 1403 2059 et
1432 2020 1693 2071 altitudinem,

280 2089 440 2138 stellae,
468 2101 567 2139 quae
593 2087 808 2127 transsilire
834 2087 1039 2136 videntur,
1069 2086 1185 2126 fiunt.
1243 2089 1283 2126 7.
1314 2086 1521 2125 Interdum
1540 2101 1694 2138 provo-

281 2162 344 2194 cat
370 2169 434 2194 eas
464 2155 713 2205 evaporatio,
744 2159 856 2192 motu
876 2155 1034 2192 incensa
1042 2166 1054 2202 ς
1090 2142 1293 2191 interdu'm
1322 2166 1421 2195 vero
1453 2154 1571 2191 etiam
1597 2156 1694 2194 cali-

281 2222 378 2261 dum
393 2221 608 2272 expellitur
627 2227 667 2258 et
684 2220 923 2270 extruditur,
941 2219 1099 2271 quando
1116 2222 1185 2257 a‘er
1201 2225 1369 2270 propter
1385 2219 1508 2271 frigus
1528 2222 1692 2271 cogitur,

282 2302 399 2340 quam
423 2289 474 2327 ob
496 2301 584 2326 rem
610 2293 740 2325 motus
767 2301 901 2326 earum
933 2286 1154 2324 iaculationi
1181 2286 1347 2324 similior
1377 2293 1457 2336 est,
1487 2300 1601 2338 quam
1628 2288 1693 2325 in-
1732 2298 1734 2300 ’

282 2356 466 2394 censioni.
522 2358 560 2392 8.
593 2355 768 2404 Quaerat
787 2355 891 2392 enim
909 2353 1072 2404 aliquis,
1103 2359 1238 2391 utrum
1261 2353 1466 2391 stellarum
1493 2359 1692 2391 transcur-

282 2437 348 2461 sus
374 2422 494 2470 fiant,
531 2420 866 2472 quemadmodum
895 2419 1092 2458 exhalatio
1122 2420 1225 2457 infra
1255 2419 1457 2458 lucernam
1486 2419 1611 2469 posita
1639 2418 1691 2455 de

282 2488 487 2540 superiore
505 2486 662 2526 flamma
683 2487 914 2526 inferiorem
937 2485 1131 2534 accendit,
1163 2484 1281 2536 (mira
1300 2486 1403 2523 enim
1424 2491 1483 2522 est
1498 2484 1691 2530 celeritas,

282 2567 358 2606 qua
380 2553 423 2591 id
442 2553 531 2591 fieri
560 2554 680 2600 solet,
711 2560 752 2592 et
778 2554 915 2592 similis
935 2552 1180 2602 iaculationi,
1209 2563 1452 2602 nequaquam
1473 2562 1570 2587 vero
1592 2551 1692 2599 talis,

281 2626 328 2658 ut
344 2620 443 2658 alius
463 2625 579 2670 atque
606 2620 705 2657 alius
731 2621 831 2670 ignis
859 2618 1096 2670 efficiatur),
1129 2632 1180 2656 an
1203 2617 1436 2656 iaculatione
1464 2615 1561 2653 fiant
1586 2616 1690 2654 eius·

282 2686 372 2725 dem
394 2686 582 2737 corporis.
640 2689 678 2724 9.
712 2687 914 2726 Videntur
938 2691 1071 2723 autem
1097 2694 1262 2734 utraque
1288 2683 1376 2721 fieri
1391 2682 1556 2720 ratione.
1598 2682 1690 2720 Alia

283 2753 389 2790 enim
421 2757 691 2802 provocantur
723 2752 863 2790 eodem
891 2751 1032 2798 modo,
1069 2763 1147 2800 quo
1178 2749 1335 2786 flamma
1360 2762 1384 2785 a
1404 2748 1587 2796 lucerna,
1614 2747 1690 2786 alia
