1786 3178
307 362 452 404 XVIII
800 357 1207 400 PRAEFATIO.

306 473 412 514 hanc
444 472 710 527 paraphrasin
744 470 1022 521 adscriberet,
1061 471 1128 510 cui
1156 468 1395 524 adstipulati
1423 479 1518 511 sunt
1545 470 1578 511 P
1590 479 1669 511 atr
1680 473 1712 511 i-

307 544 352 582 ci
362 556 388 582 u
400 555 419 581 s
443 541 481 594 3)
499 570 511 590 ,
550 540 580 580 S
591 554 612 580 c
623 539 649 578 h
662 554 686 578 n
700 552 723 578 e
734 539 748 577 i
761 538 786 578 d
796 551 882 579 eru
892 552 913 579 s
936 537 995 593 ⁴).
1050 536 1175 579 Hunc
1203 537 1492 579 Alexandrum
1522 538 1711 594 Aegeum

306 608 473 649 laudant
501 608 529 647 S
540 609 602 646 im
615 605 741 660 plici
755 621 779 645 u
791 619 810 646 s
842 607 884 646 in
905 607 1203 647 commentario
1231 607 1284 647 ad
1310 605 1568 661 categorias,
1599 606 1630 646 S
1642 622 1669 647 u
1679 608 1711 647 i·

306 677 330 716 d
342 691 366 715 a
377 690 396 716 s
433 689 469 714 v.
500 674 758 727 Ἀλέξανδρος
797 682 838 713 et
872 673 981 714 Eud
991 687 1016 714 o
1028 675 1075 714 ci
1086 687 1112 713 a
1141 675 1192 728 ⁵).
1223 700 1272 706 -ψ
1330 673 1604 728 paraphrasis
1631 676 1712 715 ista

304 744 452 796 prodiit
472 755 552 781 una
577 756 667 781 cum
695 740 716 781 I
725 756 750 782 o
761 757 785 782 a
796 756 822 782 n
834 756 858 781 n
869 743 882 781 i
895 755 914 781 s
945 740 1012 782 Gr
1023 756 1047 781 a
1057 756 1099 782 m
1109 756 1149 782 m
1160 756 1185 782 a
1194 743 1293 783 tici
1322 740 1642 783 Commentariis
1669 745 1713 783 in

302 809 429 850 libros
453 810 507 850 de
531 811 800 863 generatione
826 818 867 849 et
894 810 1064 850 interitu
1093 817 1134 849 et
1164 809 1396 851 Alexandri
1413 809 1713 864 Aphrodisien-

296 879 358 917 sis
387 876 494 918 libro
534 878 620 931 περὶ
648 879 793 929 μίξεως
831 876 1024 917 venetiis
1061 878 1170 930 apud
1209 876 1304 917 Ald.
1335 880 1441 918 1527
1470 877 1543 918 fol.
1584 880 1710 934 inque

300 944 473 985 latinum
503 946 736 985 sermonem
770 959 969 986 conversa
998 959 1023 985 a
1051 943 1300 985 Camotio
1324 942 1612 987 Venet.1556.
1637 946 1711 988 fol.

299 1022 341 1054 et
369 1013 543 1056 Alexa
558 1028 582 1053 n
596 1014 620 1053 d
634 1028 688 1054 ro
727 1013 943 1054 Piccolo
959 1028 1064 1054 men
1078 1027 1136 1053 eo
1166 1013 1394 1066 interprete
1418 1012 1569 1055 Venet.
1602 1015 1709 1068 apud

299 1082 473 1123 Hieron.
505 1081 618 1123 Scot.
653 1086 756 1122 1548
787 1081 861 1121 fol.
908 1083 978 1136 qui
1014 1081 1174 1122 addidit
1213 1079 1459 1122 Tractatum
1487 1083 1540 1123 de
1569 1083 1707 1131 Iride,

298 1154 344 1190 in
375 1164 453 1205 quo
482 1164 602 1205 quam
627 1152 815 1204 plurima
846 1155 931 1190 tum
947 1150 1226 1198 Aristotelis,
1257 1153 1342 1189 tum
1365 1154 1493 1191 etiam
1513 1151 1712 1192 Alearau-

245 1199 247 1207 ,
298 1219 371 1259 dri
404 1218 756 1273 Aphrodisienses
804 1232 856 1258 ac
904 1217 1194 1273 Olympiodoro*
1239 1216 1357 1257 dicta
1404 1218 1711 1259 dilucidantur.

295 1284 367 1326 fol.
396 1290 444 1326 51
477 1300 562 1340 sqq.
621 1285 738 1335 Quae
768 1294 850 1326 tres
880 1287 1086 1327 editiones
1122 1287 1165 1326 in
1194 1283 1302 1326 Bibl.
1331 1284 1438 1340 Reg.
1466 1284 1608 1327 Berol.
1647 1300 1711 1326 re-

295 1355 524 1407 periuntur.

404 1423 470 1463 Ad
501 1423 687 1472 tertium,
731 1422 786 1461 de
819 1436 898 1476 quo
937 1424 1142 1472 diximus,
1188 1420 1480 1463 Alexandrum
1514 1431 1710 1476 provocat

294 1489 719 1544 olympiodorus
747 1488 818 1530 fol.
848 1493 886 1541 6,
907 1505 945 1531 a.
978 1495 1042 1543 16,
1065 1506 1092 1531 a
1120 1490 1171 1545 (I,
1192 1493 1294 1544 8,1‚)
1325 1499 1366 1531 et
1393 1491 1573 1544 saepius.

403 1556 736 1598 Commentarios
781 1560 824 1598 in
873 1568 1036 1600 nostros
1075 1557 1208 1599 libros
1247 1548 1538 1615 composuerat
1585 1558 1708 1597 etiam

291 1627 617 1676 Ammonius,
650 1627 719 1679 qui
741 1634 879 1666 tamen
902 1629 1077 1681 periere.
1135 1627 1383 1668 Laudantur
1410 1639 1709 1681 saepenumero

292 1694 343 1734 ab
377 1692 789 1747 Olympiodoro.
819 1693 893 1732 cfr.
924 1695 975 1733 ad
1007 1695 1110 1735 Exc.
1139 1694 1174 1743 I,
1197 1698 1238 1745 6,
1263 1697 1305 1735 3.
1329 1694 1361 1745 I,
1383 1699 1451 1744 13,
1475 1697 1543 1735 30.

402 1759 506 1809 Quis
535 1761 659 1809 fuerit
687 1758 1104 1812 Olympiodorus
1133 1759 1220 1810 ille,
1251 1763 1369 1802 cuius
1390 1763 1710 1803 commentarios

290 1827 533 1868 utilissimos
563 1827 748 1881 profecto
775 1827 1019 1880 superstites
1048 1826 1275 1879 habemus,
1307 1842 1390 1868 non
1411 1830 1514 1868 satis
1531 1838 1707 1869 constat.

289 1895 493 1945 Aetatem,
526 1909 606 1949 quo
636 1894 800 1941 vixerit,
830 1894 921 1946 ipse
948 1892 1107 1934 definit.
1139 1894 1213 1934 cfr.
1245 1895 1298 1935 ad
1326 1896 1527 1949 Excerpt.
1546 1895 1579 1945 Ι,
1604 1900 1645 1946 6,
1668 1901 1706 1937 5.

289 1962 572 2004 Alexandriae
604 1962 788 2015 scripsit,
830 1961 939 2015 quod
967 1969 1054 2002 tum
1091 1970 1234 2017 aperte
1274 1973 1416 2004 narrat
1452 1962 1525 2003 fol.
1556 1967 1633 2015 37,
1656 1964 1705 2005 b:

289 2029 421 2086 ὥσπερ
449 2028 668 2084 {qima-{pa
683 2027 818 2078 πόλις,
850 2027 875 2082 ἡ
899 2027 1175 2086 Ἀλεξάνδρεια
1203 2031 1302 2086 λέγω
1332 2030 1586 2084 κεκόσμηται,
1618 2041 1706 2072 tum

288 2113 343 2140 ex
370 2100 423 2139 iis
453 2106 584 2153 patet,
634 2111 739 2152 quae
780 2097 833 2137 ad
871 2096 915 2146 I,
946 2101 1017 2149 10,
1050 2102 1075 2140 7
1113 2100 1422 2154 adscripsimus.
1479 2099 1527 2140 In
1558 2101 1705 2142 eadem

287 2168 484 2208 cathedra
523 2167 686 2218 docuit,
736 2180 815 2219 qua
852 2164 1180 2220 Ammonius,
1223 2170 1332 2224 quod
1365 2183 1420 2209 ex
1450 2167 1593 2209 verbis
1629 2168 1704 2210 fol.

287 2238 353 2284 33,
373 2234 399 2275 b
430 2234 582 2283 elucet,
609 2233 683 2275 ubi
702 2235 781 2274 ait:
810 2231 830 2274 ὃ
850 2230 1040 2288 ἡμέτερος
1060 2233 1256 2290 πρόγονος
1280 2233 1300 2278 ὅ
1320 2236 1445 2290 μέγας
1464 2236 1701 2292 φιλόσοφος,

285 2311 355 2343 aut
385 2317 537 2357 magno
565 2301 630 2342 illi
658 2301 910 2357 philosopho
940 2311 1141 2358 cognatus
1170 2304 1263 2345 fuit.
1322 2304 1503 2346 Tantam
1533 2305 1614 2346 sihi
1643 2306 1705 2346 fa-

286 2384 395 2411 mam
425 2369 676 2420 conciliavit,
716 2379 762 2411 ut
790 2372 879 2411 eius
906 2372 1041 2426 gratia
1067 2370 1368 2413 Alexandriam
1396 2382 1555 2428 peteret
1582 2373 1704 2414 Pro-

285 2435 422 2486 cius,
460 2447 656 2479 narrante
683 2438 895 2480 Marino
933 2440 978 2479 in
1009 2443 1084 2480 vit.
1115 2442 1267 2482 Procli
1294 2457 1329 2481 c.
1359 2445 1423 2482 19.
1452 2455 1491 2495 p.
1517 2445 1580 2482 19.
1610 2455 1652 2494 p.
1677 2443 1702 2480 7

284 2503 580 2546 Boissonnad.:
611 2506 845 2549 ἐπανελθὼν
867 2506 915 2548 δέ
942 2503 976 2558 [ὃ
994 2506 1195 2563 Πρόκλος]
1227 2509 1421 2564 πρότερον
1439 2509 1495 2556 εἰς
1515 2506 1700 2556 Ἀλεξάν-

371 2659 406 2703 3)
429 2663 582 2694 Discuss.
605 2666 716 2705 Perip·
742 2677 774 2706 p.
802 2667 858 2698 32.
1195 2695 1199 2698 .

368 2725 406 2767 4)
429 2726 487 2760 Ad
509 2727 748 2762 Aristotel.
765 2734 855 2764 Hist.
874 2733 1008 2763 animal·
1029 2729 1172 2763 Torml.
1196 2729 1312 2770 Praes.
1334 2728 1473 2772 p.CV1.

378 2792 416 2835 5)
446 2796 574 2828 Violar.
601 2806 635 2837 p.
660 2795 716 2827 56.
