1820 3158
184 373 261 412 ET
290 371 506 412 OLYMP.
530 371 594 411 IN
625 371 808 411 ARIST.
832 368 1166 410 METEOROL.
1192 369 1300 407 LIB.
1321 368 1355 407 I.
1425 358 1519 404 153

72 485 119 527 τέ
145 484 230 526 ἐστι
259 485 326 525 καὶ
353 480 598 537 ὖπερῆνεμα.
646 482 801 539 τέφραν
829 481 906 537 γὰρ
935 480 977 523 ἕν
1005 493 1087 522 τισι
1114 477 1274 522 τούτων
1313 478 1522 532 ἀποθέμε-

71 553 138 594 νοί
153 540 258 601 τινες
285 550 311 605 ἢ
333 551 399 594 καὶ
420 551 465 592 ἐκ
492 553 654 593 θυσιῶν
681 555 764 593 τῶν
794 550 836 593 ἓν
869 549 1034 598 ἐκείνοις
1057 547 1277 604 γινομένων
1308 545 1523 589 ἀπολελοι-

71 619 211 670 πότες,
259 619 363 673 μετὰ
400 620 614 668 πλείστους
651 617 862 668 ἐνιαυτοὺς
896 614 1280 674 περιεργασάμενοι,
1337 614 1522 670 κειμένην

72 681 191 744 εὗρον
230 686 358 740 αὐτὴν
395 686 528 736 οὕτως
564 684 620 737 ῶς
657 686 831 730 ἔθεσαν·
881 687 948 728 καὶ
986 686 1029 727 ἐν
1066 683 1263 741 Κυλλήνῃ
1306 683 1354 725 δέ
1380 697 1521 740 φασιν,

64 755 284 811 Ἀρκαδίας
303 754 343 796 δ’
360 753 458 812 ὅρος
469 756 529 811 *),
551 759 783 812 βληθεῖσαν
802 754 904 810 μήτε
931 751 1010 796 ὑπὸ
1041 751 1286 807 πνευμάτων
1315 752 1523 793 διεσκεδα-

71 823 236 877 σμένην.
282 822 443 878 ἱστορεῖ
471 823 517 865 δὲ
544 823 818 880 Πλούταρχος
846 824 913 866 καὶ
938 821 1164 879 γράμματα
1189 826 1323 875 μεῖναι
1353 821 1412 869 εἷς
1439 817 1524 861 ἑτέ-

71 907 149 947 ραν
177 895 260 932 τῶν
289 890 445 947 ἱερείων
461 892 517 947 *²‘)
548 891 749 946 ἀνάβασιν
779 892 824 934 ἐκ
841 895 916 946 τῆς
943 889 1148 946 προτέρας
1175 889 1218 931 ἐν
1242 892 1301 946 τῷ
1325 887 1523 945 Ὀλύμπῳ

69 962 129 1016 τῷ
158 960 448 1016 Μακεδονικῷ.
490 958 596 1002 ἀλλὰ
625 961 692 1002 καὶ
722 960 761 1003 οἱ
789 958 842 1002 τά
866 961 1038 1001 τοιαῦτα
1065 961 1147 999 τῶν
1177 955 1286 1012 ὀρῶν
1316 954 1524 999 διοδεύον-

69 1042 160 1079 τες,
189 1024 244 1075 ὡς
273 1027 340 1068 καὶ
370 1027 466 1081 ἐμοί
489 1044 552 1077 τις
571 1027 644 1070 τὸν
661 1026 875 1082 ’Όλυμπον
904 1023 1119 1074 διοδεύσας
1144 1023 1274 1080 ἔλεγε,
1304 1023 1524 1079 κατωτέρω

69 1098 144 1148 τῆς
168 1096 335 1148 πορείας
375 1094 509 1137 αὐτῶν
547 1095 623 1145 τὰς
659 1099 741 1138 τῶν
779 1098 913 1151 νεφῶν
950 1092 1164 1149 γινομένας
1201 1090 1417 1142 συστάσεις
1456 1093 1523 1145 καὶ

69 1158 186 1204 ὗετὸν
216 1161 507 1216 συνιστάμενον
530 1162 751 1220 ἀστραπῶν
778 1161 1085 1223 τειέλλάμψεις.
1117 1161 1184 1203 καὶ
1213 1160 1370 1203 κτύπου
1396 1164 1524 1216 βρον-

69 1232 153 1271 τῶν
179 1228 328 1284 ἤκουον
357 1230 583 1286 φερομένου
611 1229 827 1273 κάτωθεν·
856 1230 924 1273 καὶ
948 1227 1088 1279 ἁπλῶς
1117 1228 1196 1272 ὅσα
1227 1229 1524 1283 συμβαίνουσιν

69 1297 115 1339 ἔκ
143 1301 222 1352 τῆς
241 1302 324 1340 τῶν
351 1302 486 1354 νεφῶν
515 1300 762 1356 συγκρίσεως
799 1299 867 1341 καὶ
900 1296 999 1353 ἡμῖν
1037 1296 1123 1340 ἅνω
1156 1295 1346 1353 γινόμενα
1382 1298 1524 1354 φαίνε-

67 1380 154 1416 ται,
181 1365 341 1407 ἐκείνων
363 1365 581 1423 κατωτέρω
611 1369 886 1410 συνίστανται.
918 1367 1092 1423 καίτοιγε
1123 1365 1219 1409 οὐδὲ
1248 1363 1353 1407 πολύ
1381 1381 1421 1407 τι
1450 1368 1525 1419 τῆς

66 1436 139 1488 γῆς
165 1432 217 1474 τὰ
245 1430 490 1487 ὑψηλότατα
518 1438 601 1477 τῶν
633 1434 741 1491 ὀρῶν
768 1433 1015 1492 ὕπερῆρται·
1061 1434 1100 1477 οἳ
1126 1433 1204 1490 γὰρ
1236 1437 1311 1487 τῆς
1348 1448 1519 1487 μηχανι-

67 1504 141 1555 κῆς
178 1500 442 1556 ἐπιστήμονες
469 1502 614 1566 τέχνης
644 1503 713 1546 διὰ
741 1508 824 1547 τῶν
853 1501 1038 1560 ὀργάνων
1053 1504 1155 1558 Μ’),
1189 1501 1246 1544 δι’
1279 1494 1336 1544 ὧν
1365 1499 1417 1542 τὰ
1446 1499 1521 1557 ὅρη

110 1636 149 1681 ᾖ)
177 1638 395 1672 Addendum
415 1639 562 1675 videtur
584 1642 732 1685 τέφραν.
760 1641 827 1675 cfr.
847 1650 954 1684 supra
976 1650 1010 1683 p.
1025 1637 1104 1675 149.
1131 1643 1167 1673 et
1189 1637 1260 1672 nisi
1286 1637 1395 1672 fallor
1418 1635 1523 1671 etiam

159 1690 206 1727 δι’
228 1692 406 1731 ἐνιαυτοῦ.

113 1760 171 1804 **)
195 1762 273 1796 Scr.
297 1759 434 1806 ἱερέων.
468 1748 471 1749 ⁷

115 1826 189 1873 ***)
216 1831 362 1864 Montes
385 1830 480 1865 inter
503 1832 593 1867 alios
618 1844 785 1868 emensus
800 1838 855 1868 est
874 1832 1214 1875 Dicaearchus,
1242 1830 1303 1876 qui
1321 1841 1410 1876 opus
1435 1841 1523 1865 con-

157 1887 301 1932 scripsit
335 1887 622 1934 καταμετρῆσεις
653 1887 728 1925 τῶν
747 1890 800 1925 ’ἓν
832 1887 1102 1934 Πελοποννήσῳ
1147 1886 1267 1934 ὀρῶν,
1317 1889 1523 1923 auctoribus

158 1945 307 1980 suida
330 1957 366 1980 v.
393 1947 633 1992 Δικαίαρχος,
665 1947 831 1982 Plinio
854 1950 944 1981 Hist.
970 1954 1040 1981 nai.
1071 1948 1129 1991 ΙΙ,
1152 1946 1218 1982 65:
1258 1949 1320 1981 Cui
1343 1949 1523 1980 sententiae

157 2004 252 2037 adesi
269 2004 517 2046 Dicaearchus,
540 2006 594 2037 vir
612 2006 772 2049 imprimis
791 2007 951 2048 eruditus,
976 2018 1091 2047 regum
1112 2017 1196 2038 cura
1219 2017 1410 2048 permensus
1426 2017 1523 2038 mon—

156 2067 217 2103 ies,
249 2065 286 2094 et
310 2059 503 2095 Gemino
541 2072 572 2095 c.
600 2060 655 2096 14.
704 2062 748 2095 In
775 2063 859 2096 loco
883 2061 1062 2096 Suidae
1092 2061 1187 2108 Aug.
1212 2062 1523 2095 Buttmannus

160 2119 297 2160 Quaest.
321 2119 363 2150 de
380 2118 591 2152 Dicaearcho
617 2117 767 2162 (Numb.
794 2120 896 2156 1832.
921 2118 957 2153 4.
981 2120 1107 2166 Progr.
1133 2119 1254 2153 Schol.
1283 2117 1395 2160 Port.)
1422 2131 1457 2163 p.
1477 2120 1523 2154 30

156 2173 231 2220 legi
251 2175 349 2208 vult:
373 2171 550 2218 περὶτῶν
573 2174 612 2209 ἒν
630 2171 902 2219 Πελοποννήσῳ
922 2171 1034 2220 ὅρων.
1051 2195 1099 2201 -
1146 2177 1339 2222 Quomodo
1363 2181 1522 2219 veteres,

157 2230 366 2274 praeprimis
392 2230 711 2266 Dicaearchus
735 2232 909 2266 montium
934 2232 1139 2267 altitudines
1164 2232 1300 2267 emensi
1325 2232 1407 2276 sint,
1434 2245 1523 2277 pau-

160 2284 211 2319 cis
235 2288 488 2330 exponendum
514 2288 670 2323 videtur.
718 2289 771 2324 Sit
800 2289 865 2323 AB
892 2290 1042 2323 altitudo
1065 2289 1222 2332 montis,
1259 2289 1323 2324 CD
1349 2300 1522 2338 gnomon,

160 2341 261 2376 cuius
286 2353 356 2387 ope
379 2344 500 2390 anguli
535 2344 644 2379 COD
665 2357 711 2376 =
728 2347 844 2381 AOE
870 2345 1151 2393 magnitudinem
1179 2346 1522 2394 determinaverunt,

353 2399 389 2433 A
683 2402 812 2438 deinde
831 2403 951 2451 anguli
974 2403 1065 2437 FEG
1082 2401 1233 2436 :AER
1246 2418 1288 2435 =
1301 2408 1355 2441 2R
1364 2409 1520 2446 —AEO.

1246 2468 1384 2514 Quibus
1417 2471 1521 2506 factis

1245 2529 1347 2564 basin
1381 2531 1446 2566 EO
1482 2543 1521 2566 e-

1243 2588 1383 2633 mensi,
1409 2590 1522 2624 trian-

1244 2647 1473 2694 gulumAEO
1486 2649 1522 2682 in

1276 2704 1408 2738 chartis
1432 2716 1522 2740 con-

1301 2770 1521 2808 struxerunt,

161 2825 197 2855 et
219 2821 357 2856 ratione
380 2821 496 2857 lineae
520 2822 585 2857 AE
610 2824 654 2857 ad
677 2823 807 2858 lineam
832 2825 894 2860 EO
915 2825 1080 2866 definita,
1109 2827 1238 2871 prioris
1262 2826 1521 2874 longitudinem

161 2884 419 2923 computarum.
468 2880 558 2915 Cum
578 2880 707 2915 deinde
731 2881 769 2916 in
793 2881 971 2929 triangulo
990 2883 1086 2918 ABE
1110 2890 1217 2920 notae
1242 2891 1360 2920 essent
1383 2884 1521 2931 magni-

361 2732 392 2766 Β
675 2733 706 2767 G
788 2734 818 2768 E
982 2736 1017 2769 D
1211 2736 1243 2772 Ο
