1774 3164
313 371 407 414 408
527 376 970 417 COMMENTARIUS
998 377 1058 415 IN
1082 377 1482 416 METEOROLOG.

311 486 457 539 ἐγένετο
487 489 532 525 Ρ.
590 485 769 523 Verbum
790 481 1008 536 Ἀθήνησιν
1037 485 1222 523 omittunt
1249 487 1296 524 E.
1326 486 1380 524 N.
1418 508 1472 514 —
1515 483 1704 538 ἄρχοντος

311 550 545 602 Νικομάχου
571 552 586 588 i
619 566 653 588 e.
684 551 750 589 Ol.
774 555 872 599 109,
893 550 931 589 4.
977 551 1170 590 Corsin.
1202 552 1320 589 Fast.
1339 551 1470 589 Attio.
1494 553 1609 590 Tom.
1630 554 1702 591 IV.

310 632 350 669 p.
372 622 435 656 36.
492 617 614 668 Apud
641 617 858 655 Plinium
887 618 942 663 II,
970 620 1033 665 25,
1062 617 1129 668 qui
1150 618 1322 655 eiusdem
1344 624 1516 655 cometae
1536 618 1705 655 mentio-

308 696 398 720 nem
418 684 521 731 facit,
550 696 638 720 cum
661 682 783 721 dicat:
823 684 954 721 Semel
979 683 1113 720 adhue
1142 683 1264 720 iubae
1293 684 1447 734 effigies
1473 690 1631 720 mutata
1661 684 1706 720 in

309 748 473 786 hastam·
501 758 584 794 est,
625 749 864 801 OIympiade
893 750 1060 795 CVIII,
1109 748 1231 786 Urbis
1261 762 1369 786 anno
1400 749 1628 787 CCCXCV
1624 747 1705 793 III,

307 815 556 853 scribendum
589 828 672 852 esse
714 814 777 853 Ol.
809 815 965 854 CVIII.
1010 813 1105 852 Urb.
1132 828 1241 852 anno
1262 815 1481 852 CCCXIII
1501 814 1603 853 vidit
1628 813 1705 851 inm

307 882 516 919 Meursius.
546 902 600 909 ——
635 877 700 933 ἐφ’
735 871 780 919 οὗ
809 894 883 932 pro
913 877 972 933 ἐφ’
997 872 1028 935 ᾧ
1059 881 1186 920 voluit
1214 880 1262 918 G.

420 951 482 985 11.
510 944 694 999 γενέσθαι
711 948 764 985 Η.
787 948 839 985 Ν.
859 966 915 975 —-
943 945 1049 985 αἰτία
1067 941 1091 997 ἦ
1110 946 1182 984 τοῦ
1201 947 1248 985 F.
1266 946 1316 983 H.
1338 945 1388 983 N.
1418 943 1559 996 γίνεται
1581 942 1706 990 αἴτιος

310 1012 355 1049 Α.
386 1034 441 1040 -
480 1014 677 1063 Deinceps
708 1009 866 1064 ἄστρων
884 1013 936 1051 Η.
958 1014 1021 1055 N.r
1036 1014 1087 1051 A.
1108 1013 1149 1050 S·
1173 1012 1259 1049 Cas.
1296 1006 1531 1060 μάλιστα
1560 1039 1569 1050 .
1596 1038 1606 1048 .
1629 1039 1638 1049 .
1693 1037 1704 1047 .

299 1074 486 1129 χώραν.
543 1079 668 1116 Plin.
701 1080 862 1116 Hister.
886 1086 974 1117 nat.
1003 1080 1067 1125 II,
1089 1082 1162 1116 23:
1194 1078 1334 1115 Omnes
1353 1077 1490 1127 ferme
1521 1076 1592 1113 sub
1619 1077 1704 1126 ipso

304 1144 594 1192 septentrione,
631 1145 768 1195 aliqua
805 1146 890 1181 eius
915 1153 1039 1193 parte
1070 1158 1150 1182 non
1179 1150 1316 1190 certa,
1360 1142 1431 1179 sed
1461 1143 1635 1179 maxime
1665 1143 1706 1179 in

304 1208 496 1257 candida,
514 1222 618 1259 quae
640 1206 764 1246 lactei
786 1210 931 1246 circuli
951 1224 1093 1247 nomen
1113 1210 1286 1260 aceepit.
1316 1209 1443 1246 Etiam
1464 1209 1496 1245 A
1509 1209 1706 1245 rrianus

302 1273 407 1323 apud
437 1275 572 1312 Stob.
604 1273 880 1335 Eclog3phys.
917 1277 958 1325 I,
987 1278 1050 1313 29.
1085 1288 1124 1325 Ρ.
1148 1275 1227 1312 584
1259 1273 1475 1321 contendit,
1515 1274 1706 1324 plurimos

302 1345 470 1378 cometas
497 1340 540 1378 in
558 1342 925 1392 septentrionalibus
946 1341 1066 1392 plagis
1083 1353 1288 1391 apparere.

865 1452 897 1490 C
909 1465 934 1488 A
948 1464 983 1488 P.
1027 1450 1138 1489 VIII.

412 1538 566 1588 Quibus
585 1538 634 1576 de
651 1544 892 1576 cometarum
910 1544 1047 1576 natura
1065 1543 1104 1575 et
1125 1537 1274 1588 origine
1299 1538 1501 1587 disputatis
1524 1537 1574 1575 ad
1594 1537 1707 1575 lactei
1744 1546 1747 1557 '

302 1604 439 1641 circuli
476 1604 779 1655 descriptionem
822 1605 983 1656 eiusque
1023 1610 1185 1642 naturae
1225 1604 1366 1641 transit
1405 1603 1705 1653 expositionem.

303 1670 448 1707 Omisit
474 1671 700 1708 Aristoteles
723 1672 766 1709 in
784 1677 968 1709 veterum
988 1671 1223 1722 opinionum·
1235 1681 1400 1707 recensu
1418 1670 1550 1706 Metr
1562 1668 1620 1705 od
1632 1668 1708 1706 ori

303 1735 410 1782 Chii,
441 1735 619 1787 discipuli
641 1737 877 1785 Democriti,
907 1738 1016 1774 cuius
1034 1749 1225 1787 nusquam
1248 1735 1485 1773 mentionem
1505 1735 1610 1775 fecit.
1668 1735 1708 1772 Is

301 1801 518 1838 secundum
546 1803 666 1840 Stob
679 1817 812 1840 aeum
842 1804 983 1853 Eelog.
997 1803 1110 1855 phys.
1128 1805 1159 1849 I,
1179 1806 1244 1840 28.
1275 1816 1311 1852 p.
1334 1800 1412 1839 574
1441 1801 1553 1838 lactei
1571 1800 1707 1838 circuli

301 1866 492 1916 originem
524 1869 617 1905 solis
637 1869 805 1906 accessui
824 1869 984 1915 tribuit,
1013 1869 1124 1905 cuius
1143 1868 1207 1905 hic
1225 1868 1289 1904 ·sit
1312 1867 1502 1904 circulus:
1534 1861 1708 1916 Μητρό-

302 1930 431 1983 δωρος
459 1929 524 1969 διὰ
553 1930 626 1983 τὴν
653 1931 832 1985 πάροδον
850 1934 922 1971 τοῦ
938 1928 1072 1982 ἡλίου·
1102 1934 1246 1971 τοῦτον
1271 1929 1346 1983 γὰρ
1368 1926 1463 1969 εἶναι
1492 1927 1562 1968 τὸν
1590 1926 1706 1980 ἡλια-

301 1993 368 2034 κὸν
397 1994 558 2045 κύκλον,
589 2012 686 2049 quae
706 2000 870 2036 fortasse
887 1999 1007 2049 petita
1029 2003 1118 2035 sunt
1137 2012 1188 2035 ex
1204 1998 1287 2035 eius
1303 1997 1405 2035 libro
1430 1994 1516 2047 περὶ
1536 1992 1705 2048 φύσεως,

301 2063 407 2100 cuius
426 2064 602 2101 meminit
623 2065 808 2102 Cicero
830 2065 999 2114 Quaest.
1017 2064 1210 2102 Academ.
1237 2063 1312 2107 IV,
1332 2065 1398 2100 23.
1456 2062 1596 2111 Neque
1622 2075 1706 2098 ma-

301 2128 356 2181 gis
377 2130 559 2180 exposuit
579 2131 811 2168 sententiam
839 2129 1181 2178 parmenidis,
1212 2130 1320 2167 cuius
1341 2128 1425 2166 aliis
1448 2128 1490 2164 iu
1509 2127 1605 2164 locis
1624 2128 1708 2165 fre-

302 2207 424 2244 quens
449 2196 596 2233 mentio
625 2196 731 2247 apud
759 2196 1028 2234 Aristotelem.
1084 2197 1122 2234 Is
1151 2195 1229 2232 duo
1255 2208 1389 2233 rerum
1417 2193 1609 2244 principia
1634 2193 1707 2231 sibi

301 2260 499 2300 contraria
534 2262 686 2312 posuit,
727 2275 826 2313 quae
853 2262 972 2301 variis
1002 2261 1221 2299 celebrabat
1255 2259 1477 2298 nominibus
1488 2273 1498 2308 ;
1537 2258 1706 2296 alterum

302 2327 407 2363 enim
428 2327 594 2365 vocabat
622 2328 844 2377 densum,
873 2327 1161 2377 caliginem,
1186 2333 1400 2374 terram3
1429 2326 1594 2362 alterum
1624 2337 1705 2361 ra-

300 2404 430 2438 rum,
459 2393 641 2442 lucem,
671 2395 855 2445 ignem,
886 2394 1049 2431 docente
1076 2393 1339 2443 Simplicio
1367 2391 1417 2429 ad
1444 2389 1703 2428 Aristotel.

304 2455 418 2507 Phys.
449 2458 518 2496 fol.
543 2462 581 2505 7,
606 2460 652 2497 b:
683 2462 762 2499 τῶν
789 2458 862 2510 μὲν
889 2460 1082 2510 γεννητῶν
1111 2455 1238 2511 ἀρχὰς
1264 2457 1329 2495 καὶ
1359 2453 1478 2501 αὐτὸς
1505 2450 1705 2504 στοιχειώ-

302 2521 380 2567 δεις
406 2521 479 2572 μὲν
507 2521 580 2574 τὴν
608 2522 770 2577 πρώτην
799 2523 1000 2563 ἀντίθεσιν
1030 2521 1166 2572 ἔθετο,
1194 2521 1243 2574 ἢν
1272 2524 1358 2575 φῶς
1383 2523 1495 2560 καλεῖ
1518 2519 1582 2558 καὶ
1610 2516 1705 2558 σκό-

300 2602 381 2635 rog,
411 2590 488 2641 πῦρ
518 2589 582 2628 καὶ
612 2593 704 2643 γῆν,
734 2588 759 2643 ἢ
790 2588 937 2629 πυκνὸν
967 2589 1031 2629 καὶ
1063 2586 1214 2639 ἀραιόν,
1243 2584 1431 2639 ἢταῦτὸν
1459 2585 1523 2624 καὶ
1554 2583 1699 2635 ἕτερον.

302 2655 365 2691 Ex
384 2653 490 2692 hisce
513 2656 684 2707 singulos
713 2657 827 2695 orbes
852 2657 990 2701 finxit,
1026 2662 1092 2694 aut
1121 2657 1309 2694 alterutro
1333 2659 1482 2692 tantum
1507 2653 1702 2690 elemento

303 2726 368 2757 aut
385 2726 550 2772 utroque
575 2723 820 2773 compositos,
851 2723 956 2772 quod
976 2735 1026 2759 ex
1044 2722 1176 2760 verbis
1205 2719 1404 2758 stobaei
1425 2718 1566 2768 Eclog.
1578 2718 1700 2768 phys.

304 2786 333 2832 Ι,
352 2787 414 2822 23.
447 2799 485 2835 p.
510 2786 608 2835 482,
650 2787 907 2825 Plutarch.
938 2785 1049 2824 Plae.
1065 2783 1296 2835 philosoph.
1328 2785 1377 2831 11,
1407 2786 1452 2831 7,
1491 2782 1701 2821 Eusebii
