1774 3198
23 2771 49 2797 ἒς,
66 2794 69 2796 .

431 379 652 420 LIBRUM
679 378 1004 419 SECUNDUM.
1061 376 1180 418 cAP.
1201 379 1257 419 V.
1477 367 1573 413 569

140 509 174 534 a.
197 495 238 535 b.
256 515 310 522 --
341 489 444 534 κατά
473 507 515 546 γε
543 489 596 532 τὰ
625 488 851 547 φαινόμενα
877 493 925 531 F.
952 513 1009 521 -—-
1049 486 1119 530 ὃτέ
1146 503 1219 542 pro
1247 484 1333 528 ὅτε
1362 486 1474 527 Cam.
1518 509 1574 515 —

139 558 306 601 πλάτο
320 575 341 608 ς
368 567 428 600 est
446 560 615 600 latitudo
635 558 894 613 geographica
907 587 918 606 ,
946 560 1078 611 μῆκο
1092 572 1113 605 ς
1137 555 1361 609 longitudo-
1390 574 1447 585 —
1477 569 1576 596 συν-

142 626 280 668 άπτειν
310 626 383 668 οὒκ
412 625 611 679 ἐνδέχεται
639 630 687 668 Ε.
708 649 761 656 —
792 612 1005 681 ἆκρᾶΙΡτο
1016 627 1159 680 κρᾶσιν
1171 618 1575 674 Ν.-ὗποβάλλειΕ.

138 710 218 750 pro
240 691 497 748 ὑπερβάλλει.
517 718 572 725 -
603 694 669 735 καὶ
688 691 734 734 τὸ
749 695 880 746 μῆκος
907 708 983 748 pro
1008 690 1112 734 κατὰ
1138 694 1271 746 μῆκος
1297 692 1350 731 Ν.
1370 715 1421 722 —-
1450 688 1588 744 μήπωΔ

139 778 217 816 pro
235 761 374 815 μήπου
395 765 442 803 F.
462 785 518 791 —
547 759 656 803 ἅπαν
672 764 852 802 correxit
871 764 946 813 N.,
975 764 1045 815 qui
1070 762 1216 801 deinde
1243 760 1410 813 praebet
1429 755 1577 812 πορεύ-

141 845 263 882 σιμα,
293 832 349 870 ita
372 838 420 871 ut
440 832 489 870 ab
510 832 625 870 initio
655 832 798 882 legisse
826 831 1014 870 videatur
1045 826 1219 870 ἅπαντα.
1250 851 1307 858 —-
1363 829 1577 869 Caeterum

145 901 222 939 cfr.
252 899 376 940 verba
410 898 790 947 Eratqsthenis
828 899 936 951 apud
976 897 1357 938 Strabonem-1.
1388 911 1429 950 p.
1452 896 1506 935 64
1525 898 1576 936 Ε.

140 965 175 1006 εἴ
200 964 258 1018 μὴ
289 964 335 1006 τὸ
366 964 540 1019 μέγεθος
567 967 641 1006 τοῦ
663 963 922 1006 Ἀτλαντικοῢ
949 963 1148 1020 πελάγους
1175 962 1335 1014 ἐκώλυε,
1364 960 1439 1004 κᾶν
1466 964 1579 1004 πλεῖν

139 1029 250 1086 ἡμᾶς
277 1032 322 1073 ἐκ
351 1036 425 1086 τῆς
450 1030 629 1087 Ἰβηρίας
656 1032 714 1080 εἰς
740 1031 816 1086 τὴν
846 1031 1018 1086 Ἰνδικὴν
1058 1030 1126 1073 διὰ
1161 1034 1236 1072 τοῦ
1265 1029 1391 1072 αὗτοῦ
1419 1033 1580 1086 παραλ-

138 1098 289 1153 λήλου,
319 1102 463 1154 quibus
483 1101 534 1139 de
557 1101 694 1141 verbis
715 1102 813 1142 vide
835 1115 936 1153 quae
955 1101 1186 1141 monuimus
1208 1100 1427 1138 Meteorol.
1450 1108 1578 1140 veter.

142 1170 215 1210 Gr.
237 1178 277 1208 et
296 1171 416 1208 Rom.
447 1169 612 1207 Introd.
640 1167 728 1208 hot.
756 1173 795 1208 7.
823 1168 1028 1209 Problem.
1059 1169 1228 1217 XXVI,
1253 1170 1321 1206 52.
1353 1182 1390 1220 p.
1414 1167 1511 1215 946,
1533 1181 1578 1207 a:

139 1233 242 1290 πρὸς
269 1232 442 1290 ἑσπέραν
471 1233 516 1275 δὲ
545 1231 637 1275 οὔτε
666 1233 764 1290 ὅρος
792 1231 884 1275 οὔτε
912 1237 963 1289 γῆ
993 1233 1122 1286 ἐστιν,
1164 1230 1269 1273 ἀλλὰ
1297 1230 1346 1274 τὸ
1372 1232 1577 1275 Ἀτλαντι-

118 1316 121 1321 ’
138 1301 211 1344 κᾶν
240 1301 424 1357 πέλαγος,
455 1316 555 1355 quae
572 1303 715 1342 eadem
734 1304 885 1356 repetit
921 1305 958 1343 T
969 1303 997 1342 h
1008 1318 1030 1342 e
1042 1315 1069 1342 o
1078 1317 1106 1355 p
1114 1302 1144 1341 h
1152 1316 1175 1347 r
1183 1316 1206 1340 a
1215 1317 1233 1341 s
1242 1308 1260 1341 t
1269 1297 1297 1341 u
1305 1318 1323 1342 s
1363 1304 1413 1341 de
1440 1305 1579 1342 venti-3

140 1370 178 1421 §.
203 1371 271 1410 41.
303 1385 344 1423 p.
366 1374 464 1411 773.
523 1370 643 1410 Adde
663 1371 836 1424 denique
855 1372 905 1409 de
924 1372 1041 1410 caelo
1059 1374 1110 1420 Π,
1135 1371 1200 1410 14.
1230 1384 1271 1422 p.
1293 1373 1390 1420 298,
1411 1383 1454 1408 a:
1479 1366 1572 1409 ὥστ’

139 1435 186 1478 οὗ
214 1433 343 1490 μόνον
374 1435 418 1477 ἐκ
445 1434 602 1478 τούτων
642 1437 766 1488 δῆλον
803 1435 1016 1492 περιφερὲς
1054 1434 1100 1478 ὂν
1130 1435 1177 1477 τὸ
1208 1439 1345 1490 σχῆμα
1381 1438 1455 1489 τῆς
1490 1439 1576 1490 γῆς,

137 1502 245 1546 ἀλλὰ
274 1505 340 1546 καὶ
369 1505 549 1559 σφαίρας
578 1502 627 1546 οὗ
654 1502 845 1559 μεγάλης.
895 1502 944 1545 οὗ
972 1503 1049 1560 γὰρ
1081 1502 1130 1546 ἂν
1156 1502 1267 1560 ,οὕτω
1296 1502 1398 1556 ταχὺ
1437 1502 1578 1557 ἐπίδη-

137 1574 210 1614 λον
239 1572 361 1613 ἐποίει
388 1571 704 1625 μεθισταμένοις
731 1569 839 1613 οὕτω
867 1570 1016 1626 βραχύ.
1047 1570 1109 1613 διὸ
1137 1570 1235 1620 τοὺς
1263 1568 1578 1624 ὕπολαμβάνον-

137 1655 213 1688 τας
242 1637 456 1680 συνάπτειν
484 1637 556 1681 τὸν
585 1640 675 1695 περὶ
703 1638 779 1688 τὰς
800 1633 1070 1692 ζΗρακλείους
1100 1638 1251 1692 στήλας
1267 1615 1394 1680 &nov
1413 1642 1470 1695 τῷ
1487 1638 1578 1693 περὶ

136 1705 211 1761 τὴν
234 1704 420 1760 Ἰνδικήν,
452 1708 519 1749 κἀὶ
539 1711 685 1749 τοῦτον
703 1706 776 1748 τὸν
804 1706 958 1763 τρόπον
988 1705 1087 1749 εἶναι
1115 1706 1191 1761 τὴν
1221 1706 1436 1748 θάλατταν
1463 1707 1577 1759 μίαν,

136 1773 194 1829 μὴ
224 1776 314 1816 λίαν
342 1772 644 1828 ὑπολαμβάνειν
678 1773 828 1816 ἄπιστα
858 1776 1012 1816 δοκεῖν·
1052 1774 1209 1830 λέγουσι
1240 1775 1284 1816 δὲ
1313 1773 1580 1830 τεκμαιρόμε-

136 1859 200 1885 νοι
229 1843 296 1884 καὶ
324 1848 412 1890 τοῖς
441 1841 650 1898 ἔλεφάσιν,
682 1841 743 1884 ὅτι
773 1844 862 1895 περὶ
894 1842 1152 1899 ἀμφοτέρους
1180 1841 1275 1891 τούς
1301 1841 1453 1890 τόπους
1481 1840 1581 1890 τούς

138 1909 536 1963 ἓσχατεύοντας
563 1910 609 1952 τὸ
639 1909 752 1965 γένος
779 1910 913 1952 αὐτῶν
942 1912 1072 1960 ἔστιν,
1104 1908 1159 1959 ὥς
1186 1914 1268 1952 τῶν
1299 1909 1480 1963 ἐσχάτων
1510 1907 1579 1951 ὁιά

136 1977 184 2020 τὸ
216 1977 429 2020 συνάπτειν
460 1976 651 2032 ἀλλήλοις
679 1982 800 2020 τοῦτο
831 1978 1110 2021 πεπονθότων.

252 2049 319 2088 14.
352 2045 428 2102 ἀφξ
456 2043 712 2100 (Ηρακλείων
743 2050 942 2102 ΟΙΥιῙῘΡ.
963 2050 1034 2089 fol.
1055 2050 1121 2098 42,
1139 2050 1178 2096 b,
1210 2050 1279 2100 qui
1298 2062 1395 2087 mox
1412 2049 1579 2100 praebet

139 2111 388 2167 Μαιωτικήν
416 2130 492 2167 pro
521 2116 727 2156 ΠΙαιῶτιν.
760 2138 816 2143 -
845 2114 1043 2168 ἐσχάτους
1071 2114 1192 2162 ὄντας
1220 2119 1268 2155 Ε.
1291 2118 1342 2155 Α.
1360 2117 1481 2154 Alex.
1502 2117 1577 2156 fol.

140 2187 233 2231 103,
251 2197 284 2230 a,
314 2183 383 2221 sed
403 2184 498 2222 vide
518 2185 650 2223 locum
673 2185 721 2222 cle
741 2187 854 2222 caelo
873 2188 922 2234 H,
945 2185 997 2222 14
1018 2185 1139 2235 paulo
1161 2190 1253 2222 ante
1270 2183 1489 2222 laudatum.
1522 2205 1577 2213 —-

137 2250 274 2288 πλεῖον
292 2263 368 2301 pro
388 2247 509 2288 πλέον
529 2253 576 2289 F.
595 2251 646 2288 N.
677 2252 751 2289 cfr.
776 2251 827 2288 ad
847 2253 890 2299 Ι,
909 2251 956 2300 4,
976 2255 1013 2290 6.
1031 2273 1087 2279 -—
1114 2249 1218 2303 πρὸς
1247 2248 1299 2289 τὰ
1328 2250 1421 2304 τριά
1445 2254 1493 2291 F.
1521 2272 1577 2280 —-

138 2313 189 2355 ἄν
206 2330 247 2368 γε
267 2329 329 2362 τις
356 2330 433 2368 pro
455 2312 525 2355 ἐάν
550 2331 611 2363 τις
639 2318 691 2355 H.
713 2318 764 2356 N.
792 2339 843 2344 —
882 2332 924 2357 τε
951 2325 1041 2357 ante
1066 2318 1193 2364 πλοῦς
1223 2320 1370 2358 omittit
1391 2320 1470 2370 N.,
1508 2320 1578 2373 qui

138 2398 236 2422 mox
262 2397 338 2435 pro
369 2381 567 2434 ἐνδέχεται
597 2384 762 2424 exhibet
789 2387 962 2437 simplex
989 2382 1157 2436 δέχεται.

255 2454 321 2490 15.
365 2449 427 2489 ἐπὶ
458 2447 611 2498 πλάτος
638 2453 863 2503 recepimus
902 2467 954 2491 ex
977 2454 1025 2491 E.
1056 2454 1106 2491 N.
1135 2454 1188 2492 A.
1219 2455 1340 2506 Alex.
1372 2454 1482 2494 Cam.
1511 2445 1575 2510 ᾖ

140 2520 227 2559 Cas.
288 2519 449 2570 Reliqui
475 2519 616 2570 quibus
634 2521 786 2559 accedit
800 2524 845 2560 B.
875 2518 939 2559 ἐπὶ
964 2517 1157 2567 πλάτους.
1178 2545 1234 2552 -
1261 2520 1336 2572 μέν
1363 2530 1455 2574 post
1472 2520 1576 2564 ἔνθα

140 2587 289 2625 omittit
310 2587 363 2625 N.
388 2607 438 2613 —
468 2588 550 2625 τῶν
578 2581 800 2639 ἣρακλείων
831 2589 989 2639 στηλῶν
1019 2590 1070 2628 Α.
1089 2590 1208 2628 Alex.
1234 2591 1340 2629 Cam.
1362 2592 1408 2629 P.
1424 2593 1467 2631 S.
1485 2592 1576 2634 Cas.

140 2675 192 2682 -·
224 2653 436 2707 φαίνονται
458 2656 504 2692 Ρ.
524 2655 564 2693 S.
587 2655 673 2694 Cas.
703 2656 771 2707 qui
789 2657 983 2694 tamenin
1003 2657 1179 2707 margine
1193 2646 1472 2711 ffiq‘at‘verae.
1500 2661 1574 2700 cfr.

139 2722 243 2775 acl-I,
264 2726 302 2771 3,
327 2726 361 2760 1.
380 2744 436 2751 —
466 2716 520 2767 ὡς
539 2723 715 2772 συνεχῶς
746 2737 821 2775 pro
840 2724 899 2778 τῷ
919 2725 1094 2774 συνεχῶς
1110 2724 1232 2764 Alex.
1253 2748 1310 2755 --
1347 2728 1482 2768 πᾶσαν
1500 2724 1576 2780 τὴν
1647 2772 1650 2776 ,

142 2786 381 2841 οἶκουμέ-νην
403 2790 452 2828 Ν.
474 2790 523 2827 Α.
548 2791 591 2828 Ρ.
612 2791 652 2828 S.
673 2791 760 2829 Cas.
1495 2790 1507 2809 ¹

257 2860 321 2896 16.
354 2854 408 2896 ἔτι
431 2871 504 2911 περ
525 2871 600 2910 pro
621 2853 755 2910 ὥσπερ
776 2859 830 2897 N.
859 2859 928 2910 qui
952 2859 1070 2898 etiam
1089 2873 1186 2899 mox
1204 2856 1260 2900 ἔτι
1281 2851 1479 2915 ἀνάλογον
1498 2879 1574 2916 pro
