1774 3198
229 360 321 404 506
444 367 887 407 COMMENTARIUS
914 368 974 406 ΙΝ
997 335 1402 409 METEOROLOG.

227 491 343 529 quam
374 478 559 515 australes
595 476 700 527 apud
726 475 983 515 Plutarch.
1019 477 1136 515 Plan.
1162 476 1315 526 philos.
1343 481 1402 527 II,
1429 482 1465 518 8.
1502 493 1540 531 Ρ.
1561 482 1624 520 51.

227 546 312 584 Cfr.
342 543 542 581 Corsini
578 544 800 580 Dissertat.
840 544 872 581 Ι.
900 556 940 593 Ρ.
958 544 1078 582 XIX.
1107 565 1161 571 —
1206 540 1258 581 τὰ
1287 540 1327 581 ‹5’
1351 540 1428 589 ἔξω
1465 558 1517 584 sc.
1546 547 1626 584 τῶν

226 606 418 663 ἀρκτῴων
436 610 577 660 μερῶν.
606 632 661 638 —
686 606 823 658 βαθέα
840 609 994 660 μᾶλλον
1016 605 1162 660 πελάγη
1188 609 1348 647 inverso
1368 610 1508 648 ordine
1527 613 1571 648 F.

337 689 401 724 15.
438 686 742 738 μετεωρολογῶν
774 687 813 723 Ρ.
849 708 903 714 -
940 682 1016 725 ὕπὸ
1045 682 1118 736 τὴν
1143 687 1213 737 γῆν
1242 685 1376 724 addito
1395 687 1560 725 articulo
1581 685 1627 724 F.

225 752 277 789 H.
298 752 351 790 N.
380 775 435 781 -—
491 754 553 790 De
578 765 623 789 re
649 753 721 791 cfr.
747 752 1054 790 dissertationem
1083 752 1115 789 I.
1139 753 1189 790 H.
1212 753 1382 791 vossii
1417 752 1545 790 Ueber
1561 751 1628 790 die

229 818 386 854 Gestalt
407 819 476 855 der
495 819 604 855 Eade
628 819 668 855 in
688 819 789 856 libro
811 818 1032 869 periodico:
1057 818 1194 855 Neues
1215 817 1424 855 deutsches
1443 820 1626 856 Muscam

228 878 347 922 1790.
374 897 412 934 p.
433 887 511 922 837
550 890 589 921 et
613 885 774 922 omnino
792 884 1109 925 Wernsdorf
1130 884 1302 921 Excurs.
1319 886 1365 920 in
1378 881 1485 920 Ροὲί.
1504 884 1624 922 latin.

224 951 364 987 minor.
379 951 494 988 Tom.
509 951 555 988 V.
578 952 679 989 Part.
692 953 758 990 III.
781 965 821 1003 p.
835 949 1136 996 1433-1444,
1164 949 1229 987 ubi
1251 949 1366 987 etiam
1386 962 1627 987 commemo-

223 1021 335 1053 ratur
354 1016 516 1054 eandem
537 1018 767 1056 sententiam
785 1017 915 1055 medio
935 1030 1033 1054 aevo
1053 1016 1230 1054 habuisse
1244 1015 1526 1067 Geograplzum
1536 1018 1628 1053 Ra—

224 1089 430 1119 vennatem
459 1096 498 1133 p.
526 1083 605 1122 745
642 1085 769 1134 Gron.
830 1082 861 1119 C
876 1097 928 1120 os
942 1095 1062 1120 mam
1106 1081 1473 1132 Indicopleust.
1523 1081 1627 1133 apud

225 1149 553 1187 Montfaueon
582 1149 745 1187 collect.
766 1162 857 1187 nov.
879 1151 1052 1186 Patrum
1071 1148 1186 1185 Tom.
1207 1148 1257 1186 ΙΙ.
1288 1161 1326 1199 p.
1350 1150 1426 1186 113
1446 1161 1502 1199 sq.

336 1228 396 1262 16.
435 1221 563 1270 οὕτως
591 1224 770 1278 φαίνεται
797 1228 849 1265 Α.
881 1226 988 1263 Cam.
1019 1230 1063 1262 ut
1089 1230 1128 1261 et
1155 1227 1212 1273 II,
1242 1229 1286 1273 2,
1309 1228 1346 1261 6.
1405 1225 1486 1263 cfr.
1515 1224 1564 1262 ad
1594 1225 1626 1274 I,

225 1293 275 1338 3,
317 1295 380 1330 10.

837 1380 935 1418 Cn.
964 1380 1017 1417 II.

337 1471 373 1506 1.
405 1467 627 1510 Articulum
648 1475 738 1505 ante
760 1465 867 1505 αἰτία
897 1466 1043 1503 omittit
1077 1465 1124 1504 E.
1151 1487 1205 1494 --
1243 1465 1410 1504 Minime
1439 1466 1627 1504 differunt

225 1529 454 1586 ἅλμυρότης
473 1541 511 1572 et
530 1530 730 1585 πικρότης.
786 1535 849 1571 De
865 1533 984 1571 variis
1004 1533 1108 1570 enim
1127 1545 1314 1583 saporum
1345 1529 1532 1583 (χυμῶν)
1555 1545 1626 1583 ge·-

224 1601 383 1639 neribus
403 1601 596 1639 disserens
622 1600 757 1638 Theo
768 1599 952 1664 phrast
979 1599 1027 1636 de
1045 1612 1172 1636 causa
1189 1599 1325 1648 plant.
1346 1599 1413 1646 VI,
1435 1598 1461 1635 4
1492 1611 1533 1648 p.
1545 1600 1624 1636 590

222 1681 306 1718 sqq.
338 1667 434 1705 haec
455 1667 572 1705 habet
590 1667 725 1715 verba,
751 1679 849 1716 quae
866 1666 947 1702 sola
965 1665 1215 1714 transscribo,
1245 1678 1333 1702 cum
1352 1661 1480 1701 totum
1511 1669 1627 1715 caput

223 1736 272 1773 sit
292 1734 601 1773 conferendum:
633 1747 674 1771 αι
701 1730 744 1770 δὲ
764 1729 873 1770 ἰδέαι
901 1733 980 1770 τῶν
1003 1731 1144 1781 χυμῶν
1174 1726 1273 1768 ἔπτὰ
1302 1728 1487 1768 δοκοῦσιν
1515 1725 1626 1776 ειναι,

222 1797 407 1853 καθάπερ
433 1799 498 1839 καὶ
515 1801 595 1838 τῶν
623 1796 759 1848 ὀσμῶν
787 1797 851 1837 καὶ
880 1799 959 1837 τῶν
983 1793 1211 1850 χρωμάτων
1229 1794 1278 1848 *).
1339 1797 1468 1834 Τοῦτο
1499 1792 1539 1833 δ’
1556 1791 1627 1834 ε’άν

222 1881 282 1913 τις
305 1865 376 1906 τὸν
408 1862 585 1917 ἁλμυρὸν
613 1861 687 1914 οὐχ
715 1861 847 1915 ἕτερον
876 1865 974 1915 τιθῇ
1002 1864 1073 1902 τοῦ
1093 1865 1248 1914 πικροῦ,
1277 1858 1462 1914 καθάπερ
1493 1860 1557 1900 καὶ
1577 1857 1623 1899 τὸ

223 1931 343 1988 φαιὸν
370 1934 442 1971 τοῦ
469 1929 661 1982 μέλανος·
710 1926 777 1967 ε’ὰν
807 1927 850 1967 δὲ
873 1927 1044 1981 χωρίζῃ,
1083 1926 1286 1978 συμβαίνει
1315 1929 1456 1965 τοῦτον
1483 1923 1624 1978 ὄγδοον

223 1996 332 2040 εἶναι.
389 1995 545 2043 Γλυκὺς
579 1993 654 2048 γὰρ
691 1993 755 2034 καὶ
783 1990 950 2047 λιπαρὸς
978 1992 1041 2032 καὶ
1070 1990 1211 2044 πικρὸς
1236 1991 1300 2031 καὶ
1329 1988 1528 2044 αὐστηρός
1558 1990 1624 2030 καὶ

224 2064 366 2120 δριμὺς
405 2064 469 2104 καὶ
507 2059 600 2109 ὀξὺς
635 2060 699 2100 καὶ
735 2057 936 2113 στρυφνὸς
964 2056 1242 2111 ἀριθμοῦνται.
1291 2057 1551 2111 προστίθεται
1580 2054 1624 2095 δὲ

224 2134 288 2174 καὶ
316 2130 337 2173 ὁ
368 2127 547 2183 ἁλμυρὸς
574 2125 726 2180 όγόοος
774 2124 935 2166 Οἴονται
965 2123 1010 2164 δέ
1033 2138 1136 2170 τινες
1162 2123 1226 2164 καὶ
1255 2121 1324 2163 τὸν
1353 2121 1498 2175 οἲνώδη
1529 2122 1622 2162 δεῖν.

224 2199 264 2241 ἕν
291 2214 332 2239 τε
362 2196 436 2252 γὰρ
465 2200 548 2242 τοῖς
575 2197 742 2247 καρποῖς
771 2188 935 2244 υπὰρχει
962 2189 1135 2240 πλείοσι,
1169 2189 1234 2229 καὶ
1262 2189 1304 2229 ἔκ
1332 2191 1403 2240 τῆς
1428 2203 1498 2241 γης
1526 2186 1624 2228 ἀνα-

223 2264 350 2306 πιδύει
378 2279 438 2310 τις
467 2262 623 2312 ενιαχοῦ
653 2261 836 2304 τοιοῦτος
859 2254 998 2308 χυμός
1047 2254 1144 2296 ’Έτι
1159 2254 1199 2295 δ’
1227 2253 1315 2295 οὐδ’
1348 2251 1402 2302 ὡς
1429 2250 1449 2294 ὃ
1476 2256 1625 2308 γαλακ-

223 2330 355 2384 τώδης
382 2330 437 2376 εἷς
462 2327 533 2368 τὸν
560 2324 704 2380 γλυκὺν
735 2323 783 2365 ἂν
812 2323 946 2375 τεθείη
978 2321 1059 2377 (καὶ
1088 2320 1164 2375 γὰρ
1194 2318 1214 2361 ὃ
1243 2323 1422 2367 τοιοῦτος
1449 2335 1491 2359 εν
1510 2318 1625 2365 ἐνίοις

225 2395 279 2445 ὡς
308 2394 412 2443 εἶδος
441 2410 488 2434 αν
516 2394 673 2434 τίθοιτο
702 2393 775 2431 τοῦ
803 2388 1005 2443 γλυκέος),
1036 2386 1142 2428 οὕτω
1170 2385 1240 2427 τόν
1272 2384 1415 2438 οῖνώδη
1444 2388 1524 2426 τῶν
1551 2382 1624 2422 ἄλ·-

225 2468 306 2505 λων
332 2462 408 2503 τινὶ
435 2464 666 2514 προσνεῖμαι
695 2455 852 2513 ράδιον)
890 2453 981 2494 ἀλλ’
1015 2454 1097 2494 ιὸία
1124 2468 1184 2500 τις
1211 2450 1236 2505 ἡ
1267 2451 1386 2507 φύσις
1419 2447 1520 2491 καθ’
1548 2464 1622 2488 αυ-

224 2530 296 2583 τὴν
326 2525 576 2578 ἕπιδεχομένη
607 2524 670 2564 καὶ
698 2522 744 2563 τὸ
772 2520 892 2575 γλυκὺ
922 2520 987 2561 καὶ
1016 2518 1061 2560 τὸ
1093 2517 1293 2573 στρυφνὸν
1322 2518 1386 2558 καὶ
1413 2510 1622 2567 αὐστηρόν.

269 2692 301 2734 *)
339 2693 414 2737 Qua
435 2690 472 2724 in
497 2701 536 2723 re
562 2688 761 2735 magistrum
783 2685 1091 2719 Aristotelem
1119 2688 1257 2718 secutus
1279 2686 1331 2716 est
1352 2682 1393 2713 de
1415 2692 1507 2712 sensu
1530 2689 1560 2711 c.
1580 2677 1619 2712 4.

314 2746 372 2790 qui
396 2748 495 2780 locus
517 2755 589 2778 non
611 2743 648 2776 in
670 2741 869 2776 memoriam
891 2740 974 2774 mihi
996 2744 1157 2779 venerat,
1183 2749 1260 2772 cum
1286 2738 1459 2770 Meteorol.
1476 2741 1541 2767 v.e1
1561 2735 1618 2768 Gr.

317 2809 347 2835 et
363 2804 456 2835 Rom.
478 2800 678 2841 scriberem,
702 2799 766 2831 cfr.
777 2798 822 2837 11,
841 2799 892 2830 10.
918 2801 987 2828 not.
1001 2796 1034 2829 6
1057 2806 1091 2838 Ρ.
1102 2795 1156 2828 50.
