1812 3158
371 364 468 407 404
587 366 1033 410 COMMENTARIUS
1060 371 1119 410 IN
1143 360 1540 411 METEOROLOG.

369 495 408 532 p.
429 485 528 520 792:
558 477 595 518 οἳ
614 480 783 530 κομῆται
812 475 970 532 ἀστέρες
998 475 1053 525 ὡς
1077 476 1128 518 τὰ
1158 477 1287 518 πολλὰ
1313 478 1518 531 πνεύματα
1546 480 1761 531 σημαίνου-

370 558 452 585 σιν·
483 543 549 583 ἐὰν
577 543 620 583 δὲ
650 542 802 588 πολλοί,
836 543 900 583 καὶ
929 542 1093 595 αὐχμόν,
1122 546 1347 597 quibuscum
1375 547 1448 585 cfr.
1469 547 1542 596 IV,
1556 550 1594 585 8.
1614 560 1652 597 p.
1669 551 1760 586 800.

369 608 502 649 Arat.
530 612 709 648 Diosem.
739 614 817 649 359
836 624 919 661 sqq.
950 610 1072 662 (1090
1092 610 1211 663 sqq.):

336 673 340 677 ’
536 674 584 714 Οἱ
617 672 657 713 ‹5’
681 671 755 714 εἶεν
780 674 1037 728 καθύπερθεν
1065 674 1233 724 ἐοικότες
1262 675 1421 730 ἀστέρες
1450 676 1537 727 αἰεί,

531 739 660 791 Μηθ)
681 736 755 789 εἷς,
783 740 882 793 μήτε
912 740 1013 791 δύω,
1041 740 1139 793 μήτε
1168 742 1326 789 πλέονες
1352 740 1596 793 κομόωντες·

478 814 481 822 ’
530 806 683 846 Πολλοὶ
712 805 785 861 γὰρ
816 806 1016 859 κομόωσιν
1044 806 1109 847 ἐπ’
1135 807 1326 862 αὐχμηρῷ
1357 807 1536 863 ἐνιαυτῷ.

367 885 464 923 quae
482 873 536 910 sic
554 873 830 924 interpretatus
849 881 907 913 est
928 872 1029 914 Avi
1042 889 1164 914 enus
1191 890 1229 915 v.
1246 876 1326 914 487
1344 889 1400 926 sq.

591 940 651 977 Ac
679 942 718 977 si
746 943 966 992 contigerit
987 943 1127 991 plures
1156 942 1301 980 ardere
1331 948 1518 987 cometas,

587 1006 802 1043 Invalidas
829 1016 981 1057 segetes
1014 1008 1185 1045 torrebit
1213 1009 1361 1045 siccior
1391 1006 1474 1044 ae‘r.

362 1070 482 1110 Adde
510 1073 633 1110 Plin.
655 1074 814 1108 Histor.
836 1080 924 1110 nat.
945 1076 994 1121 II,
1014 1077 1087 1112 23:
1112 1071 1266 1111 Ventos
1287 1081 1436 1118 autem,
1466 1070 1520 1109 ab
1540 1072 1592 1107 ii..-
1605 1083 1759 1122 graves

362 1146 576 1188 aestasque
604 1137 854 1187 significari·
894 1159 948 1166 —
983 1135 1199 1189 γιγνόμενοι
1230 1137 1388 1183 πλείους
1425 1138 1566 1175 omisso
1597 1138 1758 1175 articulo

361 1205 405 1242 E·
428 1205 473 1241 F.
493 1203 544 1241 H.
570 1203 620 1240 N.
640 1203 681 1240 S.
713 1224 762 1230 —
796 1203 1008 1251 Quomodo
1038 1205 1128 1241 sicci
1159 1217 1326 1254 vapores
1361 1204 1574 1254 prohibere
1603 1209 1758 1253 queant,

360 1281 411 1306 ne
430 1268 581 1306 humidi
606 1268 649 1305 in
672 1267 793 1305 nubes
815 1268 1035 1307 imbremve
1056 1270 1268 1307 consistant
1298 1275 1335 1306 et
1361 1269 1667 1315 condensentur,
1708 1281 1759 1304 ex

360 1331 671 1371 Aristotelis
710 1331 863 1370 theoria
893 1332 992 1373 καθ’
1029 1332 1344 1385 ἀντιπερίστασιν
1383 1333 1657 1384 explicandum
1686 1338 1756 1380 est,

360 1399 410 1436 de
430 1412 506 1449 qua
522 1400 634 1446 vide,
664 1411 763 1448 quae
784 1400 950 1451 exposui
978 1401 1190 1439 Meceorol.
1210 1406 1288 1438 vet.
1313 1399 1384 1439 Gr.
1405 1406 1444 1437 et
1458 1401 1577 1437 Rom.
1599 1399 1757 1436 Introd.

359 1471 440 1503 not.
454 1466 519 1503 21.
547 1478 585 1515 p.
610 1467 632 1502 9
655 1477 739 1514 sqq.

469 1534 505 1569 9.
535 1527 581 1568 οὐ
608 1528 804 1581 γίγνονται
830 1526 876 1567 τὸ
904 1530 1085 1568 τοιοῦτον
1109 1527 1166 1568 Α.
1195 1525 1241 1568 οὗ
1260 1527 1403 1581 γίνεται
1431 1531 1611 1569 τοιοῦτον
1631 1532 1678 1568 F.
1702 1552 1752 1559 —

357 1593 438 1634 ἐπεὶ
475 1594 539 1634 καὶ
572 1591 635 1634 ὅτε
662 1593 704 1634 ἓν
732 1592 860 1647 Αἰγὸς
887 1599 1082 1645 ποταμοῖς
1119 1592 1228 1634 ἔπεσε
1264 1609 1327 1647 pr.
1355 1608 1454 1634 man.
1485 1596 1627 1633 omisso
1657 1590 1677 1634 ὃ
1706 1597 1754 1634 Ε.

357 1663 456 1700 Cum
474 1662 588 1699 multi
608 1661 658 1699 de
677 1662 750 1700 isto
769 1661 897 1713 lapide
915 1661 965 1699 ad
984 1659 1117 1712 Aegos
1142 1661 1292 1699 flumen
1313 1661 1470 1712 delapso
1505 1661 1755 1699 commentati

355 1728 454 1774 sint,
485 1728 590 1765 inter
619 1741 714 1778 quos
739 1729 912 1779 interpp.
939 1727 988 1764 ad
1015 1724 1252 1765 Ammian
1293 1727 1583 1767 Marcellin.
1610 1728 1753 1774 XXII,

357 1796 393 1839 8,
417 1798 453 1831 5.
483 1794 620 1839 XXII,
641 1795 704 1841 16,
728 1797 792 1832 22.
822 1795 936 1831 Tom-
957 1795 1003 1833 ΙΙ.
1024 1807 1062 1843 p.
1075 1793 1168 1831 453.
1187 1795 1277 1831 519.
1309 1793 1369 1831 ed.
1387 1795 1621 1843 Wagner,
1654 1793 1752 1830 Me-

355 1859 534 1908 nagius
562 1858 611 1895 ad
641 1859 851 1908 Diogen.
883 1860 1053 1896 Lassrt.
1099 1861 1160 1903 II,
1194 1862 1254 1895 10.
1294 1860 1492 1897 Tom.11.
1530 1873 1569 1909 p.
1593 1862 1657 1897 78.
1689 1859 1750 1896 ed.

353 1925 399 1962 M
409 1923 486 1976 ei,b
498 1937 520 1959 ο
534 1936 570 1959 m
584 1950 597 1970 ,
624 1923 690 1973 qui
709 1923 938 1973 praesertim
958 1923 1007 1959 de
1024 1935 1139 1969 ann0,
1160 1935 1237 1972 quo
1253 1924 1350 1973 lapis
1368 1923 1442 1961 iste
1459 1923 1648 1961 decidisse
1669 1924 1744 1961 fer·-

352 1994 429 2036 tur,
455 1977 624 2039 plurima
645 1987 871 2039 disputavit,
899 1986 992 2027 Wa
1004 2000 1026 2036 g
1039 2000 1127 2025 ner
1146 1987 1197 2024 ad
1219 1990 1422 2026 Marmor.
1435 1989 1537 2026 Par.
1553 1987 1748 2040 (Gotting-

355 2055 468 2093 1790.
485 2051 538 2105 8.)
558 2068 595 2105 p.
613 2055 703 2102 112,
733 2054 823 2091 satis
845 2053 1028 2091 duximus
1049 2053 1308 2103 adscripsisse,
1338 2066 1435 2104 quae
1463 2054 1749 2093 Boeckhius

351 2117 490 2172 (Corp.
511 2121 698 2169 inscript.
713 2133 782 2170 gr.
808 2120 964 2159 Vol.11.
994 2121 1104 2159 Fasc.
1125 2121 1156 2158 Ι.
1183 2120 1288 2158 Part.
1304 2121 1396 2158 XII.
1427 2133 1466 2170 p.
1489 2123 1580 2167 320,
1594 2119 1636 2170 b)
1669 2119 1750 2157 dis-

349 2187 483 2233 seruit,
501 2186 638 2235 quibus
658 2199 777 2236 pauca
802 2185 943 2223 deinde
955 2185 1200 2222 subiecimus.
1229 2186 1294 2222 De
1313 2185 1453 2235 lapide
1468 2188 1547 2223 isto
1563 2200 1613 2223 ex
1632 2186 1745 2222 caelo

349 2254 432 2288 sive
462 2265 515 2288 ex,
541 2250 634 2287 ae‘re
657 2249 823 2300 delapso
853 2251 1071 2301 loquuntur
1093 2248 1288 2300 plurimi,
1325 2265 1399 2288 nec
1424 2264 1486 2288 res
1514 2258 1573 2288 est
1603 2251 1744 2288 dubia.

347 2317 500 2353 Noster
518 2315 557 2364 ²³)
583 2315 682 2354 mihi
698 2317 860 2354 videtur
877 2317 1166 2366 superstitione
1186 2315 1328 2353 ductus
1345 2330 1431 2354 rem
1450 2323 1585 2353 cetera
1604 2330 1745 2353 veram

348 2381 584 2427 adnotasse,
632 2395 885 2433 quamquam
926 2384 1142 2420 contraria
1185 2379 1459 2419 Robertsonas
1485 2381 1541 2429 *Ὅ
1578 2383 1743 2418 ratione

388 2509 423 2551 *)
446 2509 630 2544 Max-moris
651 2511 742 2544 Parii
768 2516 906 2553 auctor,
936 2510 1034 2544 cuius
1057 2512 1144 2544 haee
1170 2516 1251 2544 sunt
1275 2511 1403 2546 verba:
1433 2505 1521 2551 Ἀφ’
1543 2505 1587 2542 οὗ
1609 2508 1646 2543 ἐν
1668 2507 1742 2543 Λί-

428 2562 491 2608 γὸς
515 2565 692 2606 ποταμοῖς
713 2563 735 2598 o‘
758 2564 861 2599 λίθος
883 2564 986 2599 ἔπεσε
1011 2585 1056 2592 --
1077 2585 1122 2592 —
1144 2583 1187 2591 —
1217 2561 1385 2609 ἄρχοντος
1415 2559 1613 2607 Ἀθήνησιν
1646 2567 1734 2598 &⁶0¹-

428 2615 565 2662 γενίὸου
609 2618 768 2664 (Olymp.
796 2622 850 2662 78,
879 2619 925 2661 1).

384 2673 444 2717 *Ὃ
466 2673 635 2708 Nimirum
656 2675 692 2708 in
716 2676 825 2709 libro:
863 2677 933 2709 The
954 2676 1070 2718 parion
1094 2676 1278 2716 Chronicle‚
1302 2686 1338 2707 or
1359 2674 1410 2705 the
1436 2674 1602 2706 Chronicle
1628 2672 1670 2713 of
1686 2674 1737 2706 the

427 2731 627 2769 Arundelian
649 2733 821 2772 Marsz,
855 2732 931 2762 with
955 2742 976 2763 a
1001 2732 1202 2762 dissertation
1227 2731 1415 2770 conec-ming
1437 2731 1477 2760 iis
1500 2730 1734 2770 Anthenticiiy.

425 2784 573 2815 London
597 2785 695 2817 1788.
719 2786 755 2816 8.
