1734 3172
593 333 1013 378 PRAEFATIO.
1361 332 1523 374 XXXI

185 447 510 511 egtinguentibuss.
562 453 599 493 et
630 447 769 502 nostrie
805 447 844 494 in
876 446 1100 494 carnatibus
1135 446 1302 502 quotibt'e
1330 459 1522 502 apparete

72 521 379 636 Contilrfftgi'ol.
398 588 570 632 XXVI.
599 587 673 631 fol.
696 590 876 630 minore.
934 587 985 629 In
1003 587 1090 630 fine
1110 587 1288 644 legitur:
1324 586 1522 638 Quataor

70 663 179 706 libri
203 667 485 704 meteororum
514 659 776 702 Aristotelis
802 657 1083 714 Paraphrari
1108 657 1267 700 Iacobo·
1287 656 1520 715 Stapalen-

70 738 130 775 sis
158 733 405 788 explanati.
434 729 501 771 Fi.
523 729 711 786 Lipzick
738 733 958 786 impressit
985 730 1242 772 Valentinus
1261 726 1520 770 Sckumann.

68 803 195 844 Anno
225 793 579 855 &EXV1(sic!)
608 822 664 831 —-
696 797 823 849 Quod
846 800 899 841 de
919 798 1031 841 libro
1062 799 1208 841 Petri
1237 799 1298 840 de
1326 797 1520 840 Eliaco

67 872 327 914 monendum
349 886 445 913 esse
468 871 631 921 censui,
659 871 701 911 id
726 872 856 911 etiam
876 871 921 911 in
943 870 1059 911 hunc
1086 869 1244 911 librum
1274 870 1463 924 quadrat.

184 943 383 984 Circalas
409 943 601 983 Pisanus
627 940 806 982 Claudii
827 939 1095 995 Berigardii
1111 939 1390 989 Mottnenm,
1422 940 1520 980 olim

179 1016 227 1052 in
258 1013 447 1062 Pisano,
489 1016 575 1053 iam
606 1014 653 1051 iu
678 1009 824 1064 Lyceo
854 1010 1078 1051 Patavino
1096 1008 1352 1066 philosophi
1386 1012 1523 1064 primi

159 1068 162 1071 ⁴
175 1086 304 1136 paris
333 1081 387 1122 de
406 1085 552 1122 veteri
577 1086 620 1121 et
643 1083 948 1135 peripatetica
966 1079 1254 1135 Philosophia
1279 1083 1325 1119 in
1344 1078 1520 1120 Aristo-

179 1150 281 1192 telis
309 1148 443 1192 libros
471 1150 845 1205 *Meteorologicos
870 1147 1158 1192 Serena-nmo
1189 1150 1436 1192 Laurentio
1465 1149 1520 1190 ab
1550 1159 1553 1162 ’

175 1220 398 1263 Hetraria
436 1220 680 1262 dedicatas.
743 1218 866 1262 Utini
904 1234 960 1261 ex
1000 1219 1311 1277 Typographia
1350 1218 1518 1261 Nicolai

175 1289 407 1334 Schirattii.
444 1295 571 1334 1647.
599 1297 640 1332 4.
683 1288 750 1332 IV
781 1298 825 1330 et
853 1293 924 1331 36.

42 1350 213 1417 'Neque
243 1362 290 1402 in
319 1361 451 1402 hocce
481 1361 616 1413 libro,
649 1369 867 1416 praeterea
895 1363 941 1402 in
971 1361 1154 1403 historia
1182 1360 1380 1415 physices
1411 1359 1520 1401 cele—

62 1431 331 1483 bratissimo,
375 1433 673 1487 reperiuntur,
717 1445 826 1486 quae
855 1431 910 1474 ad
940 1430 1273 1487 explicationem
1303 1429 1520 1472 Meteoro-

59 1501 301 1558 logicorum
329 1499 574 1550 Aristotelis
615 1509 808 1558 spectare
842 1504 1021 1558 possint.
1079 1499 1186 1542 Cum
1218 1516 1321 1543 vero
1351 1516 1404 1542 ne
1439 1502 1519 1542 hoc

51 1572 231 1628 ¹quidem
259 1570 355 1613 loco
386 1587 544 1629 negare
575 1574 760 1629 possim,
801 1571 913 1613 nihil
942 1571 1050 1613 mihi
1075 1573 1119 1612 in
1154 1572 1336 1613 historia
1363 1573 1520 1612 mentis

61 1640 275 1683 humanae
305 1643 479 1683 maioris
508 1643 713 1698 ponderis
739 1642 899 1690 videri,
930 1657 1054 1696 quam
1086 1643 1333 1696 opinionum
1365 1642 1417 1682 de
1446 1656 1519 1682 na-

61 1719 182 1751 turae
220 1710 528 1766 phaenomenis
567 1720 610 1751 et
650 1711 703 1752 de
732 1698 883 1751 eorum
922 1709 1208 1766 explicatione
1248 1713 1519 1753 conaminum

59 1794 311 1831 recensum,
352 1781 405 1821 ad
446 1782 575 1822 istum
615 1778 773 1821 librum
812 1781 976 1835 aptiore
1015 1774 1228 1836 tempore,
1279 1782 1364 1822 nisi
1403 1783 1517 1822 vires

61 1851 274 1906 vitamque
305 1848 425 1892 Deus
456 1851 690 1906 negaverit,
722 1850 974 1891 redeamus!
1006 1875 1062 1881 ——
1105 1850 1518 1893 Commentariorum

63 1919 257 1976 Collega·
285 1920 649 1962 Conimbricemis·
676 1933 761 1961 soc.
791 1920 899 1962 Iesu
927 1924 974 1962 in
998 1920 1133 1962 libros·
1162 1921 1217 1963 de
1245 1923 1389 1973 coelo,
1418 1922 1517 1964 Me-

59 1991 333 2046 teorologica
377 1996 422 2032 et
461 2004 609 2046 parva
657 1991 887 2032 nataralia
935 1993 1122 2048 quinque
1163 1993 1378 2034 editiones
1415 2002 1516 2034 ante

58 2057 208 2101 oculos
235 2058 387 2112 habeo,
419 2075 526 2116 quae
558 2075 706 2102 omnes
735 2063 780 2103 in
799 2067 841 2103 4.
873 2063 1070 2117 prodiere
1095 2060 1319 2112 Coloniae,
1348 2064 1515 2104 tertiam

59 2130 161 2170 anni
203 2134 336 2182 1596,
388 2143 494 2186 quas
537 2131 690 2172 deinde
733 2139 996 2187 exceperunt
1045 2132 1255 2175 editiones
1304 2147 1514 2174 annorum

59 2201 183 2242 1599.
216 2204 340 2242 1602.
370 2203 494 2242 1603.
518 2204 642 2242 1618.
700 2199 850 2257 Neque
881 2201 982 2243 hinc
1010 2203 1238 2258 quidquam
1267 2205 1364 2244 sani
1392 2217 1515 2258 repe-

58 2276 139 2310 tas.
206 2268 431 2311 Nicolai
473 2268 644 2312 Cabei
691 2271 982 2328 Philosophia
1021 2275 1386 2330 experimentalis
1422 2277 1516 2314 sive

59 2342 107 2379 in
136 2337 270 2379 libros
302 2339 565 2381 Aristotelis
599 2347 909 2384 commentaria
951 2329 1149 2399 prodiere
1185 2343 1347 2385 Romae
1390 2346 1513 2384 1646.

58 2417 239 2465 quatuor
267 2407 559 2450 voluminibus
587 2409 663 2451 fol.
692 2409 891 2454 laudante
919 2413 952 2454 F
964 2413 1185 2455 abricio
1204 2413 1320 2455 Bibl.
1340 2427 1411 2469 gr.
1436 2412 1512 2454 Ill.

56 2493 100 2534 p.
123 2481 221 2520 232.
281 2476 432 2519 Oculis
449 2492 501 2519 ea
522 2481 768 2534 conspicere
797 2496 847 2523 ac
867 2496 1112 2537 comparare
1142 2482 1250 2524 mihi
1270 2482 1511 2536 nonlicust,

59 2562 196 2604 neque
226 2550 362 2605 magis
393 2547 639 2600 editionem,
669 2566 775 2606 quae
794 2553 953 2607 prodiit
972 2550 1135 2593 Romae
1160 2557 1281 2603 1686,
1311 2552 1512 2595 laudante

58 2614 414 2659 Beckmanno
453 2617 598 2660 Beitr.
642 2634 722 2661 zur
764 2620 919 2662 Gesclt.
962 2621 1041 2663 der
1077 2621 1388 2680 Erfiudangen
1432 2622 1511 2665 lv.

57 2701 101 2741 p.
135 2689 239 2737 194,
289 2688 375 2729 nisi
414 2689 599 2730 fortasse
639 2688 746 2731 haec
776 2692 931 2732 mendo
962 2693 1270 2749 typographico
1301 2695 1510 2750 originem

59 2755 196 2797 debet.
219 2780 272 2787 —-
303 2756 454 2814 Neque
482 2760 570 2800 vidi
599 2759 1025 2804 Bonaventurae
1055 2761 1270 2806 Belluti
1300 2764 1510 2807 Catanen-

58 2827 119 2867 sis
140 2825 289 2877 Siculi,
320 2829 481 2870 ordinis
502 2828 721 2871 Minorum
745 2831 1065 2887 disputationes
1083 2838 1131 2876 in
1151 2833 1286 2876 libros
1309 2835 1363 2876 de
1387 2835 1508 2876 caelo
