1774 3198
266 358 358 402 478
477 368 923 408 COMMENTAmUs
953 371 1012 409 IN
1039 343 1443 414 METEOROLOG.

258 473 393 516 Ἰνδῶν
415 474 458 515 δὲ
482 473 641 526 πλῆθός
661 491 701 515 τε
719 475 901 517 πλεῖστόν
920 476 1003 518 ἔστι
1031 476 1190 520 πάντων
1219 484 1299 522 τῶν
1326 480 1438 534 ἡμεῖς
1463 482 1574 535 ἴδμεν
1595 485 1665 526 ἀν-

262 540 441 595 θρώπων
455 573 465 591 ,
515 541 579 580 καὶ
618 540 747 594 φόρον
786 541 996 596 ἀπαγίνεον
1041 543 1143 598 πρὸς
1186 545 1340 594 πάντας
1374 547 1470 596 τοὺς
1507 548 1662 599 ἄλλους.

262 611 474 648 Aristot.
500 606 663 646 Hister.
687 611 862 648 animal.
885 613 958 660 VI,
979 616 1042 657 10,
1059 616 1097 651 8.
1120 618 1252 664 Ρ.266
1275 615 1336 653 ed.
1359 615 1665 658 Schneider:

261 674 346 726 περὶ
377 672 449 723 μὲν
477 688 546 712 ουν
574 671 642 712 τὸν
666 673 814 727 χρόνον
849 679 992 716 τοῦτον
1024 675 1100 730 τ’]δη
1140 678 1323 732 διάδηλοι
1358 679 1460 734 πρὸς
1486 681 1560 735 τὴν
1586 686 1666 724 τῶν

260 741 434 792 θηλειῶν
463 736 632 792 υστέραν
660 741 758 781 εἰσιν
788 741 825 782 οἶ
853 741 968 823 πόροι
999 747 1079 784 τῶν
1111 743 1287 799 ἀρρένων
1325 748 1348 786 i.
1372 762 1405 786 e.
1435 753 1668 799 comparati

261 823 351 846 cum
378 816 492 845 utero
510 808 730 859 feminino.
752 832 806 839 —-
835 809 919 849 καὶ
948 810 1203 865 πρότερον
1232 841 1371 854 .....
1399 814 1473 860 εἷς
1500 813 1664 861 τέλος.

260 875 343 912 Cfr.
367 875 600 913 Ocellum
622 876 881 915 Lucanum
910 891 973 928 ap.
988 880 1117 918 Stob.
1134 881 1278 932 Eclog.
1300 884 1330 928 Ι,
1350 885 1416 919 21.
1436 896 1475 933 p.
1487 882 1663 932 42.ssqu

258 938 463 986 Πολλάκις
491 963 545 969 —
572 938 648 992 η’δη
680 941 745 980 καὶ
775 940 903 995 γέγονε
931 943 995 983 καὶ
1025 943 1168 984 ἔσεΐται
1197 946 1262 985 καὶ
1290 944 1498 998 βάρβαρος
1526 943 1552 986 ἆ
1574 944 1666 986 Ἕλ-

259 1003 331 1051 λας
369 1004 442 1056 οὐχ
475 1001 547 1044 ὕπ’
582 1005 812 1060 ἀνθρώπων
849 1007 975 1061 μόνον
1014 1009 1297 1063 γιγνόμενα
1343 1010 1666 1064 μετανάστα-

258 1086 369 1119 τος,
422 1069 523 1111 ἀλλὰ
566 1073 631 1112 καὶ
668 1070 738 1112 ὑπ’
774 1074 898 1122 αὐτᾶς
935 1079 1009 1123 τᾶς
1045 1075 1211 1130 φύσιος,
1256 1075 1344 1118 οὔτε
1371 1079 1550 1129 μείζονος
1577 1076 1666 1119 οὔτε

256 1138 413 1189 μείονος
448 1136 572 1185 αὐτᾶς
607 1140 834 1191 γινομένας,
882 1140 984 1181 ἀλλὰ
1012 1142 1242 1196 καινοτέρας
1271 1142 1330 1183 ἀεὶ
1371 1145 1435 1185 καὶ
1471 1143 1563 1184 ποτ’
1597 1143 1667 1196 ἐμὲ

257 1202 383 1255 ἀρχὰς
412 1203 710 1256 λαμβανούσας.
778 1209 1021 1257 Quibuscum
1051 1212 1188 1248 confer
1221 1212 1345 1250 verba
1380 1213 1666 1251 Alexandri

256 1271 312 1309 ab
350 1272 636 1311 Humboldt
688 1275 859 1325 Voyage
900 1288 985 1312 aux
1014 1277 1180 1327 regions
1214 1278 1405 1327 &quinon
1456 1279 1569 1316 T.om
1596 1280 1664 1317 HI.

255 1351 297 1389 p.
322 1341 403 1376 260
424 1352 511 1389 sqq.

366 1408 404 1443 8.
436 1398 508 1444 οὗν
530 1407 676 1444 omittit
693 1407 744 1445 N.
769 1427 824 1433 —
860 1403 1111 1445 Ἥανθάνουσί
1134 1420 1175 1459 γε
1203 1404 1396 1448 τοιούτων
1422 1411 1564 1448 omisso
1584 1411 1664 1449 τῶν

253 1473 301 1509 Ε.
323 1493 378 1501 --
405 1470 471 1510 καὶ
491 1469 651 1511 ταύτων
677 1486 752 1524 pro
773 1469 938 1519 ταύταις
962 1474 1091 1512 voluit
1113 1474 1164 1512 G.

368 1542 406 1577 9.
444 1532 614 1591 υστέραν
640 1553 715 1590 pro
741 1536 912 1590 ἐσχάτην
937 1542 984 1578 F.
1012 1540 1064 1578 H.
1083 1541 1137 1578 N.
1159 1541 1267 1579 Cam.
1289 1530 1366 1594 γ-ρ.
1381 1541 1466 1580 Cas.
1488 1542 1548 1578 ad
1565 1544 1664 1580 ulti-

254 1618 366 1642 mam
393 1606 519 1644 vertit
544 1609 648 1656 Bag.
669 1627 724 1633 —-
757 1603 938 1658 μακροὺς
957 1602 1130 1657 χρόνους
1166 1607 1328 1646 inverso
1363 1607 1502 1645 ordine
1536 1607 1578 1644 F.
1606 1609 1662 1647 Η.

253 1671 307 1709 Ν.
329 1692 385 1699 -
415 1671 508 1709 Post
529 1673 690 1723 πλῆθος
707 1675 754 1710 F.
774 1673 827 1709 H.
842 1673 892 1711 N.
922 1673 1074 1711 addunt
1089 1676 1178 1719 ταῖς
1193 1670 1520 1723 μεταναστάσεσι.
1554 1672 1665 1712 Nihil

253 1744 385 1775 tamen
409 1739 602 1776 eiusmodi
621 1740 822 1790 reperitur
843 1739 885 1777 in
908 1740 1042 1777 codice
1065 1741 1097 1778 E
1113 1769 1124 1788 ,
1152 1740 1196 1777 in
1220 1740 1480 1788 editionibus,
1510 1740 1552 1777 in
1569 1753 1666 1778 ver-

253 1805 364 1842 sione
391 1806 646 1855 Bagolini.
668 1829 720 1838 --
747 1802 898 1857 τρόπον
918 1807 1063 1844 omittit
1078 1807 1131 1844 N.
1152 1824 1204 1835 -·—
1234 1801 1318 1844 εἶτα
1337 1820 1411 1857 pro
1431 1804 1486 1851 εἷς
1513 1803 1564 1844 τὰ
1591 1820 1666 1844 ve-

251 1877 316 1909 tus
333 1872 530 1921 interpres
556 1872 799 1911 Morellii,
828 1885 890 1923 γρ.
922 1871 1007 1910 Cas.
1049 1873 1093 1909 in
1112 1875 1367 1921 *permutatis
1391 1875 1484 1922 Bag.
1514 1893 1569 1900 -—
1598 1871 1664 1910 καὶ

251 1934 304 1975 τὰ
324 1933 532 1988 γιγνόμενα
564 1932 666 1987 ξηρά
691 1938 739 1974 Ε.
797 1938 882 1976 efr.
904 1937 954 1976 ad
972 1940 1002 1986 Ι,
1022 1940 1058 1986 3,
1077 1940 1114 1975 5.
1143 1940 1173 1986 1,
1197 1938 1260 1985 12,
1285 1941 1348 1975 11.
1378 1938 1410 1986 1,
1435 1939 1499 1984 12,
1525 1939 1585 1976 19.
1608 1958 1663 1965 —

253 1999 427 2056 ἐνύγρων
452 2016 527 2054 pro
556 1999 732 2055 ἐνύδρων
760 2003 809 2041 Ε.
860 2028 862 2030 -

364 2071 438 2107 10..
461 2067 666 2121 γίγνεσθαι
693 2083 769 2121 pro
795 2066 963 2120 γίγνεται
988 2069 1034 2107 Ρ.
1056 2069 1095 2106 S.
1118 2068 1204 2106 Cas.
1231 2067 1299 2118 qui
1324 2070 1499 2105 nostram
1525 2068 1663 2106 lectio-

250 2148 342 2174 nem
366 2136 693 2183 commemoravit
715 2136 756 2174 in
776 2137 965 2187 margine.
998 2157 1048 2164 —-
1089 2131 1275 2180 ἔπίδωσις
1293 2136 1363 2173 Er.
1389 2135 1530 2172 eodem
1550 2135 1662 2183 vitio,

250 2215 329 2252 quo
350 2215 463 2254 saepe
480 2203 523 2240 in
542 2202 741 2240 codicibus
760 2203 945 2253 scriptum
966 2202 1167 2253 reperitur
1186 2199 1474 2252 παρωνομασία
1496 2208 1534 2238 et
1552 2202 1662 2238 simi-

249 2269 313 2307 lia.
365 2270 449 2307 Cfr.
483 2269 730 2307 Schaefer
758 2269 807 2308 ad
836 2269 971 2306 Sahal.
996 2269 1136 2306 Paris.
1167 2268 1407 2318 Apollon.
1441 2267 1596 2305 Rhod.
1626 2268 1661 2312 Ι,

253 2338 345 2373 623.
376 2349 415 2386 p.
441 2339 505 2374 50.
565 2335 775 2373 Caeterum
800 2335 991 2374 vocabulo
1011 2347 1110 2384 quae
1133 2334 1344 2372 tribuenda
1363 2334 1414 2371 sit
1432 2333 1660 2384 significatio

248 2407 358 2451 patet
386 2415 437 2440 ex
466 2402 818 2453 Theophrasti
845 2404 1007 2439 Hister.
1028 2401 1167 2449 plant.
1197 2401 1256 2449 II,
1274 2405 1322 2448 2,
1342 2402 1406 2439 12.
1434 2414 1476 2451 p.
1499 2402 1562 2447 50,
1591 2398 1658 2437 ubi

247 2466 345 2506 haec
381 2469 585 2519 leguntur:
629 2463 821 2513 ὡσαύτως
858 2465 901 2506 δὲ
930 2466 1072 2518 δῆλον,
1113 2463 1175 2506 ὅτι
1204 2466 1269 2506 καὶ
1297 2463 1374 2506 ὅσα
1402 2463 1659 2516 ἐξημεροῦται

247 2535 328 2572 τῶν
359 2530 507 2586 ἀγρίων
533 2531 558 2585 ἢ
589 2531 793 2587 ἇγριοῦται
829 2535 909 2573 τῶν
947 2529 1119 2586 ἡμέρων.
1167 2530 1218 2572 τὰ
1245 2531 1319 2583 μὲν
1347 2529 1421 2584 γὰρ
1448 2528 1657 2581 θεραπεία,

247 2596 300 2637 τὰ
329 2599 353 2638 δ
361 2597 372 2612 ³
396 2597 672 2652 ἀθεραπευσίαι
699 2598 952 2652 μεταβάλλει.
983 2597 1087 2650 πλὴν
1115 2597 1156 2638 εἶ’
1175 2613 1234 2644 τις
1261 2597 1380 2650 λέγει,
1405 2593 1509 2646 μηδὲ
1535 2609 1659 2645 μετα-

245 2661 391 2716 βολήν,
423 2663 517 2704 ἀλλ’
552 2665 728 2707 ἐπίδοσιν
756 2667 812 2712 εἷς
837 2664 883 2706 τὸ
909 2664 1066 2716 βέλτιον
1094 2661 1191 2705 εἶναι
1218 2663 1282 2704 καὶ
1306 2665 1454 2714 χεῖρον.
1477 2683 1524 2689 -
1557 2658 1658 2700 ὥστε

245 2729 505 2780 μνημονεύειν
536 2736 678 2772 omisso
697 2731 755 2784 μή
777 2736 825 2772 Ε.
845 2755 899 2763 —-
925 2730 1031 2778 τίνος
1060 2745 1133 2782 pro
1153 2729 1255 2775 τίνες
1271 2730 1322 2769 N.
1351 2749 1406 2758 --
1435 2729 1595 2780 πρῶτον
1612 2729 1657 2766 F.

245 2797 299 2835 H.
316 2797 368 2835 A.
389 2799 458 2837 Er.
481 2801 522 2838 S.
544 2801 628 2839 Cas.
656 2801 723 2850 qui
743 2806 918 2838 nostram
936 2798 1145 2837 lectionem
1166 2797 1208 2834 in
1232 2795 1405 2844 margine
1422 2795 1586 2833 notavit.
1602 2816 1656 2822 —
