1820 3158
330 302 389 343 24
437 308 642 351 —p.343,b.
670 308 827 340 Bek1<.—
880 310 1023 348 LIB.1.
1055 310 1270 348 CARVII.
1339 309 1557 351 -p.330,1‹
1577 308 1700 343 Cas.—

329 417 427 471 πρὸς
455 417 547 465 τοὺς
575 416 758 462 ἀπλανεῖς
792 415 970 467 γίνεσθαι
1001 417 1213 466 συνόδους,
1251 418 1315 457 καὶ
1354 416 1467 456 αἰτοὶ
1495 414 1722 471 ἑωράκαμεν

328 482 397 524 τὸν
426 483 571 537 ἀστέρα
607 481 676 521 τὸν
711 484 783 520 τοῦ
811 481 912 530 Διὸς
946 487 1024 524 τῶν
1063 483 1104 523 ἐν
1140 489 1224 531 τοῖς
1260 481 1440 535 διδύμοις
1477 481 1723 523 συνελθόντα

328 551 401 589 τινὶ
442 549 502 595 δὶς
541 546 617 599 ἤδη
660 547 724 586 καὶ
765 545 1037 601 ἀφανίσαντα,
1095 547 1186 589 ἀλλ’
1221 548 1266 589 οὗ
1296 547 1472 601 κομήτην
1502 547 1722 601 γενόμενον.

276 618 324 651 12
359 621 421 655 12.
445 613 528 654 ’Έτι
559 613 601 653 δὲ
622 614 687 653 καὶ
717 613 760 653 ἐκ
779 617 851 654 τοῦ
881 611 1000 667 λόγου
1021 611 1214 669 φανερόν·
1247 614 1283 656 οἳ
1303 614 1378 668 γὰρ
1410 613 1571 668 ἀστέρες
1597 612 1670 655 κᾶν
1691 615 1725 654 εἷ

325 680 481 731 μείζους
509 676 581 718 κᾶν
611 677 798 726 ἐλάττους
827 680 1058 733 φαίνωνται,
1088 680 1176 720 ἀλλ’
1200 679 1310 732 ὅμως
1329 679 1548 735 ἀδιαίρετοί
1560 696 1601 734 γε
1622 679 1721 721 καθ’

327 742 492 791 ἑαυτοὺς
519 741 614 784 εἶναι
644 745 839 786 δοκοῦσιν.
871 743 1001 800 ὥσπερ
1033 740 1104 786 οὗν
1133 747 1197 786 καὶ
1227 747 1260 786 εἲ
1287 741 1388 798 ἦσαν
1418 745 1652 800 ἀδιαίρετοι,
1681 743 1729 786 ἁ-

327 808 500 862 ψάμενοι
530 809 652 851 οὐθὲν
684 809 732 851 ἂν
751 811 940 864 ἐποίησαν
966 811 1156 865 μέγεθος,
1185 810 1292 852 οὕτω
1321 812 1384 852 καὶ
1413 811 1544 865 ἐπειδὴ
1569 811 1638 852 οὐκ
1656 810 1730 852 εἶσὶ

327 875 401 927 μὲν
430 876 638 930 φαίνονται
669 877 713 916 δὲ
743 876 976 930 ἀδιαίρετοι,
1023 878 1088 918 καὶ
1116 875 1375 924 συνελθόντες
1405 877 1729 931 οὐθὲνφανοῦν-
1774 919 1780 925 ,

278 952 326 986 13
342 956 406 981 ται
433 943 589 993 μείζους
615 941 660 982 τὸ
690 943 862 996 μέγεθος
890 941 1011 993 ὄντες.
1059 950 1122 983 13.
1145 943 1233 984 Ὅτι
1262 943 1335 995 μὲν
1363 936 1434 991 οὗν
1464 942 1504 982 αῖ
1532 941 1730 996 λεγόμενοι

329 1008 416 1062 περὶ
446 1005 575 1048 αὐτῶν
605 1009 725 1048 αἷτίαι
755 1009 916 1061 ψευδεῖς
945 1004 1060 1050 οὖσαι
1087 1008 1359 1063 τυγχάνουσιν,
1388 1010 1422 1050 εἲ
1439 1007 1495 1061 μὴ
1516 1007 1580 1049 διὰ
1599 1007 1731 1061 πλειό-

329 1089 429 1125 νων,
468 1072 570 1114 ἀλλὰ
599 1074 664 1114 καὶ
696 1072 762 1114 διὰ
790 1073 944 1115 τούτων
973 1075 1117 1122 ἱκανῶς
1145 1074 1266 1128 δῆλόν
1298 1075 1416 1116 ἔστιν.
1697 1070 1700 1072 ’

278 1145 297 1178 1
439 1143 532 1181 VII.
593 1138 700 1180 Ἐπεὶ
740 1140 783 1180 δὲ
819 1141 908 1194 περὶ
944 1144 1024 1182 τῶν
1062 1141 1226 1196 ἀφανῶν
1262 1145 1312 1196 τῇ
1351 1138 1536 1192 αἲσθήσει
1578 1141 1732 1191 νομίζο-

328 1221 400 1257 μεν
439 1204 584 1254 ἱκανῶς
614 1205 896 1258 ἇποδεδεΐχθαι
927 1206 1030 1247 κατὰ
1056 1206 1126 1249 τὸν
1154 1206 1293 1260 λόγον,
1341 1206 1410 1247 ε’ὰν
1448 1207 1502 1253 εἷς
1530 1204 1575 1246 τὸ
1611 1207 1733 1246 δυνα-

329 1269 400 1311 τὸν
430 1269 699 1326 ἀναγάγωμεν,
728 1273 770 1314 ἔκ
789 1276 869 1314 τῶν
892 1276 965 1313 ,νῦν
994 1272 1242 1328 φαινομένων
1269 1270 1465 1325 ὑπολάβοι
1494 1289 1554 1321 τις
1581 1271 1630 1314 ἂν
1659 1267 1734 1314 ὧδε

331 1337 418 1391 περὶ
446 1335 597 1379 τούτων
626 1338 801 1391 μάλιστα
832 1340 1075 1392 συμβαίνειν.
1112 1337 1313 1380 ὑπόκειται
1341 1337 1415 1393 γὰρ
1443 1336 1536 1391 ἡμῖν
1564 1342 1635 1379 τοῦ
1665 1337 1734 1380 κό-

332 1417 435 1457 σμου
471 1406 543 1444 τοῦ
572 1405 660 1459 περὶ
685 1404 758 1458 τὴν
783 1408 878 1458 γῆν,
914 1403 1011 1447 ὅσον
1038 1403 1114 1446 ὕπὸ
1144 1404 1218 1458 τὴν
1246 1403 1447 1459 ἔγκύκλιόν
1475 1405 1558 1445 ἐστι
1590 1403 1736 1459 φοράν,

332 1464 428 1507 εἶναι
476 1467 523 1510 τὸ
570 1473 727 1524 πρῶτον
771 1469 894 1525 μέρος
942 1471 1212 1524 ἀναθυμίασιν
1268 1470 1392 1525 ξηρὰν
1449 1471 1513 1512 καὶ
1565 1469 1732 1526 θερμήν.

332 1538 372 1572 2.
410 1532 528 1586 Αὕτη
561 1535 605 1575 δὲ
633 1534 732 1588 αὐτή
760 1551 801 1576 τε
830 1537 895 1577 καὶ
922 1540 996 1577 τοῦ
1034 1540 1219 1589 συνεχοῦς
1254 1534 1327 1578 ὑπ’
1367 1535 1492 1589 αὐτὴν
1530 1536 1646 1591 ἀέρος
1679 1534 1735 1577 ἔτι

333 1665 627 1704 coniunctiones
659 1667 776 1715 fiant,
815 1669 922 1707 cuius
952 1670 1012 1707 rei
1040 1671 1265 1720 exemplum
1295 1669 1370 1719 ipsi
1399 1668 1582 1707 vidimus.
1626 1669 1736 1707 Iovis

331 1731 435 1768 enim
465 1731 574 1769 sidus
596 1733 856 1771 Geminorum
871 1734 1020 1772 ‘stellae
1047 1736 1202 1773 cuidam
1229 1735 1288 1772 bis
1316 1734 1545 1772 convenisse
1572 1748 1736 1785 eamque

331 1797 554 1844 occultasse,
579 1798 648 1834 sed
666 1800 820 1836 nullum
839 1799 1023 1850 deinceps
1041 1801 1266 1850 apparuisse
1283 1805 1488 1837 cometam.
1534 1803 1595 1838 12.
1612 1801 1734 1838 Prae-

330 1868 440 1901 terea
466 1863 547 1913 ipsa
570 1864 724 1917 ratione
743 1865 916 1915 ineptam
940 1879 1023 1903 esse
1040 1865 1141 1903 hanc
1161 1865 1392 1903 sententiam
1412 1870 1531 1915 patet.
1589 1865 1733 1902 Stellae

332 1928 456 1975 enim,
492 1929 578 1967 sive
605 1930 771 1967 maiores
803 1935 1016 1980 apparent',
1057 1930 1145 1969 sive
1173 1932 1368 1979 minores,
1405 1930 1576 1980 singulae
1604 1935 1734 1968 tamen

333 1994 493 2046 quaevis
523 1994 752 2033 individuae
778 1995 980 2035 videntur.
1038 1997 1174 2047 Itaque
1201 2003 1267 2043 ut,
1297 1997 1330 2034 si
1348 2002 1474 2034 essent
1493 1995 1734 2045 individuae,

333 2073 422 2097 cum
451 2073 533 2098 sese
559 2062 848 2112 contingerent,
882 2063 1028 2100 nullam
1049 2063 1252 2101 efficerent
1278 2063 1466 2100 maiorem
1493 2061 1734 2112 magnitudi-

332 2138 443 2174 nem,
472 2127 538 2173 sie,
562 2140 651 2164 cum
670 2140 751 2165 non
767 2128 844 2165 sint
860 2127 1103 2177 individuae,
1133 2129 1202 2166 sed
1221 2128 1441 2176 videantur,
1470 2128 1617 2165 nullam
1637 2141 1735 2165 con-

333 2191 552 2241 gredientes
579 2193 768 2231 maiorem
795 2194 1102 2244 magnitudinem
1127 2195 1314 2233 referent.
1373 2198 1433 2232 13.
1456 2194 1603 2235 Causas(
1616 2194 1735 2244 igitur

332 2264 571 2296 cometarum
593 2259 791 2310 hucusque
812 2260 1034 2310 propositas
1053 2260 1167 2298 falsas
1187 2274 1281 2309 esse,
1308 2261 1340 2297 si
1358 2273 1438 2297 non
1455 2260 1646 2310 pluribus,
1673 2259 1733 2296 his

333 2325 466 2362 saltem
496 2325 586 2362 satis
620 2331 781 2363 constat.

443 2387 544 2428 Cir.
564 2391 656 2429 VII.
715 2392 815 2429 Cum
834 2405 965 2430 earum
987 2405 1142 2440 rerum,
1174 2405 1271 2442 quae
1291 2391 1463 2429 sensibus
1488 2389 1637 2441 percipi
1657 2401 1732 2425 ne-

335 2461 499 2503 queunt,
523 2456 693 2493 rationes
715 2459 805 2495 satis
824 2458 1078 2509 probabiliter
1103 2458 1276 2510 redditas
1301 2471 1382 2495 esse
1412 2456 1667 2500 arbitremur,
1697 2454 1728 2490 si

335 2519 383 2557 ad
402 2519 454 2567 id,
485 2520 589 2570 quod
608 2535 690 2558 esse
709 2529 852 2572 potest,
882 2537 944 2561 eas
961 2523 1247 2571 reduxerimus,
1269 2537 1319 2560 ex
1336 2523 1394 2567 iis,
1409 2533 1505 2570 quae
1523 2531 1626 2556 nunc
1645 2531 1728 2555 sese

337 2584 518 2631 offerunt,
541 2585 785 2625 existimetur
801 2590 936 2640 aliquis
953 2603 1038 2626 rem
1056 2590 1111 2628 ita
1129 2603 1212 2627 sese
1228 2588 1383 2626 habere.
1427 2584 1603 2623 Positum
1625 2584 1729 2620 enim

336 2649 447 2686 nobis
473 2655 530 2687 est
547 2651 704 2698 mundi,
735 2654 801 2701 qui
821 2654 920 2691 circa
939 2661 1086 2691 terram
1111 2653 1317 2692 orbiculari
1339 2650 1463 2688 motui
1480 2649 1622 2697 subest,
1645 2649 1730 2698 pri-

338 2727 440 2751 mam
469 2721 622 2764 partem
646 2729 793 2766 vapore
823 2732 904 2757 esse
923 2720 1113 2770 repletam
1134 2719 1234 2756 sicco
1255 2723 1293 2755 et
1311 2716 1447 2754 calido.
1507 2720 1544 2753 2.
1573 2716 1611 2752 Is
1631 2727 1729 2752 vero
