<?xml version="1.0" encoding="UTF-8"?>
<!DOCTYPE html PUBLIC "-//W3C//DTD XHTML 1.0 Transitional//EN"
    "http://www.w3.org/TR/xhtml1/DTD/xhtml1-transitional.dtd">
<html xmlns="http://www.w3.org/1999/xhtml" xml:lang="en" lang="en">
 <head>
  <title>
</title>
<meta http-equiv="Content-Type" content="text/html;charset=utf-8" />
  <meta name='ocr-system' content='tesseract 3.04.00' />
  <meta name='ocr-capabilities' content='ocr_page ocr_carea ocr_par ocr_line ocrx_word'/>
</head>
<body>
  <div class='ocr_page' id='page_1' title='image "./meteorologicorum01arisuoft_0072.png"; bbox 0 0 1820 3158; ppageno 0'>
   <div class='ocr_carea' id='block_1_1' title="bbox 0 0 11 983">
    <p class='ocr_par' dir='ltr' id='par_1_1' title="bbox 0 0 11 983">
     <span class='ocr_line' id='line_1_1' title="bbox 0 0 11 983; textangle 90"><span class='ocrx_word' id='word_1_1' title='bbox 0 976 4 983; x_wconf 69' lang='grc'><strong>-</strong></span> <span class='ocrx_word' id='word_1_2' title='bbox 0 951 2 963; x_wconf 72' lang='lat'>—</span> <span class='ocrx_word' id='word_1_3' title='bbox 0 926 3 934; x_wconf 65' lang='lat' dir='ltr'>v</span> <span class='ocrx_word' id='word_1_4' title='bbox 0 900 1 903; x_wconf 62' lang='lat'><em>„</em></span> <span class='ocrx_word' id='word_1_5' title='bbox 0 816 3 881; x_wconf 29' lang='lat' dir='ltr'><strong>*⁴2*ss</strong></span> <span class='ocrx_word' id='word_1_6' title='bbox 0 0 11 799; x_wconf 40' lang='lat' dir='ltr'><strong>-w—-vv—v-r—rv—-u-Muvwssv-Wv-vr-u-v-—v</strong></span> 
     </span>
    </p>
   </div>
   <div class='ocr_carea' id='block_1_2' title="bbox 321 312 1719 379">
    <p class='ocr_par' dir='ltr' id='par_1_2' title="bbox 321 312 1719 379">
     <span class='ocr_line' id='line_1_2' title="bbox 321 312 1719 379; baseline -0.011 2"><span class='ocrx_word' id='word_1_7' title='bbox 321 328 380 371; x_wconf 86' lang='lat'><strong>32</strong></span> <span class='ocrx_word' id='word_1_8' title='bbox 427 333 638 379; x_wconf 76' lang='lat' dir='ltr'><strong>-1›·345‚b·</strong></span> <span class='ocrx_word' id='word_1_9' title='bbox 662 334 823 368; x_wconf 77' lang='lat' dir='ltr'><strong>Bekk·-</strong></span> <span class='ocrx_word' id='word_1_10' title='bbox 879 312 1291 374; x_wconf 65' lang='lat' dir='ltr'><strong>L13.1.c&#39;AP.v111.</strong></span> <span class='ocrx_word' id='word_1_11' title='bbox 1359 329 1576 376; x_wconf 82' lang='lat' dir='ltr'><strong>—p.332,C.</strong></span> <span class='ocrx_word' id='word_1_12' title='bbox 1596 332 1719 367; x_wconf 73' lang='lat' dir='ltr'><strong>cas.-</strong></span> 
     </span>
    </p>
   </div>
   <div class='ocr_carea' id='block_1_3' title="bbox 266 439 1729 1620">
    <p class='ocr_par' dir='ltr' id='par_1_3' title="bbox 266 439 1729 1620">
     <span class='ocr_line' id='line_1_3' title="bbox 318 439 1722 497; baseline -0.003 -11"><span class='ocrx_word' id='word_1_13' title='bbox 318 443 430 497; x_wconf 60' lang='grc' dir='ltr'><strong>τόν,·Υ</strong></span> <span class='ocrx_word' id='word_1_14' title='bbox 470 444 535 485; x_wconf 71' lang='grc' dir='ltr'><em>’ὅτι</em></span> <span class='ocrx_word' id='word_1_15' title='bbox 574 445 647 497; x_wconf 76' lang='grc' dir='ltr'><strong>μὲν</strong></span> <span class='ocrx_word' id='word_1_16' title='bbox 688 442 777 484; x_wconf 69' lang='grc' dir='ltr'><em>οὔτε</em></span> <span class='ocrx_word' id='word_1_17' title='bbox 817 439 911 489; x_wconf 73' lang='grc' dir='ltr'><strong>ὁδὸς</strong></span> <span class='ocrx_word' id='word_1_18' title='bbox 945 445 1024 483; x_wconf 80' lang='grc' dir='ltr'><strong>τῶν</strong></span> <span class='ocrx_word' id='word_1_19' title='bbox 1061 440 1270 494; x_wconf 73' lang='grc' dir='ltr'><em>πλανήτων</em></span> <span class='ocrx_word' id='word_1_20' title='bbox 1311 440 1472 489; x_wconf 74' lang='grc' dir='ltr'><em>οὐδενὸς</em></span> <span class='ocrx_word' id='word_1_21' title='bbox 1510 442 1597 483; x_wconf 64' lang='grc' dir='ltr'><em>οὔτε</em></span> <span class='ocrx_word' id='word_1_22' title='bbox 1636 446 1722 497; x_wconf 82' lang='grc' dir='ltr'><strong>φῶς</strong></span> 
     </span>
     <span class='ocr_line' id='line_1_4' title="bbox 320 506 1722 563; baseline -0.003 -12"><span class='ocrx_word' id='word_1_23' title='bbox 320 510 402 551; x_wconf 74' lang='grc' dir='ltr'><em>ἔστι</em></span> <span class='ocrx_word' id='word_1_24' title='bbox 432 515 511 552; x_wconf 83' lang='grc' dir='ltr'><strong>τῶν</strong></span> <span class='ocrx_word' id='word_1_25' title='bbox 538 510 593 563; x_wconf 79' lang='grc' dir='ltr'><strong>μὴ</strong></span> <span class='ocrx_word' id='word_1_26' title='bbox 635 508 845 563; x_wconf 83' lang='grc' dir='ltr'><em>ὁρωμένων</em></span> <span class='ocrx_word' id='word_1_27' title='bbox 875 506 1039 562; x_wconf 72' lang='grc' dir='ltr'><em>,ἄστρων</em></span> <span class='ocrx_word' id='word_1_28' title='bbox 1079 506 1167 549; x_wconf 62' lang='grc' dir='ltr'><em>οὔτ’</em></span> <span class='ocrx_word' id='word_1_29' title='bbox 1202 506 1437 558; x_wconf 78' lang='grc' dir='ltr'><em>ἀνάκλασις,</em></span> <span class='ocrx_word' id='word_1_30' title='bbox 1489 508 1531 548; x_wconf 67' lang='grc' dir='ltr'><strong>ἐκ</strong></span> <span class='ocrx_word' id='word_1_31' title='bbox 1569 507 1722 548; x_wconf 82' lang='grc' dir='ltr'><em>τούτων</em></span> 
     </span>
     <span class='ocr_line' id='line_1_5' title="bbox 320 573 1722 631; baseline -0.002 -15"><span class='ocrx_word' id='word_1_32' title='bbox 320 576 505 631; x_wconf 80' lang='grc' dir='ltr'><em>φανερόν.</em></span> <span class='ocrx_word' id='word_1_33' title='bbox 554 574 692 627; x_wconf 73' lang='grc' dir='ltr'><em>σχεδὸν</em></span> <span class='ocrx_word' id='word_1_34' title='bbox 722 574 765 614; x_wconf 76' lang='grc' dir='ltr'><strong>δὲ</strong></span> <span class='ocrx_word' id='word_1_35' title='bbox 791 573 901 614; x_wconf 76' lang='grc' dir='ltr'><em>ταῦτ’</em></span> <span class='ocrx_word' id='word_1_36' title='bbox 936 574 1018 614; x_wconf 76' lang='grc' dir='ltr'><em>ἐστὶ</em></span> <span class='ocrx_word' id='word_1_37' title='bbox 1057 573 1108 614; x_wconf 81' lang='grc' dir='ltr'><em>τά</em></span> <span class='ocrx_word' id='word_1_38' title='bbox 1135 589 1176 627; x_wconf 80' lang='grc' dir='ltr'><em>γε</em></span> <span class='ocrx_word' id='word_1_39' title='bbox 1204 573 1318 628; x_wconf 86' lang='grc' dir='ltr'><em>μέχρι</em></span> <span class='ocrx_word' id='word_1_40' title='bbox 1348 577 1420 614; x_wconf 83' lang='grc' dir='ltr'><em>τοῦ</em></span> <span class='ocrx_word' id='word_1_41' title='bbox 1449 577 1519 614; x_wconf 82' lang='grc' dir='ltr'><strong>νῦν</strong></span> <span class='ocrx_word' id='word_1_42' title='bbox 1547 575 1722 627; x_wconf 75' lang='grc' dir='ltr'><em>παραδε-</em></span> 
     </span>
     <span class='ocr_line' id='line_1_6' title="bbox 268 637 1725 695; baseline -0.001 -14"><span class='ocrx_word' id='word_1_43' title='bbox 268 649 313 682; x_wconf 86' lang='lat'><strong>11</strong></span> <span class='ocrx_word' id='word_1_44' title='bbox 329 643 474 694; x_wconf 75' lang='grc' dir='ltr'><em>ὄομένα</em></span> <span class='ocrx_word' id='word_1_45' title='bbox 502 640 612 695; x_wconf 82' lang='grc' dir='ltr'><em>παρὰ</em></span> <span class='ocrx_word' id='word_1_46' title='bbox 638 644 717 681; x_wconf 82' lang='grc' dir='ltr'><strong>τῶν</strong></span> <span class='ocrx_word' id='word_1_47' title='bbox 745 639 886 680; x_wconf 76' lang='grc' dir='ltr'><em>ἄλλων.</em></span> <span class='ocrx_word' id='word_1_48' title='bbox 947 646 1010 680; x_wconf 92' lang='grc'><strong>11.</strong></span> <span class='ocrx_word' id='word_1_49' title='bbox 1037 637 1179 692; x_wconf 70' lang='grc' dir='ltr'><em>ἹΙμεΐς</em></span> <span class='ocrx_word' id='word_1_50' title='bbox 1196 640 1239 679; x_wconf 76' lang='grc' dir='ltr'><strong>δὲ</strong></span> <span class='ocrx_word' id='word_1_51' title='bbox 1259 640 1429 693; x_wconf 80' lang='grc' dir='ltr'><em>λέγωμεν</em></span> <span class='ocrx_word' id='word_1_52' title='bbox 1459 639 1725 691; x_wconf 73' lang='grc' dir='ltr'><em>ἀναλαβόντες</em></span> 
     </span>
     <span class='ocr_line' id='line_1_7' title="bbox 318 703 1723 761; baseline -0.002 -13"><span class='ocrx_word' id='word_1_53' title='bbox 318 709 389 761; x_wconf 84' lang='grc' dir='ltr'><strong>τὴν</strong></span> <span class='ocrx_word' id='word_1_54' title='bbox 416 706 672 759; x_wconf 71' lang='grc' dir='ltr'><em>ὑποκειμένην</em></span> <span class='ocrx_word' id='word_1_55' title='bbox 712 705 837 761; x_wconf 77' lang='grc' dir='ltr'><em>ἀρχὴν</em></span> <span class='ocrx_word' id='word_1_56' title='bbox 874 703 988 758; x_wconf 67' lang='grc' dir='ltr'><em>ἡμῖν·</em></span> <span class='ocrx_word' id='word_1_57' title='bbox 1035 706 1187 760; x_wconf 70' lang='grc' dir='ltr'><em>εἴρηται</em></span> <span class='ocrx_word' id='word_1_58' title='bbox 1227 706 1302 760; x_wconf 77' lang='grc' dir='ltr'><strong>γὰρ</strong></span> <span class='ocrx_word' id='word_1_59' title='bbox 1345 705 1539 760; x_wconf 86' lang='grc' dir='ltr'><em>πρότερον</em></span> <span class='ocrx_word' id='word_1_60' title='bbox 1578 705 1638 746; x_wconf 83' lang='grc' dir='ltr'><em>ὅτι</em></span> <span class='ocrx_word' id='word_1_61' title='bbox 1677 705 1723 745; x_wconf 86' lang='grc' dir='ltr'><em>τὸ</em></span> 
     </span>
     <span class='ocr_line' id='line_1_8' title="bbox 319 770 1728 827; baseline -0.002 -14"><span class='ocrx_word' id='word_1_62' title='bbox 319 774 484 825; x_wconf 71' lang='grc' dir='ltr'><em>ἔσχατον</em></span> <span class='ocrx_word' id='word_1_63' title='bbox 511 776 582 813; x_wconf 85' lang='grc' dir='ltr'><em>τοῦ</em></span> <span class='ocrx_word' id='word_1_64' title='bbox 610 773 819 827; x_wconf 77' lang='grc' dir='ltr'><em>λεγομένου</em></span> <span class='ocrx_word' id='word_1_65' title='bbox 849 770 964 825; x_wconf 80' lang='grc' dir='ltr'><em>ἀέρος</em></span> <span class='ocrx_word' id='word_1_66' title='bbox 994 770 1161 822; x_wconf 71' lang='grc' dir='ltr'><em>δύναμιν</em></span> <span class='ocrx_word' id='word_1_67' title='bbox 1190 770 1264 823; x_wconf 69' lang='grc' dir='ltr'><em>ἕχει</em></span> <span class='ocrx_word' id='word_1_68' title='bbox 1293 771 1438 826; x_wconf 88' lang='grc' dir='ltr'><em>πυρός,</em></span> <span class='ocrx_word' id='word_1_69' title='bbox 1472 770 1572 812; x_wconf 79' lang='grc' dir='ltr'><em>ὥστε</em></span> <span class='ocrx_word' id='word_1_70' title='bbox 1595 775 1644 826; x_wconf 79' lang='grc' dir='ltr'><em>τῇ</em></span> <span class='ocrx_word' id='word_1_71' title='bbox 1668 788 1728 811; x_wconf 77' lang='lat' dir='ltr'><strong>m·-</strong></span> 
     </span>
     <span class='ocr_line' id='line_1_9' title="bbox 317 836 1726 893; baseline -0.002 -13"><span class='ocrx_word' id='word_1_72' title='bbox 317 838 423 892; x_wconf 78' lang='grc' dir='ltr'><em>νὴσει</em></span> <span class='ocrx_word' id='word_1_73' title='bbox 449 838 747 893; x_wconf 80' lang='grc' dir='ltr'><em>διακρινομένου</em></span> <span class='ocrx_word' id='word_1_74' title='bbox 768 842 839 879; x_wconf 83' lang='grc' dir='ltr'><em>τοῦ</em></span> <span class='ocrx_word' id='word_1_75' title='bbox 859 837 974 892; x_wconf 77' lang='grc' dir='ltr'><em>ἀέρος</em></span> <span class='ocrx_word' id='word_1_76' title='bbox 1005 836 1291 891; x_wconf 74' lang='grc' dir='ltr'><em>ἀποκρίνεσθαι</em></span> <span class='ocrx_word' id='word_1_77' title='bbox 1319 837 1507 891; x_wconf 82' lang='grc' dir='ltr'><em>τοιαύτην</em></span> <span class='ocrx_word' id='word_1_78' title='bbox 1537 837 1726 878; x_wconf 69' lang='grc' dir='ltr'><em>σύστασιν</em></span> 
     </span>
     <span class='ocr_line' id='line_1_10' title="bbox 267 901 1726 958; baseline 0 -15"><span class='ocrx_word' id='word_1_79' title='bbox 267 906 415 947; x_wconf 68' lang='grc' dir='ltr'><em>12οἳάν</em></span> <span class='ocrx_word' id='word_1_80' title='bbox 444 907 509 945; x_wconf 86' lang='grc' dir='ltr'><em>καὶ</em></span> <span class='ocrx_word' id='word_1_81' title='bbox 537 904 632 952; x_wconf 84' lang='grc' dir='ltr'><em>τοὺς</em></span> <span class='ocrx_word' id='word_1_82' title='bbox 661 904 837 957; x_wconf 78' lang='grc' dir='ltr'><em>κομήτας</em></span> <span class='ocrx_word' id='word_1_83' title='bbox 873 903 1042 958; x_wconf 77' lang='grc' dir='ltr'><em>ἀστέρας</em></span> <span class='ocrx_word' id='word_1_84' title='bbox 1079 901 1180 944; x_wconf 77' lang='grc' dir='ltr'><em>εἶναί</em></span> <span class='ocrx_word' id='word_1_85' title='bbox 1217 919 1360 958; x_wconf 79' lang='grc' dir='ltr'><em>φαμεν.</em></span> <span class='ocrx_word' id='word_1_86' title='bbox 1434 911 1496 945; x_wconf 88' lang='grc'><strong>12.</strong></span> <span class='ocrx_word' id='word_1_87' title='bbox 1532 907 1726 944; x_wconf 81' lang='grc' dir='ltr'><em>Τοιοῦτον</em></span> 
     </span>
     <span class='ocr_line' id='line_1_11' title="bbox 320 967 1726 1025; baseline -0.003 -12"><span class='ocrx_word' id='word_1_88' title='bbox 320 972 368 1025; x_wconf 78' lang='grc' dir='ltr'><strong>δὴ</strong></span> <span class='ocrx_word' id='word_1_89' title='bbox 407 973 471 1013; x_wconf 74' lang='grc' dir='ltr'><em>δεῖ</em></span> <span class='ocrx_word' id='word_1_90' title='bbox 503 975 643 1024; x_wconf 77' lang='grc' dir='ltr'><em>νοῆσαι</em></span> <span class='ocrx_word' id='word_1_91' title='bbox 679 970 883 1024; x_wconf 78' lang='grc' dir='ltr'><em>γινόμενον</em></span> <span class='ocrx_word' id='word_1_92' title='bbox 925 968 1022 1024; x_wconf 83' lang='grc' dir='ltr'><em>ὅπερ</em></span> <span class='ocrx_word' id='word_1_93' title='bbox 1074 968 1138 1009; x_wconf 75' lang='grc' dir='ltr'><strong>ἔπ’</strong></span> <span class='ocrx_word' id='word_1_94' title='bbox 1181 969 1358 1019; x_wconf 72' lang='grc' dir='ltr'><em>ἐκείνων,</em></span> <span class='ocrx_word' id='word_1_95' title='bbox 1406 967 1501 1010; x_wconf 79' lang='grc' dir='ltr'><em>ὅταν</em></span> <span class='ocrx_word' id='word_1_96' title='bbox 1534 968 1589 1022; x_wconf 79' lang='grc' dir='ltr'><strong>μὴ</strong></span> <span class='ocrx_word' id='word_1_97' title='bbox 1626 967 1726 1020; x_wconf 75' lang='grc' dir='ltr'><em>αὐτὴ</em></span> 
     </span>
     <span class='ocr_line' id='line_1_12' title="bbox 319 1031 1728 1091; baseline -0.002 -13"><span class='ocrx_word' id='word_1_98' title='bbox 319 1037 419 1079; x_wconf 75' lang='grc' dir='ltr'><em>καθ’</em></span> <span class='ocrx_word' id='word_1_99' title='bbox 446 1035 569 1090; x_wconf 71' lang='grc' dir='ltr'><em>αὑτὴν</em></span> <span class='ocrx_word' id='word_1_100' title='bbox 598 1037 754 1091; x_wconf 79' lang='grc' dir='ltr'><em>γένηται</em></span> <span class='ocrx_word' id='word_1_101' title='bbox 782 1034 806 1089; x_wconf 74' lang='grc' dir='ltr'>ἦ</span> <span class='ocrx_word' id='word_1_102' title='bbox 835 1036 1001 1089; x_wconf 79' lang='grc' dir='ltr'><em>τοιαύτη</em></span> <span class='ocrx_word' id='word_1_103' title='bbox 1030 1035 1220 1090; x_wconf 65' lang='grc' dir='ltr'><em>ἔκκρισις,</em></span> <span class='ocrx_word' id='word_1_104' title='bbox 1268 1034 1359 1075; x_wconf 80' lang='grc' dir='ltr'><em>ἀλλ’</em></span> <span class='ocrx_word' id='word_1_105' title='bbox 1392 1033 1470 1076; x_wconf 78' lang='grc' dir='ltr'><strong>ὗπό</strong></span> <span class='ocrx_word' id='word_1_106' title='bbox 1510 1031 1615 1082; x_wconf 85' lang='grc' dir='ltr'><em>τινος</em></span> <span class='ocrx_word' id='word_1_107' title='bbox 1649 1037 1728 1075; x_wconf 82' lang='grc' dir='ltr'><strong>τῶν</strong></span> 
     </span>
     <span class='ocr_line' id='line_1_13' title="bbox 319 1094 1728 1160; baseline -0.004 -15"><span class='ocrx_word' id='word_1_108' title='bbox 319 1103 478 1160; x_wconf 70' lang='grc' dir='ltr'><em>ἄστρων</em></span> <span class='ocrx_word' id='word_1_109' title='bbox 506 1102 630 1157; x_wconf 75' lang='grc' dir='ltr'><em>ἢτῶν</em></span> <span class='ocrx_word' id='word_1_110' title='bbox 659 1102 919 1154; x_wconf 72' lang='grc' dir='ltr'><em>ἐνδεδεμένων</em></span> <span class='ocrx_word' id='word_1_111' title='bbox 948 1100 971 1154; x_wconf 76' lang='grc' dir='ltr'>ἢ</span> <span class='ocrx_word' id='word_1_112' title='bbox 997 1105 1077 1142; x_wconf 84' lang='grc' dir='ltr'><strong>τῶν</strong></span> <span class='ocrx_word' id='word_1_113' title='bbox 1106 1100 1396 1152; x_wconf 79' lang='grc' dir='ltr'><em>πλανωμένων·</em></span> <span class='ocrx_word' id='word_1_114' title='bbox 1436 1100 1526 1142; x_wconf 86' lang='grc' dir='ltr'><em>τότε</em></span> <span class='ocrx_word' id='word_1_115' title='bbox 1551 1101 1627 1156; x_wconf 74' lang='grc' dir='ltr'><strong>γὰρ</strong></span> <span class='ocrx_word' id='word_1_116' title='bbox 1660 1094 1728 1141; x_wconf 72' lang='grc' dir='ltr'><strong>οὗ-</strong></span> 
     </span>
     <span class='ocr_line' id='line_1_14' title="bbox 317 1166 1728 1225; baseline -0.003 -14"><span class='ocrx_word' id='word_1_117' title='bbox 317 1187 379 1211; x_wconf 88' lang='grc' dir='ltr'><em>τοι</em></span> <span class='ocrx_word' id='word_1_118' title='bbox 419 1171 626 1225; x_wconf 85' lang='grc' dir='ltr'><em>φαίνονται</em></span> <span class='ocrx_word' id='word_1_119' title='bbox 664 1173 834 1221; x_wconf 75' lang='grc' dir='ltr'><em>κομῆται</em></span> <span class='ocrx_word' id='word_1_120' title='bbox 864 1167 930 1208; x_wconf 78' lang='grc' dir='ltr'><strong>διὰ</strong></span> <span class='ocrx_word' id='word_1_121' title='bbox 959 1166 1004 1208; x_wconf 84' lang='grc' dir='ltr'><em>τὸ</em></span> <span class='ocrx_word' id='word_1_122' title='bbox 1031 1171 1352 1222; x_wconf 70' lang='grc' dir='ltr'><em>παρακολουθεῖν</em></span> <span class='ocrx_word' id='word_1_123' title='bbox 1382 1167 1513 1208; x_wconf 75' lang='grc' dir='ltr'><em>αὐτῶν</em></span> <span class='ocrx_word' id='word_1_124' title='bbox 1540 1170 1590 1221; x_wconf 79' lang='grc' dir='ltr'><em>τῇ</em></span> <span class='ocrx_word' id='word_1_125' title='bbox 1620 1170 1728 1223; x_wconf 76' lang='grc' dir='ltr'><em>φορᾷ</em></span> 
     </span>
     <span class='ocr_line' id='line_1_15' title="bbox 318 1227 1728 1296; baseline -0.004 -19"><span class='ocrx_word' id='word_1_126' title='bbox 318 1235 450 1296; x_wconf 74' lang='grc' dir='ltr'><em>ὥσπερ</em></span> <span class='ocrx_word' id='word_1_127' title='bbox 479 1240 536 1291; x_wconf 73' lang='grc' dir='ltr'><em>τῷ</em></span> <span class='ocrx_word' id='word_1_128' title='bbox 563 1233 662 1292; x_wconf 69' lang='grc' dir='ltr'><em>ἡλίῳ</em></span> <span class='ocrx_word' id='word_1_129' title='bbox 690 1235 762 1288; x_wconf 76' lang='grc' dir='ltr'><strong>τὴν</strong></span> <span class='ocrx_word' id='word_1_130' title='bbox 789 1234 981 1287; x_wconf 82' lang='grc' dir='ltr'><em>τοὶαύτην</em></span> <span class='ocrx_word' id='word_1_131' title='bbox 1011 1232 1227 1288; x_wconf 75' lang='grc' dir='ltr'><em>σύγκρισιν,</em></span> <span class='ocrx_word' id='word_1_132' title='bbox 1260 1232 1333 1287; x_wconf 75' lang='grc' dir='ltr'><strong>ἀφ’</strong></span> <span class='ocrx_word' id='word_1_133' title='bbox 1360 1227 1407 1286; x_wconf 71' lang='grc' dir='ltr'><strong>ἧς</strong></span> <span class='ocrx_word' id='word_1_134' title='bbox 1436 1232 1501 1273; x_wconf 76' lang='grc' dir='ltr'><strong>διὰ</strong></span> <span class='ocrx_word' id='word_1_135' title='bbox 1529 1232 1600 1285; x_wconf 82' lang='grc' dir='ltr'><strong>τὴν</strong></span> <span class='ocrx_word' id='word_1_136' title='bbox 1631 1231 1728 1272; x_wconf 83' lang='grc' dir='ltr'><em>ἀνά-</em></span> 
     </span>
     <span class='ocr_line' id='line_1_16' title="bbox 318 1297 1728 1356; baseline -0.004 -13"><span class='ocrx_word' id='word_1_137' title='bbox 318 1306 456 1343; x_wconf 86' lang='grc' dir='ltr'><em>κλασιν</em></span> <span class='ocrx_word' id='word_1_138' title='bbox 485 1302 557 1355; x_wconf 80' lang='grc' dir='ltr'><strong>τὴν</strong></span> <span class='ocrx_word' id='word_1_139' title='bbox 586 1301 670 1343; x_wconf 83' lang='grc' dir='ltr'><strong>ἅλω</strong></span> <span class='ocrx_word' id='word_1_140' title='bbox 700 1301 921 1356; x_wconf 75' lang='grc' dir='ltr'><em>φαίνεσθαί</em></span> <span class='ocrx_word' id='word_1_141' title='bbox 950 1315 1101 1355; x_wconf 77' lang='grc' dir='ltr'><em>φαμεν,</em></span> <span class='ocrx_word' id='word_1_142' title='bbox 1145 1297 1241 1340; x_wconf 82' lang='grc' dir='ltr'><em>ὅταν</em></span> <span class='ocrx_word' id='word_1_143' title='bbox 1272 1298 1378 1340; x_wconf 71' lang='grc' dir='ltr'><em>οὕτω</em></span> <span class='ocrx_word' id='word_1_144' title='bbox 1412 1299 1513 1354; x_wconf 82' lang='grc' dir='ltr'><em>τύχῃ</em></span> <span class='ocrx_word' id='word_1_145' title='bbox 1541 1297 1728 1353; x_wconf 87' lang='grc' dir='ltr'><em>κεκραμέ-</em></span> 
     </span>
     <span class='ocr_line' id='line_1_17' title="bbox 266 1364 1726 1423; baseline -0.005 -12"><span class='ocrx_word' id='word_1_146' title='bbox 266 1366 435 1417; x_wconf 79' lang='grc' dir='ltr'><em>13νοςὸ</em></span> <span class='ocrx_word' id='word_1_147' title='bbox 459 1368 548 1423; x_wconf 80' lang='grc' dir='ltr'><strong>ἀήρ.</strong></span> <span class='ocrx_word' id='word_1_148' title='bbox 610 1374 674 1409; x_wconf 86' lang='grc'><strong>13.</strong></span> <span class='ocrx_word' id='word_1_149' title='bbox 694 1367 748 1408; x_wconf 72' lang='grc' dir='ltr'><strong>ιῸ</strong></span> <span class='ocrx_word' id='word_1_150' title='bbox 768 1367 816 1420; x_wconf 79' lang='grc' dir='ltr'><strong>δὴ</strong></span> <span class='ocrx_word' id='word_1_151' title='bbox 836 1365 937 1407; x_wconf 70' lang='grc' dir='ltr'><em>καθ’</em></span> <span class='ocrx_word' id='word_1_152' title='bbox 962 1365 1029 1406; x_wconf 71' lang='grc' dir='ltr'><strong>ἕνα</strong></span> <span class='ocrx_word' id='word_1_153' title='bbox 1059 1367 1266 1418; x_wconf 83' lang='grc' dir='ltr'><em>συμβαίνει</em></span> <span class='ocrx_word' id='word_1_154' title='bbox 1285 1369 1364 1406; x_wconf 87' lang='grc' dir='ltr'><strong>τῶν</strong></span> <span class='ocrx_word' id='word_1_155' title='bbox 1388 1364 1578 1419; x_wconf 78' lang='grc' dir='ltr'><em>ἀστέρων,</em></span> <span class='ocrx_word' id='word_1_156' title='bbox 1607 1367 1726 1404; x_wconf 78' lang='grc' dir='ltr'><em>τοῦτο</em></span> 
     </span>
     <span class='ocr_line' id='line_1_18' title="bbox 318 1430 1729 1488; baseline -0.004 -12"><span class='ocrx_word' id='word_1_157' title='bbox 318 1437 381 1476; x_wconf 80' lang='grc' dir='ltr'><em>δεῖ</em></span> <span class='ocrx_word' id='word_1_158' title='bbox 404 1438 537 1487; x_wconf 78' lang='grc' dir='ltr'><em>λαβεῖν</em></span> <span class='ocrx_word' id='word_1_159' title='bbox 566 1433 771 1488; x_wconf 81' lang='grc' dir='ltr'><em>γινόμενον</em></span> <span class='ocrx_word' id='word_1_160' title='bbox 799 1434 887 1487; x_wconf 86' lang='grc' dir='ltr'><em>περὶ</em></span> <span class='ocrx_word' id='word_1_161' title='bbox 917 1431 1012 1474; x_wconf 81' lang='grc' dir='ltr'><em>ὅλον</em></span> <span class='ocrx_word' id='word_1_162' title='bbox 1038 1432 1111 1473; x_wconf 84' lang='grc' dir='ltr'><strong>τὸν</strong></span> <span class='ocrx_word' id='word_1_163' title='bbox 1141 1431 1312 1486; x_wconf 78' lang='grc' dir='ltr'><em>οὐρανὸν</em></span> <span class='ocrx_word' id='word_1_164' title='bbox 1341 1433 1407 1472; x_wconf 82' lang='grc' dir='ltr'><em>καὶ</em></span> <span class='ocrx_word' id='word_1_165' title='bbox 1434 1430 1506 1484; x_wconf 73' lang='grc' dir='ltr'><strong>τὴν</strong></span> <span class='ocrx_word' id='word_1_166' title='bbox 1538 1430 1619 1471; x_wconf 70' lang='grc' dir='ltr'><strong>ἄνω</strong></span> <span class='ocrx_word' id='word_1_167' title='bbox 1649 1445 1729 1484; x_wconf 83' lang='grc' dir='ltr'><em>φο·-</em></span> 
     </span>
     <span class='ocr_line' id='line_1_19' title="bbox 319 1496 1729 1556; baseline -0.006 -14"><span class='ocrx_word' id='word_1_168' title='bbox 319 1501 392 1556; x_wconf 81' lang='grc' dir='ltr'><strong>ρὰν</strong></span> <span class='ocrx_word' id='word_1_169' title='bbox 424 1500 602 1542; x_wconf 85' lang='grc' dir='ltr'><em>ἅπασαν·</em></span> <span class='ocrx_word' id='word_1_170' title='bbox 643 1499 802 1555; x_wconf 67' lang='grc' dir='ltr'><em>εὔλογον</em></span> <span class='ocrx_word' id='word_1_171' title='bbox 831 1499 928 1554; x_wconf 80' lang='grc' dir='ltr'><em>γάρ,</em></span> <span class='ocrx_word' id='word_1_172' title='bbox 970 1499 1074 1553; x_wconf 70' lang='grc' dir='ltr'><em>εἴπερ</em></span> <span class='ocrx_word' id='word_1_173' title='bbox 1104 1496 1128 1552; x_wconf 73' lang='grc' dir='ltr'><strong><em>ἡ</em></strong></span> <span class='ocrx_word' id='word_1_174' title='bbox 1160 1496 1245 1546; x_wconf 68' lang='grc' dir='ltr'><em>ἑνὸς</em></span> <span class='ocrx_word' id='word_1_175' title='bbox 1274 1497 1424 1552; x_wconf 73' lang='grc' dir='ltr'><em>ἄστρου</em></span> <span class='ocrx_word' id='word_1_176' title='bbox 1448 1498 1623 1549; x_wconf 84' lang='grc' dir='ltr'><em>κίνησις,</em></span> <span class='ocrx_word' id='word_1_177' title='bbox 1663 1496 1729 1536; x_wconf 86' lang='grc' dir='ltr'><em>καὶ</em></span> 
     </span>
     <span class='ocr_line' id='line_1_20' title="bbox 318 1561 1729 1620; baseline -0.006 -11"><span class='ocrx_word' id='word_1_178' title='bbox 318 1567 389 1620; x_wconf 69' lang='grc' dir='ltr'><strong>τὴν</strong></span> <span class='ocrx_word' id='word_1_179' title='bbox 418 1571 497 1609; x_wconf 82' lang='grc' dir='ltr'><strong>τῶν</strong></span> <span class='ocrx_word' id='word_1_180' title='bbox 526 1565 715 1608; x_wconf 78' lang='grc' dir='ltr'><em>ἁπάντων</em></span> <span class='ocrx_word' id='word_1_181' title='bbox 743 1572 867 1607; x_wconf 78' lang='grc' dir='ltr'><em>ποιεῖν</em></span> <span class='ocrx_word' id='word_1_182' title='bbox 896 1582 933 1606; x_wconf 91' lang='grc' dir='ltr'><em>τι</em></span> <span class='ocrx_word' id='word_1_183' title='bbox 962 1569 1144 1606; x_wconf 76' lang='grc' dir='ltr'><em>τοιοῦτον</em></span> <span class='ocrx_word' id='word_1_184' title='bbox 1173 1565 1238 1606; x_wconf 87' lang='grc' dir='ltr'><em>καὶ</em></span> <span class='ocrx_word' id='word_1_185' title='bbox 1268 1564 1484 1620; x_wconf 72' lang='grc' dir='ltr'><em>ἐκριπίζειν.</em></span> <span class='ocrx_word' id='word_1_186' title='bbox 1536 1563 1600 1603; x_wconf 84' lang='grc' dir='ltr'><em>καὶ</em></span> <span class='ocrx_word' id='word_1_187' title='bbox 1627 1561 1729 1615; x_wconf 86' lang='grc' dir='ltr'><em>πρὸς</em></span> 
     </span>
    </p>
   </div>
   <div class='ocr_carea' id='block_1_4' title="bbox 316 1699 1730 2807">
    <p class='ocr_par' dir='ltr' id='par_1_4' title="bbox 316 1699 1730 2807">
     <span class='ocr_line' id='line_1_21' title="bbox 320 1699 1729 1753; baseline -0.006 -13"><span class='ocrx_word' id='word_1_188' title='bbox 320 1716 398 1753; x_wconf 87' lang='lat' dir='ltr'><strong>que</strong></span> <span class='ocrx_word' id='word_1_189' title='bbox 430 1703 507 1739; x_wconf 89' lang='lat' dir='ltr'><strong>iter</strong></span> <span class='ocrx_word' id='word_1_190' title='bbox 539 1715 620 1739; x_wconf 83' lang='lat' dir='ltr'><strong>esse</strong></span> <span class='ocrx_word' id='word_1_191' title='bbox 652 1702 831 1752; x_wconf 86' lang='lat' dir='ltr'><strong>planetae</strong></span> <span class='ocrx_word' id='word_1_192' title='bbox 861 1699 1087 1744; x_wconf 84' lang='lat' dir='ltr'><strong>cuiusdam,</strong></span> <span class='ocrx_word' id='word_1_193' title='bbox 1126 1705 1193 1736; x_wconf 85' lang='lat' dir='ltr'><strong>aut</strong></span> <span class='ocrx_word' id='word_1_194' title='bbox 1220 1699 1356 1736; x_wconf 88' lang='lat' dir='ltr'><strong>lumen</strong></span> <span class='ocrx_word' id='word_1_195' title='bbox 1383 1703 1601 1742; x_wconf 84' lang='lat' dir='ltr'>astrorum,</span> <span class='ocrx_word' id='word_1_196' title='bbox 1632 1707 1729 1745; x_wconf 84' lang='lat' dir='ltr'><strong>quae</strong></span> 
     </span>
     <span class='ocr_line' id='line_1_22' title="bbox 318 1762 1728 1819; baseline -0.006 -14"><span class='ocrx_word' id='word_1_197' title='bbox 318 1768 492 1819; x_wconf 77' lang='lat' dir='ltr'><strong>conspici</strong></span> <span class='ocrx_word' id='word_1_198' title='bbox 520 1773 735 1817; x_wconf 85' lang='lat' dir='ltr'>nequeant,</span> <span class='ocrx_word' id='word_1_199' title='bbox 765 1772 834 1804; x_wconf 85' lang='lat' dir='ltr'><strong>aut</strong></span> <span class='ocrx_word' id='word_1_200' title='bbox 861 1765 1032 1815; x_wconf 87' lang='lat' dir='ltr'><strong>denique</strong></span> <span class='ocrx_word' id='word_1_201' title='bbox 1052 1764 1332 1811; x_wconf 79' lang='lat' dir='ltr'><strong>reflexionem,</strong></span> <span class='ocrx_word' id='word_1_202' title='bbox 1364 1776 1414 1800; x_wconf 85' lang='lat' dir='ltr'><strong>ex</strong></span> <span class='ocrx_word' id='word_1_203' title='bbox 1433 1762 1539 1811; x_wconf 67' lang='lat' dir='ltr'><strong>hisce</strong></span> <span class='ocrx_word' id='word_1_204' title='bbox 1555 1766 1728 1811; x_wconf 84' lang='lat' dir='ltr'><strong>apparet.</strong></span> 
     </span>
     <span class='ocr_line' id='line_1_23' title="bbox 319 1827 1728 1882; baseline -0.006 -11"><span class='ocrx_word' id='word_1_205' title='bbox 319 1834 428 1871; x_wconf 61' lang='lat' dir='ltr'><strong>Haec</strong></span> <span class='ocrx_word' id='word_1_206' title='bbox 446 1839 575 1871; x_wconf 86' lang='lat' dir='ltr'><strong>autem</strong></span> <span class='ocrx_word' id='word_1_207' title='bbox 607 1835 692 1871; x_wconf 82' lang='lat' dir='ltr'><strong>fere</strong></span> <span class='ocrx_word' id='word_1_208' title='bbox 721 1838 832 1880; x_wconf 86' lang='lat' dir='ltr'><strong>sunt,</strong></span> <span class='ocrx_word' id='word_1_209' title='bbox 861 1844 959 1882; x_wconf 87' lang='lat' dir='ltr'><strong>quae</strong></span> <span class='ocrx_word' id='word_1_210' title='bbox 987 1830 1036 1867; x_wconf 89' lang='lat' dir='ltr'><strong>ad</strong></span> <span class='ocrx_word' id='word_1_211' title='bbox 1055 1829 1155 1867; x_wconf 81' lang='lat' dir='ltr'><strong>hanc</strong></span> <span class='ocrx_word' id='word_1_212' title='bbox 1181 1843 1303 1880; x_wconf 87' lang='lat' dir='ltr'><strong>usque</strong></span> <span class='ocrx_word' id='word_1_213' title='bbox 1330 1830 1432 1866; x_wconf 86' lang='lat' dir='ltr'><strong>diem</strong></span> <span class='ocrx_word' id='word_1_214' title='bbox 1461 1828 1508 1865; x_wconf 92' lang='lat' dir='ltr'><strong>ab</strong></span> <span class='ocrx_word' id='word_1_215' title='bbox 1528 1827 1611 1864; x_wconf 89' lang='lat' dir='ltr'><strong>aliis</strong></span> <span class='ocrx_word' id='word_1_216' title='bbox 1637 1831 1728 1863; x_wconf 87' lang='lat' dir='ltr'><strong>sunt</strong></span> 
     </span>
     <span class='ocr_line' id='line_1_24' title="bbox 319 1892 1729 1952; baseline -0.007 -14"><span class='ocrx_word' id='word_1_217' title='bbox 319 1900 534 1952; x_wconf 80' lang='lat' dir='ltr'><strong>proposita.</strong></span> <span class='ocrx_word' id='word_1_218' title='bbox 567 1899 724 1936; x_wconf 84' lang='lat' dir='ltr'><strong>11.N0s</strong></span> <span class='ocrx_word' id='word_1_219' title='bbox 743 1911 841 1936; x_wconf 87' lang='lat' dir='ltr'><strong>vero</strong></span> <span class='ocrx_word' id='word_1_220' title='bbox 861 1909 931 1947; x_wconf 85' lang='lat' dir='ltr'><strong>age</strong></span> <span class='ocrx_word' id='word_1_221' title='bbox 951 1902 1210 1934; x_wconf 82' lang='lat' dir='ltr'><strong>retractemus</strong></span> <span class='ocrx_word' id='word_1_222' title='bbox 1228 1895 1429 1946; x_wconf 85' lang='lat' dir='ltr'><strong>principia,</strong></span> <span class='ocrx_word' id='word_1_223' title='bbox 1451 1892 1592 1943; x_wconf 86' lang='lat' dir='ltr'><strong>quibus</strong></span> <span class='ocrx_word' id='word_1_224' title='bbox 1609 1905 1729 1942; x_wconf 85' lang='lat' dir='ltr'><strong>supra</strong></span> 
     </span>
     <span class='ocr_line' id='line_1_25' title="bbox 316 1960 1730 2012; baseline -0.008 -7"><span class='ocrx_word' id='word_1_225' title='bbox 316 1967 376 2004; x_wconf 84' lang='lat' dir='ltr'><strong>usi</strong></span> <span class='ocrx_word' id='word_1_226' title='bbox 395 1975 539 2004; x_wconf 87' lang='lat' dir='ltr'><strong>sumus.</strong></span> <span class='ocrx_word' id='word_1_227' title='bbox 597 1965 785 2003; x_wconf 81' lang='lat' dir='ltr'><strong>Diximus</strong></span> <span class='ocrx_word' id='word_1_228' title='bbox 803 1964 906 2000; x_wconf 86' lang='lat' dir='ltr'><strong>enim</strong></span> <span class='ocrx_word' id='word_1_229' title='bbox 928 1963 1102 2000; x_wconf 81' lang='lat' dir='ltr'><strong>ultimam</strong></span> <span class='ocrx_word' id='word_1_230' title='bbox 1129 1967 1281 2012; x_wconf 88' lang='lat' dir='ltr'><strong>partem</strong></span> <span class='ocrx_word' id='word_1_231' title='bbox 1304 1960 1420 2005; x_wconf 66' lang='lat' dir='ltr'><strong>aeris,</strong></span> <span class='ocrx_word' id='word_1_232' title='bbox 1449 1971 1564 2010; x_wconf 86' lang='lat' dir='ltr'><strong>quem</strong></span> <span class='ocrx_word' id='word_1_233' title='bbox 1586 1971 1730 1996; x_wconf 84' lang='lat' dir='ltr'><strong>vocare</strong></span> 
     </span>
     <span class='ocr_line' id='line_1_26' title="bbox 316 2024 1730 2082; baseline -0.008 -11"><span class='ocrx_word' id='word_1_234' title='bbox 316 2034 461 2081; x_wconf 86' lang='lat' dir='ltr'><strong>solent,</strong></span> <span class='ocrx_word' id='word_1_235' title='bbox 502 2031 684 2070; x_wconf 81' lang='lat' dir='ltr'><strong>facultate</strong></span> <span class='ocrx_word' id='word_1_236' title='bbox 705 2031 785 2082; x_wconf 87' lang='lat' dir='ltr'>igni</span> <span class='ocrx_word' id='word_1_237' title='bbox 808 2030 992 2080; x_wconf 83' lang='lat' dir='ltr'><strong>proxime</strong></span> <span class='ocrx_word' id='word_1_238' title='bbox 1020 2027 1224 2073; x_wconf 84' lang='lat' dir='ltr'><strong>accedere,</strong></span> <span class='ocrx_word' id='word_1_239' title='bbox 1254 2028 1308 2064; x_wconf 86' lang='lat' dir='ltr'><strong>ita</strong></span> <span class='ocrx_word' id='word_1_240' title='bbox 1335 2033 1380 2064; x_wconf 91' lang='lat' dir='ltr'><strong>ut</strong></span> <span class='ocrx_word' id='word_1_241' title='bbox 1404 2024 1497 2062; x_wconf 74' lang='lat' dir='ltr'><strong>ae‘re</strong></span> <span class='ocrx_word' id='word_1_242' title='bbox 1526 2024 1568 2062; x_wconf 89' lang='lat' dir='ltr'><strong>vi</strong></span> <span class='ocrx_word' id='word_1_243' title='bbox 1601 2030 1730 2061; x_wconf 89' lang='lat' dir='ltr'><strong>motus</strong></span> 
     </span>
     <span class='ocr_line' id='line_1_27' title="bbox 318 2090 1730 2144; baseline -0.006 -7"><span class='ocrx_word' id='word_1_244' title='bbox 318 2098 508 2143; x_wconf 84' lang='lat' dir='ltr'><strong>discreto,</strong></span> <span class='ocrx_word' id='word_1_245' title='bbox 538 2098 625 2135; x_wconf 87' lang='lat' dir='ltr'><strong>talis</strong></span> <span class='ocrx_word' id='word_1_246' title='bbox 647 2103 873 2135; x_wconf 81' lang='lat' dir='ltr'><strong>secernatur</strong></span> <span class='ocrx_word' id='word_1_247' title='bbox 903 2094 1106 2142; x_wconf 82' lang='lat' dir='ltr'><strong>discretio,</strong></span> <span class='ocrx_word' id='word_1_248' title='bbox 1144 2094 1296 2144; x_wconf 87' lang='lat' dir='ltr'><strong>qualem</strong></span> <span class='ocrx_word' id='word_1_249' title='bbox 1326 2092 1464 2130; x_wconf 87' lang='lat' dir='ltr'><strong>crinita</strong></span> <span class='ocrx_word' id='word_1_250' title='bbox 1491 2090 1620 2129; x_wconf 81' lang='lat' dir='ltr'><strong>sidera</strong></span> <span class='ocrx_word' id='word_1_251' title='bbox 1647 2104 1730 2128; x_wconf 86' lang='lat' dir='ltr'><strong>esse</strong></span> 
     </span>
     <span class='ocr_line' id='line_1_28' title="bbox 321 2157 1729 2213; baseline -0.006 -11"><span class='ocrx_word' id='word_1_252' title='bbox 321 2165 508 2203; x_wconf 83' lang='lat' dir='ltr'><strong>diximus.</strong></span> <span class='ocrx_word' id='word_1_253' title='bbox 567 2167 630 2202; x_wconf 85' lang='lat'><strong>12.</strong></span> <span class='ocrx_word' id='word_1_254' title='bbox 662 2164 759 2201; x_wconf 86' lang='lat' dir='ltr'><strong>Tale</strong></span> <span class='ocrx_word' id='word_1_255' title='bbox 779 2163 899 2213; x_wconf 86' lang='lat' dir='ltr'><strong>igitur</strong></span> <span class='ocrx_word' id='word_1_256' title='bbox 922 2159 1129 2211; x_wconf 78' lang='lat' dir='ltr'><strong>quiddam,</strong></span> <span class='ocrx_word' id='word_1_257' title='bbox 1156 2160 1269 2210; x_wconf 88' lang='lat' dir='ltr'><strong>quale</strong></span> <span class='ocrx_word' id='word_1_258' title='bbox 1288 2159 1329 2196; x_wconf 87' lang='lat' dir='ltr'><strong>in</strong></span> <span class='ocrx_word' id='word_1_259' title='bbox 1349 2159 1434 2205; x_wconf 87' lang='lat' dir='ltr'><strong>illis,</strong></span> <span class='ocrx_word' id='word_1_260' title='bbox 1464 2157 1550 2195; x_wconf 87' lang='lat' dir='ltr'><strong>fieri</strong></span> <span class='ocrx_word' id='word_1_261' title='bbox 1571 2170 1729 2195; x_wconf 86' lang='lat' dir='ltr'><strong>censea-</strong></span> 
     </span>
     <span class='ocr_line' id='line_1_29' title="bbox 321 2224 1729 2281; baseline -0.007 -11"><span class='ocrx_word' id='word_1_262' title='bbox 321 2246 408 2270; x_wconf 89' lang='lat' dir='ltr'><strong>mus</strong></span> <span class='ocrx_word' id='word_1_263' title='bbox 433 2243 589 2270; x_wconf 81' lang='lat' dir='ltr'><strong>necesse</strong></span> <span class='ocrx_word' id='word_1_264' title='bbox 617 2237 695 2278; x_wconf 83' lang='lat' dir='ltr'><strong>est,</strong></span> <span class='ocrx_word' id='word_1_265' title='bbox 732 2229 888 2281; x_wconf 87' lang='lat' dir='ltr'><strong>quando</strong></span> <span class='ocrx_word' id='word_1_266' title='bbox 906 2239 987 2264; x_wconf 85' lang='lat' dir='ltr'><strong>non</strong></span> <span class='ocrx_word' id='word_1_267' title='bbox 1007 2239 1080 2276; x_wconf 87' lang='lat' dir='ltr'><strong>per</strong></span> <span class='ocrx_word' id='word_1_268' title='bbox 1099 2239 1141 2263; x_wconf 83' lang='lat' dir='ltr'><strong>se</strong></span> <span class='ocrx_word' id='word_1_269' title='bbox 1161 2226 1241 2263; x_wconf 90' lang='lat' dir='ltr'><strong>eius</strong></span> <span class='ocrx_word' id='word_1_270' title='bbox 1263 2225 1370 2262; x_wconf 87' lang='lat' dir='ltr'><strong>modi</strong></span> <span class='ocrx_word' id='word_1_271' title='bbox 1393 2224 1576 2262; x_wconf 82' lang='lat' dir='ltr'><strong>discretio</strong></span> <span class='ocrx_word' id='word_1_272' title='bbox 1597 2236 1729 2273; x_wconf 85' lang='lat' dir='ltr'><strong>scgre-</strong></span> 
     </span>
     <span class='ocr_line' id='line_1_30' title="bbox 321 2290 1727 2349; baseline -0.008 -13"><span class='ocrx_word' id='word_1_273' title='bbox 321 2293 455 2349; x_wconf 84' lang='lat' dir='ltr'><strong>gatur,</strong></span> <span class='ocrx_word' id='word_1_274' title='bbox 484 2297 554 2335; x_wconf 84' lang='lat' dir='ltr'><strong>sed</strong></span> <span class='ocrx_word' id='word_1_275' title='bbox 571 2311 593 2334; x_wconf 88' lang='lat' dir='ltr'><strong>a</strong></span> <span class='ocrx_word' id='word_1_276' title='bbox 613 2297 741 2336; x_wconf 86' lang='lat' dir='ltr'><strong>sidere</strong></span> <span class='ocrx_word' id='word_1_277' title='bbox 763 2295 932 2346; x_wconf 86' lang='lat' dir='ltr'><strong>quodam</strong></span> <span class='ocrx_word' id='word_1_278' title='bbox 955 2299 1020 2330; x_wconf 82' lang='lat' dir='ltr'><strong>aut</strong></span> <span class='ocrx_word' id='word_1_279' title='bbox 1045 2292 1128 2329; x_wconf 81' lang='lat' dir='ltr'><strong>fixo</strong></span> <span class='ocrx_word' id='word_1_280' title='bbox 1157 2299 1224 2330; x_wconf 89' lang='lat' dir='ltr'><strong>aut</strong></span> <span class='ocrx_word' id='word_1_281' title='bbox 1253 2298 1422 2330; x_wconf 87' lang='lat' dir='ltr'><strong>errante.</strong></span> <span class='ocrx_word' id='word_1_282' title='bbox 1480 2292 1595 2328; x_wconf 90' lang='lat' dir='ltr'><strong>Tunc</strong></span> <span class='ocrx_word' id='word_1_283' title='bbox 1625 2290 1727 2327; x_wconf 86' lang='lat' dir='ltr'><strong>enim</strong></span> 
     </span>
     <span class='ocr_line' id='line_1_31' title="bbox 320 2358 1728 2416; baseline -0.008 -13"><span class='ocrx_word' id='word_1_284' title='bbox 320 2366 378 2404; x_wconf 89' lang='lat' dir='ltr'><strong>illi</strong></span> <span class='ocrx_word' id='word_1_285' title='bbox 405 2370 596 2416; x_wconf 85' lang='lat' dir='ltr'><strong>apparent</strong></span> <span class='ocrx_word' id='word_1_286' title='bbox 616 2370 810 2409; x_wconf 82' lang='lat' dir='ltr'><strong>cometae,</strong></span> <span class='ocrx_word' id='word_1_287' title='bbox 841 2373 928 2398; x_wconf 89' lang='lat' dir='ltr'><strong>cum</strong></span> <span class='ocrx_word' id='word_1_288' title='bbox 948 2362 1146 2398; x_wconf 86' lang='lat' dir='ltr'><strong>stellarum</strong></span> <span class='ocrx_word' id='word_1_289' title='bbox 1172 2359 1358 2397; x_wconf 83' lang='lat' dir='ltr'><strong>lationem</strong></span> <span class='ocrx_word' id='word_1_290' title='bbox 1387 2358 1563 2408; x_wconf 86' lang='lat' dir='ltr'><strong>sequitur</strong></span> <span class='ocrx_word' id='word_1_291' title='bbox 1589 2368 1728 2406; x_wconf 88' lang='lat' dir='ltr'><strong>quem-</strong></span> 
     </span>
     <span class='ocr_line' id='line_1_32' title="bbox 319 2421 1725 2476; baseline -0.009 -7"><span class='ocrx_word' id='word_1_292' title='bbox 319 2431 531 2469; x_wconf 82' lang='lat' dir='ltr'><strong>admodum</strong></span> <span class='ocrx_word' id='word_1_293' title='bbox 562 2431 686 2468; x_wconf 85' lang='lat' dir='ltr'><strong>solem</strong></span> <span class='ocrx_word' id='word_1_294' title='bbox 713 2429 800 2466; x_wconf 86' lang='lat' dir='ltr'><strong>talis</strong></span> <span class='ocrx_word' id='word_1_295' title='bbox 820 2427 1002 2474; x_wconf 78' lang='lat' dir='ltr'><strong>secretio,</strong></span> <span class='ocrx_word' id='word_1_296' title='bbox 1033 2427 1142 2463; x_wconf 86' lang='lat' dir='ltr'><strong>cuius</strong></span> <span class='ocrx_word' id='word_1_297' title='bbox 1165 2439 1241 2476; x_wconf 89' lang='lat' dir='ltr'><strong>ope</strong></span> <span class='ocrx_word' id='word_1_298' title='bbox 1269 2430 1431 2475; x_wconf 87' lang='lat' dir='ltr'><strong>propter</strong></span> <span class='ocrx_word' id='word_1_299' title='bbox 1457 2421 1725 2467; x_wconf 81' lang='lat' dir='ltr'><strong>reflexionem,</strong></span> 
     </span>
     <span class='ocr_line' id='line_1_33' title="bbox 321 2486 1726 2543; baseline -0.008 -9"><span class='ocrx_word' id='word_1_300' title='bbox 321 2496 412 2536; x_wconf 72' lang='lat' dir='ltr'><strong>ae’re</strong></span> <span class='ocrx_word' id='word_1_301' title='bbox 431 2497 484 2532; x_wconf 81' lang='lat' dir='ltr'><strong>ita</strong></span> <span class='ocrx_word' id='word_1_302' title='bbox 504 2497 727 2542; x_wconf 82' lang='lat' dir='ltr'><strong>constituto,</strong></span> <span class='ocrx_word' id='word_1_303' title='bbox 750 2494 932 2532; x_wconf 86' lang='lat' dir='ltr'><strong>halonem</strong></span> <span class='ocrx_word' id='word_1_304' title='bbox 954 2505 1144 2543; x_wconf 82' lang='lat' dir='ltr'><strong>apparere</strong></span> <span class='ocrx_word' id='word_1_305' title='bbox 1161 2492 1334 2529; x_wconf 88' lang='lat' dir='ltr'><strong>dicimus.</strong></span> <span class='ocrx_word' id='word_1_306' title='bbox 1383 2492 1445 2526; x_wconf 82' lang='lat'><strong>13.</strong></span> <span class='ocrx_word' id='word_1_307' title='bbox 1468 2487 1578 2526; x_wconf 89' lang='lat' dir='ltr'><strong>Idem</strong></span> <span class='ocrx_word' id='word_1_308' title='bbox 1595 2486 1726 2536; x_wconf 85' lang='lat' dir='ltr'><strong>igitur,</strong></span> 
     </span>
     <span class='ocr_line' id='line_1_34' title="bbox 321 2553 1727 2614; baseline -0.008 -15"><span class='ocrx_word' id='word_1_309' title='bbox 321 2562 426 2614; x_wconf 88' lang='lat' dir='ltr'><strong>quod</strong></span> <span class='ocrx_word' id='word_1_310' title='bbox 445 2562 546 2599; x_wconf 86' lang='lat' dir='ltr'><strong>circa</strong></span> <span class='ocrx_word' id='word_1_311' title='bbox 566 2574 690 2598; x_wconf 89' lang='lat' dir='ltr'><strong>unum</strong></span> <span class='ocrx_word' id='word_1_312' title='bbox 711 2560 816 2597; x_wconf 90' lang='lat' dir='ltr'><strong>sidus</strong></span> <span class='ocrx_word' id='word_1_313' title='bbox 836 2560 923 2597; x_wconf 88' lang='lat' dir='ltr'><strong>fieri</strong></span> <span class='ocrx_word' id='word_1_314' title='bbox 943 2559 1148 2608; x_wconf 81' lang='lat' dir='ltr'><strong>contingit,</strong></span> <span class='ocrx_word' id='word_1_315' title='bbox 1173 2559 1215 2596; x_wconf 89' lang='lat' dir='ltr'><strong>in</strong></span> <span class='ocrx_word' id='word_1_316' title='bbox 1236 2563 1319 2595; x_wconf 83' lang='lat' dir='ltr'><strong>toto</strong></span> <span class='ocrx_word' id='word_1_317' title='bbox 1338 2556 1445 2593; x_wconf 86' lang='lat' dir='ltr'><strong>caelo</strong></span> <span class='ocrx_word' id='word_1_318' title='bbox 1465 2553 1727 2604; x_wconf 83' lang='lat' dir='ltr'><strong>universaque</strong></span> 
     </span>
     <span class='ocr_line' id='line_1_35' title="bbox 322 2619 1726 2679; baseline -0.005 -14"><span class='ocrx_word' id='word_1_319' title='bbox 322 2640 462 2679; x_wconf 87' lang='lat' dir='ltr'><strong>supera</strong></span> <span class='ocrx_word' id='word_1_320' title='bbox 481 2627 624 2664; x_wconf 85' lang='lat' dir='ltr'><strong>latione</strong></span> <span class='ocrx_word' id='word_1_321' title='bbox 648 2626 735 2663; x_wconf 89' lang='lat' dir='ltr'><strong>fieri</strong></span> <span class='ocrx_word' id='word_1_322' title='bbox 754 2619 988 2676; x_wconf 82' lang='lat' dir='ltr'><strong>accipiamus</strong></span> <span class='ocrx_word' id='word_1_323' title='bbox 1009 2630 1179 2675; x_wconf 88' lang='lat' dir='ltr'><strong>oportet.</strong></span> <span class='ocrx_word' id='word_1_324' title='bbox 1222 2620 1380 2660; x_wconf 77' lang='lat' dir='ltr'><strong>Rationi</strong></span> <span class='ocrx_word' id='word_1_325' title='bbox 1397 2619 1500 2656; x_wconf 87' lang='lat' dir='ltr'><strong>enim</strong></span> <span class='ocrx_word' id='word_1_326' title='bbox 1520 2626 1726 2658; x_wconf 82' lang='lat' dir='ltr'><strong>consenta—</strong></span> 
     </span>
     <span class='ocr_line' id='line_1_36' title="bbox 321 2686 1726 2737; baseline -0.007 -5"><span class='ocrx_word' id='word_1_327' title='bbox 321 2707 438 2732; x_wconf 80' lang='lat' dir='ltr'><strong>neum</strong></span> <span class='ocrx_word' id='word_1_328' title='bbox 464 2698 542 2737; x_wconf 82' lang='lat' dir='ltr'><strong>est,</strong></span> <span class='ocrx_word' id='word_1_329' title='bbox 572 2692 604 2728; x_wconf 87' lang='lat' dir='ltr'><strong>si</strong></span> <span class='ocrx_word' id='word_1_330' title='bbox 623 2692 738 2728; x_wconf 89' lang='lat' dir='ltr'><strong>unius</strong></span> <span class='ocrx_word' id='word_1_331' title='bbox 760 2692 961 2730; x_wconf 84' lang='lat' dir='ltr'><strong>cuiusdam</strong></span> <span class='ocrx_word' id='word_1_332' title='bbox 983 2691 1121 2735; x_wconf 74' lang='lat' dir='ltr'><strong>sideris</strong></span> <span class='ocrx_word' id='word_1_333' title='bbox 1146 2694 1276 2727; x_wconf 80' lang='lat' dir='ltr'><strong>motus</strong></span> <span class='ocrx_word' id='word_1_334' title='bbox 1306 2686 1501 2722; x_wconf 79' lang='lat' dir='ltr'><strong>flammam</strong></span> <span class='ocrx_word' id='word_1_335' title='bbox 1523 2692 1726 2735; x_wconf 80' lang='lat' dir='ltr'><strong>provocat,</strong></span> 
     </span>
     <span class='ocr_line' id='line_1_37' title="bbox 322 2751 1726 2807; baseline -0.009 -9"><span class='ocrx_word' id='word_1_336' title='bbox 322 2761 497 2798; x_wconf 86' lang='lat' dir='ltr'><strong>omnium</strong></span> <span class='ocrx_word' id='word_1_337' title='bbox 517 2758 763 2794; x_wconf 81' lang='lat' dir='ltr'><strong>coniunctam</strong></span> <span class='ocrx_word' id='word_1_338' title='bbox 791 2757 895 2794; x_wconf 89' lang='lat' dir='ltr'><strong>idem</strong></span> <span class='ocrx_word' id='word_1_339' title='bbox 918 2757 1098 2802; x_wconf 84' lang='lat' dir='ltr'><strong>efficere,</strong></span> <span class='ocrx_word' id='word_1_340' title='bbox 1125 2753 1354 2807; x_wconf 79' lang='lat' dir='ltr'><strong>praesertim</strong></span> <span class='ocrx_word' id='word_1_341' title='bbox 1373 2752 1442 2788; x_wconf 86' lang='lat' dir='ltr'><strong>illo</strong></span> <span class='ocrx_word' id='word_1_342' title='bbox 1463 2751 1502 2787; x_wconf 86' lang='lat' dir='ltr'><strong>in</strong></span> <span class='ocrx_word' id='word_1_343' title='bbox 1525 2752 1631 2798; x_wconf 86' lang='lat' dir='ltr'><strong>loco,</strong></span> <span class='ocrx_word' id='word_1_344' title='bbox 1661 2752 1726 2788; x_wconf 76' lang='lat' dir='ltr'><strong>nbi</strong></span> 
     </span>
    </p>
   </div>
  </div>
 </body>
</html>
