1774 3198
390 370 612 411 LIBRUM
643 368 965 410 SECUNDUM.
1013 366 1128 407 cAP.
1143 367 1221 408 lx.
1442 356 1537 401 617

96 488 180 539 VI,
218 489 299 526 99:

267 555 358 593 Nec
382 554 444 608 fit
474 554 582 592 enim
609 552 792 602 sonitus,
834 552 939 590 caeli
967 550 1018 589 de
1042 557 1177 602 parte
1210 562 1370 588 serena.

99 661 175 699 cfr.
208 672 246 698 v.
278 657 361 696 400
380 669 464 708 sqq.
522 653 603 694 Sed
631 653 728 693 vide
758 654 947 706 virgil.
980 654 1133 706 Georg.
1165 652 1207 703 I,
1237 644 1420 705 487'sq.:

327 737 429 775 Non
458 735 571 773 alias
603 733 723 792 caelo·
749 733 991 772 ceciderunt
1014 736 1143 787 plura
1172 746 1316 772 sereno

328 804 541 856 Fulgura.
1164 847 1167 853 .

98 874 282 912 Horat.
330 870 438 910 Odd.
477 872 522 919 Ι,
556 870 631 919 34,
663 871 687 908 5
719 883 804 922 sqq.
885 871 1065 910 Omnino
1095 869 1201 923 apud
1229 868 1547 921 superstitiosam

100 942 380 979 Romanorum
409 944 570 990 gentem
599 939 694 977 talia
718 940 903 978 Deorum
933 939 1153 979 voluntatis
1181 938 1294 990 signa
1321 943 1448 977 erant.
1477 937 1548 976 cfr.
1584 983 1590 994 .

101 1010 198 1048 Iul.
241 1008 558 1059 Obsequent.
596 1010 662 1046 83.
697 1010 792 1046 107.
824 1010 921 1047 122.
980 1009 1093 1048 Liv.
1125 1009 1203 1054 ΠΙ,
1236 1010 1276 1046 5.
1316 1005 1449 1055 XXI,
1475 1007 1549 1058 58.

101 1083 142 1116 et
170 1077 336 1115 omnino
365 1078 628 1115 Burmann
658 1075 744 1113 Ιον.
767 1075 990 1127 Fulgerat.
1029 1091 1064 1115 c.
1095 1079 1135 1116 9.
1202 1062 1551 1127 Disputatuufist

103 1158 151 1184 ea
175 1144 226 1184 de
252 1158 300 1183 re
329 1143 550 1182 Meteorol.
577 1150 658 1181 vet.
688 1144 794 1191 VII,
820 1146 886 1183 35.
916 1159 957 1199 p.
976 1148 1070 1182 166.

218 1245 284 1285 14.
324 1240 371 1284 τό
402 1258 444 1284 τε
473 1245 547 1296 τῆς
575 1245 752 1297 βροντῆς
789 1259 866 1303 pro
906 1246 983 1297 τῆς
1008 1259 1050 1285 τε
1078 1244 1255 1298 βροντῆς
1284 1244 1332 1282 F.
1364 1243 1472 1282 Cam.
1505 1244 1549 1282 P.

104 1315 194 1354 Cas.
221 1327 267 1353 ,τε
298 1313 488 1352 omittunt
516 1314 570 1351 H.
593 1311 647 1351 N.
671 1335 722 1341 —
740 1314 832 1364 τῆς
860 1320 951 1352 ante
982 1310 1194 1366 ἀστραπῆς
1223 1310 1433 1350 omisimus
1460 1325 1552 1350 cum

101 1383 148 1421 E.
177 1382 299 1421 Alex.
329 1380 402 1420 fol.
432 1383 533 1430 111,
554 1395 587 1419 a.
618 1380 728 1419 Cam.
751 1382 793 1436 P.
814 1381 901 1421 cas.
934 1381 1156 1420 secundum
1185 1381 1394 1432 vulgarem
1423 1380 1554 1419 Ari-

103 1450 315 1489 stotelis
350 1448 544 1500 loquendi
572 1462 744 1487 morem.
786 1470 836 1475 ——
895 1450 1105 1489 Articulus
1133 1454 1226 1488 ante
1253 1444 1452 1488 τοιούτων
1480 1446 1554 1486 de·
1595 1473 1597 1477 .

105 1525 165 1557 est
191 1518 236 1557 in
264 1520 314 1558 E.

223 1599 287 1637 15.
325 1593 402 1636 κᾶν
430 1597 581 1635 omittit
606 1598 656 1636 E.
693 1596 770 1635 cfr.
799 1595 851 1634 ad
881 1598 919 1646 Ι,
947 1600 995 1643 3,
1026 1600 1066 1636 2.

222 1702 290 1739 16.
320 1697 387 1738 καὶ
407 1699 540 1738 ταῦτα
569 1696 787 1752 διακρίσεις
816 1699 965 1738 omittit
993 1712 1054 1750 pr.
1086 1711 1208 1737 manu
1237 1689 1288 1738 Ε.
1312 1718 1368 1726 --
1397 1695 1556 1750 γίνηται

108 1781 186 1820 pro
214 1765 362 1820 γίνεται
391 1769 438 1806 F.
459 1791 510 1796 —
542 1763 666 1813 αὐτός
694 1781 770 1819 pro
792 1761 813 1806 ὃ
833 1763 957 1814 αὐτός
973 1768 1023 1806 Ε.
1042 1788 1100 1796 --
1127 1762 1339 1818 ἀπόληψιν
1358 1779 1436 1818 pro
1463 1763 1556 1805 ἐνα-

109 1831 292 1888 πόληψιν
321 1835 640 1888 deprehenditur
667 1836 711 1874 in
732 1837 782 1875 E.
802 1837 922 1875 Alex.
942 1837 992 1873 A.

226 1941 293 1977 17.
324 1931 411 1977 οἷον
439 1952 516 1990 pro
535 1935 624 1978 οἵαν
641 1940 690 1978 F.
722 1933 857 1992 ὥσπερ
886 1937 936 1977 Ε.
957 1937 1077 1977 Alex.
1098 1937 1151 1976 A.
1183 1934 1347 1990 οἵανπερ
1368 1936 1479 1975 Cam.
1500 1957 1557 1963 —-

111 2004 179 2047 καὶ
207 2002 282 2058 τὴν
312 2003 415 2054 ζέσιν
442 2007 490 2045 F.
512 2007 621 2046 Cam.
652 2002 727 2058 τὴν
750 2004 795 2046 δὲ
826 2003 929 2056 ζέσιν
959 2006 1007 2045 Ε.
1028 2028 1084 2034 ——
1112 2007 1281 2046 ποιεῖΕ.
1312 2002 1490 2056 ἐμποιεῖν
1507 2005 1556 2043 F.

110 2089 186 2129 pro
206 2075 378 2127 simplici
398 2077 537 2114 ποιεῖν.
589 2074 815 2113 Articulum
838 2081 930 2114 ante
947 2070 1090 2128 ψόφον
1113 2074 1264 2112 omittit
1281 2075 1327 2112 E.
1340 2080 1358 2122 ς·
1382 2068 1453 2111 τὸν
1472 2068 1558 2122 ψό-
1573 2073 1581 2082 “

111 2157 192 2197 φον
212 2143 254 2181 in
271 2142 451 2194 margine
468 2142 585 2194 ponit
601 2144 648 2180 F.
670 2163 720 2168 —
752 2140 824 2180 καί
836 2149 926 2181 ante
945 2138 971 2195 ἦ
993 2141 1093 2189 σι’ξις
1113 2142 1225 2180 deest
1243 2140 1350 2192 apud
1370 2142 1418 2179 F.
1438 2139 1558 2179 Alex.

111 2211 158 2249 P.
184 2211 226 2248 S.
251 2210 342 2249 Cas.
364 2230 420 2237 —-
449 2210 541 2249 Huc
561 2210 767 2261 pertinent
786 2223 929 2248 versus
957 2209 1220 2255 Lucretii,
1253 2222 1354 2260 quos
1373 2208 1452 2246 iam
1470 2208 1560 2246 lau-

115 2278 228 2318 davit
255 2278 654 2318 Vicomercatus
684 2275 780 2331 (VI,
803 2279 928 2326 106):

234 2357 293 2394 Ut
321 2355 478 2393 calidis
506 2355 690 2393 candens
708 2356 881 2406 serrum
912 2370 932 2393 e
948 2353 1211 2412 fornae-ihus
1241 2356 1341 2394 olim

230 2423 407 2472 Stridit,
437 2420 508 2460 ubi
537 2424 582 2460 in
599 2423 788 2474 gelidum
808 2431 987 2475 propter
1017 2425 1285 2463 demersimus
1316 2423 1502 2463 imbrem.

116 2504 192 2544 cfr.
210 2502 429 2541 Meteorol.
449 2509 528 2540 vet.
553 2502 624 2542 Gr.
645 2510 685 2541 et
705 2504 823 2542 Rom.
846 2505 944 2552 VII,
965 2503 1030 2544 34.
1058 2518 1100 2557 p.
1122 2508 1216 2544 160.

234 2592 301 2627 18.
330 2601 435 2635 τινες
459 2594 551 2632 ante
586 2584 719 2643 ὥσπερ
748 2592 863 2642 ponit
889 2593 936 2630 E.
974 2613 1028 2619 —
1087 2591 1143 2630 CI
1154 2591 1167 2629 i
1178 2590 1205 2629 d
1217 2606 1238 2630 e
1250 2604 1290 2629 m
1300 2604 1357 2629 us
1386 2589 1437 2629 de
1465 2591 1561 2629 uni-

118 2671 236 2697 versa
253 2671 393 2696 rerum
413 2663 555 2695 natura
580 2657 782 2710 scripsisse
800 2659 979 2697 videtur.
1037 2660 1338 2711 Saepenumero
1357 2672 1451 2697 eum
1470 2659 1561 2698 lau-

121 2725 190 2764 dat
217 2727 253 2764 T
266 2724 297 2763 h
307 2740 329 2764 e
341 2740 365 2763 ο
378 2738 404 2776 p
416 2723 506 2762 hra
517 2731 560 2763 st
570 2738 644 2774 us,
682 2727 812 2765 veluti
838 2726 909 2764 ubi
937 2726 988 2765 de
1012 2727 1240 2779 plantarum
1272 2733 1367 2766 ortu
1389 2726 1561 2776 disserit,

121 2799 212 2845 post
247 2799 498 2833 enumeratas
547 2792 892 2845 Anaxagorae
941 2800 982 2833 et
1027 2796 1286 2847 Diogenis
1332 2794 1561 2847 Apollo-

123 2862 292 2900 niatae
320 2861 534 2901 sententias
563 2860 748 2914 (Histor.
764 2862 959 2914 plantat.
990 2863 1054 2902 111
1067 2893 1078 2914 ,
1111 2868 1131 2902 1
1147 2895 1159 2915 ,
1186 2865 1226 2903 4.
1254 2878 1294 2916 p.
1314 2860 1385 2916 68)
1398 2878 1408 2902 ε
1438 2862 1561 2902 Κλεί-
