1820 3158
315 374 406 417 120
452 382 835 424 —p.368‚a.13ekk.—-
885 384 1044 421 LIB.11.
1073 374 1307 434 CAP.V111.
1353 381 1710 425 —p.35o‚G.Cas.-—

308 495 405 539 νεῖν,
444 489 510 530 διὰ
538 490 581 529 δὲ
610 489 656 529 τὸ
686 489 945 540 προσπίπτειν
983 495 1156 543 στερεοῖς
1198 487 1328 542 ὄγκοις
1366 490 1430 530 καὶ
1468 491 1614 539 κοίλοις
1649 493 1712 532 καὶ

311 556 580 601 παντοδαποῖς
609 553 784 606 σχήμασι
813 554 1072 601 παντοδαπὰς
1099 553 1239 609 ἀφίησι
1267 553 1427 609 φωνάς,
1465 553 1560 597 ὥστ’
1594 556 1714 598 ἐνίοτε

311 622 441 660 δοκεῖν
471 618 568 673 ὅπερ
598 618 776 672 λέγουσιν
807 618 843 659 οἳ
873 623 1241 674 τερατολογοῦντες,
1284 624 1494 672 μυκᾶσθαι
1527 621 1600 675 τὴν
1633 626 1716 676 γῆν.

258 692 308 727 39
352 691 416 726 39.
446 682 559 737 ’Ήόη
593 684 637 725 δὲ
666 685 731 725 καὶ
759 683 890 726 ὕδατα
919 684 1115 740 ἀνερράγη
1144 686 1358 741 γινομένων
1389 690 1571 739 σεισμῶν.
1621 687 1711 728 ἀλλ’

310 749 356 790 οὗ
386 750 452 790 διὰ
477 754 596 791 τοῦτο
628 749 755 792 αἴτιον
781 750 828 793 τὸ
857 749 968 804 ὕδωρ
997 755 1070 805 τῆς
1097 751 1305 805 κινήσεως,
1336 751 1427 793 ἀλλ’
1452 751 1541 806 ἄνῆ
1565 752 1607 801 ἐξ
1634 752 1718 793 ἐπι-

310 818 435 868 πολῆς
463 814 488 868 ἢ
518 814 703 857 κάτωθεν
731 815 916 870 βιάζηται
945 817 991 859 τὸ
1010 822 1184 870 πνεῦμα,
1213 818 1334 859 ἐκεῖνο
1362 818 1408 860 τὸ
1441 823 1572 860 κινοῦν
1598 819 1716 867 ἔστιν,

310 879 443 936 ὥσπερ
472 885 552 923 τῶν
579 881 767 934 κυμάτων
798 884 835 924 οἳ
865 883 1001 937 ἄνεμοι
1031 883 1124 925 ἀλλ’
1160 883 1206 925 οὐ
1234 884 1287 925 τὰ
1316 883 1473 937 κύματα
1508 888 1588 926 τῶν
1627 883 1717 926 ἀνέ-

307 963 396 999 μων
425 947 530 988 ε’στὶν
560 947 687 997 αἴτια,
730 949 811 990 ε’πεὶ
841 951 905 990 καὶ
932 950 1007 1004 τὴν
1036 954 1108 1004 γῆν
1136 949 1265 999 οὕτως
1293 949 1342 992 ἄν
1369 967 1429 998 τις
1457 951 1616 1006 αἲτιῴτο
1645 954 1718 990 τοῦ

309 1011 490 1060 πάθους·
518 1012 777 1068 ἀνατρέπεται
805 1015 881 1071 γὰρ
911 1016 1113 1070 σειομένη,
1141 1015 1326 1071 καθάπερ
1350 1014 1461 1071 ὕδωρ
1490 1013 1539 1070 (ἦ
1559 1014 1634 1069 γὰρ
1656 1014 1718 1056 ἕκ-

256 1081 308 1119 40
315 1092 432 1130 χυσις
460 1077 680 1134 ἀνάτρεψίς
707 1082 768 1129 τίς
786 1081 922 1135 ἔστιν).
981 1085 1047 1123 40.
1069 1081 1181 1124 Ἀλλ’
1205 1082 1312 1123 αἴτια
1340 1086 1468 1123 ταῦτα
1496 1081 1571 1133 μὲν
1594 1079 1719 1135 ἄμφω

308 1141 365 1192 ὡς
385 1143 460 1198 ὕλη
492 1144 652 1199 (πάσχει
678 1145 768 1201 γάρ,
800 1146 892 1188 ἀλλ’
917 1147 964 1190 οὐ
991 1155 1136 1200 ποιεῖ),
1178 1148 1224 1189 τὸ
1254 1149 1297 1189 δὲ
1326 1151 1479 1200 πνεῦμα
1508 1145 1562 1195 ὡς
1591 1146 1718 1202 ἀρχή·

310 1208 413 1250 ὅπου
443 1209 484 1250 (5²
510 1209 596 1263 ἅμα
624 1216 731 1265 κῦμα
763 1216 911 1269 σεισμῷ
941 1212 1116 1267 γέγονεν,
1157 1212 1305 1264 αἴτιον,
1347 1212 1446 1254 ὅταν
1474 1213 1632 1254 ἐναντία
1659 1213 1718 1266 γί-

255 1277 435 1328 41νηται
463 1275 514 1316 τὰ
541 1276 758 1330 πνεύματα.
836 1281 902 1319 41.
948 1282 1080 1320 Τοῦτο
1111 1279 1155 1320 δὲ
1180 1279 1348 1333 γίνεται,
1398 1276 1496 1319 ὅταν
1527 1276 1572 1318 τὸ
1613 1283 1718 1318 σεῖον

308 1340 380 1394 τὴν
407 1345 480 1395 γῆν
508 1348 664 1396 πνεῦμα
693 1344 915 1399 φερομένην
951 1342 1021 1385 ὕπ’
1056 1344 1180 1386 ἄλλου
1208 1343 1432 1397 πνεύματος
1459 1341 1532 1396 τήν
1559 1342 1719 1383 θάλατ-

309 1422 384 1447 ταν
412 1407 570 1448 ἀπῶσαι
597 1410 671 1460 μὲν
702 1407 806 1457 ὅλως
832 1410 888 1463 μὴ
921 1409 1109 1464 δύνηται,
1139 1414 1357 1465 προωθοῦν
1387 1409 1430 1450 δὲ
1459 1410 1523 1450 καὶ
1553 1409 1717 1450 συστέλ-

257 1474 309 1512 42
321 1475 390 1513 λον
418 1474 473 1521 εἷς
499 1473 646 1516 ταύτόν
673 1476 925 1531 συναθροίσῃ
952 1475 1117 1530 πολλήν.
1176 1479 1242 1517 42.
1277 1475 1378 1516 Τότε
1406 1475 1479 1529 γὰρ
1506 1474 1718 1528 ἀναγκαῖον

310 1535 558 1592 ἡττηθέντος
584 1540 730 1582 τούτου
759 1545 832 1582 τοῦ
859 1541 1082 1595 πνεύματος
1110 1542 1270 1598 ἁθρόαν
1295 1541 1531 1594 ὠθουμένην
1548 1538 1625 1582 ὗπὸ
1645 1544 1718 1581 τοῦ

313 1605 492 1647 ἐναντίου
519 1606 742 1659 πνεύματος
783 1606 1051 1662 ἕκρῆγνυσθαι
1080 1609 1144 1649 καὶ
1175 1613 1297 1650 ποιεῖν
1327 1605 1396 1649 τὸν
1425 1605 1716 1658 κατακλυσμόν.

312 1753 425 1788 cava,
465 1741 676 1792 figurisque
704 1743 831 1780 omnis
860 1745 1012 1792 generis
1042 1743 1220 1793 praedita
1247 1741 1385 1780 incidit
1412 1754 1546 1778 omnes
1575 1753 1718 1778 vocum

311 1806 551 1844 differentias
571 1809 724 1857 emittit,
751 1809 850 1846 adeo
869 1815 915 1846 ut
933 1822 1214 1858 nonnunquam
1234 1814 1341 1846 terra
1361 1805 1422 1857 (ut
1441 1812 1717 1857 portentorum

313 1872 524 1922 scriptores
554 1873 688 1923 aiunt)
726 1876 879 1924 mugire
907 1874 1103 1912 videatur.
1162 1878 1223 1912 39.
1261 1860 1358 1911 Iam'
1378 1885 1478 1910 vero
1512 1878 1551 1909 et
1583 1884 1716 1921 aquae,

313 1951 433 1988 quum
463 1944 592 1976 terrae
620 1945 751 1977 motus
779 1939 905 1989 fiunt,
946 1945 1176 1990 eruperunt.
1234 1938 1314 1976 Sed
1340 1951 1422 1975 non
1447 1938 1594 1975 idcirco
1620 1950 1719 1987 aqua

314 2010 441 2041 motus
461 2018 574 2042 causa
591 2012 659 2042 est.
720 2007 871 2043 Verum
893 2006 1076 2056 spiritus,
1106 2019 1176 2043 seu
1192 2006 1232 2042 in
1258 2004 1419 2042 summis
1447 2003 1622 2054 partibus
1649 2016 1717 2039 seu

312 2083 363 2107 ex
380 2071 461 2108 imo
480 2071 563 2108 vim
580 2071 735 2118 inferat,
763 2072 831 2108 illa
850 2078 908 2109 est
928 2072 993 2121 qui
1012 2078 1157 2119 movet,
1179 2069 1509 2121 quemadmodum
1527 2068 1717 2106 fluctuum

311 2137 421 2175 venti
448 2149 559 2174 causa
581 2144 689 2186 sunt,
726 2151 807 2174 non
835 2144 1047 2175 ventorum
1076 2137 1227 2174 fluctus.
1282 2137 1386 2174 Nam
1415 2141 1454 2173 et
1479 2141 1627 2172 terram
1656 2135 1717 2172 af-

311 2194 491 2240 fectionis
521 2202 635 2241 huius
663 2201 821 2240 causam‘
840 2203 916 2241 hoc
936 2203 1055 2241 modo
1077 2216 1159 2241 esse
1178 2203 1316 2253 aliquis
1338 2201 1505 2240 diceret:
1536 2213 1720 2238 concussa

313 2269 416 2306 enim
432 2269 544 2307 velut
559 2283 658 2320 aqua
675 2270 881 2315 evertitur,
896 2270 1043 2320 quippe
1062 2283 1150 2306 cum
1172 2269 1307 2306 effusio
1327 2268 1435 2318 quasi
1455 2259 1644 2316 quaedam
1669 2266 1719 2302 sit

311 2336 479 2373 eversio.
511 2335 576 2388 4οι
594 2338 651 2375 At
668 2335 762 2373 haec
777 2335 937 2386 quidem
955 2335 1071 2372 ambo
1085 2336 1267 2385 quoniam
1280 2335 1490 2384 patiuntur,
1502 2346 1574 2370 nec
1587 2337 1716 2382 agunt,

312 2415 425 2438 causa
436 2407 539 2447 sunt,
551 2398 748 2452 &mquam
760 2403 941 2441 materia:
960 2402 1120 2452 spiritus
1131 2414 1243 2449 vero,
1256 2407 1452 2450 tamquam
1464 2397 1712 2448 principium.

315 2467 391 2504 Ubi
410 2474 540 2505 autem
559 2468 763 2506 inundatio
786 2482 865 2506 una
893 2473 983 2506 cum
1003 2474 1132 2505 terrae
1151 2472 1261 2503 motu
1287 2467 1387 2503 sacta
1406 2469 1480 2511 est,
1505 2467 1715 2500 ventorum

313 2533 601 2571 contrariorum
622 2547 751 2584 pugna
770 2535 810 2571 in
827 2547 939 2571 causa
958 2534 1046 2572 fuit.
1105 2534 1170 2570 41.
1201 2532 1287 2577 Hoc
1309 2536 1438 2567 autem
1458 2528 1599 2572 evenit,
1626 2538 1714 2564 cum

310 2599 471 2648 spiritus
499 2605 643 2636 terram
675 2601 924 2648 concutiens,
964 2613 1072 2636 marc
1101 2598 1207 2648 quod
1229 2597 1281 2633 'ab
1312 2595 1387 2632 alio
1419 2599 1538 2631 vento
1577 2593 1715 2640 fertur,

311 2665 471 2702 omnino
497 2666 692 2714 repellere
721 2666 879 2715 nequit:
911 2666 979 2702 sed
999 2663 1258 2715 propellendo
1286 2666 1325 2698 et
1347 2660 1388 2697 in
1409 2671 1531 2696 unum
1557 2664 1715 2695 contra-

310 2729 465 2776 hendo,
493 2742 670 2779 magnam
693 2732 777 2767 eius
803 2733 885 2769 vim
915 2731 1074 2779 colligit.
1134 2728 1194 2765 42.
1228 2727 1334 2763 Tum
1354 2725 1457 2762 enim
1479 2724 1621 2775 spiritu
1640 2724 1716 2760 hoc

311 2801 516 2845 superato,
555 2795 759 2832 confestim
791 2809 813 2832 a
844 2802 964 2833 vento
991 2796 1144 2844 pulsum
1173 2797 1351 2842 erumpat
1381 2797 1419 2828 et
1443 2789 1616 2827 exundet
1645 2803 1715 2826 nc-
