1774 3198
266 342 359 386 504
479 350 921 390 COMMENTARIUS
951 350 1011 388 IN
1034 350 1435 389 METEOROLOG.

265 462 300 509 §.
322 465 384 500 12.
412 459 457 499 τὸ
473 459 655 510 Αἰγαῖον.
668 481 720 488 --
752 455 874 509 αὐτῆς
897 456 1034 511 χώραν
1061 461 1220 498 inverso
1240 460 1380 498 ordine
1397 461 1445 498 F.
1458 479 1509 488 —-
1530 463 1592 499 De
1613 475 1659 500 re

263 527 481 566 cfr.Probl.
497 526 660 571 XXIII,
676 528 713 562 6.
736 537 776 574 p.
792 529 942 573 932,a:
970 521 990 564 ὃ
1014 523 1057 564 δὲ
1071 522 1230 571 Πόντος
1258 524 1341 565 ἐστὶ
1372 523 1568 577 λιμνώὸης
1596 524 1661 565 διὰ

263 589 308 631 τὸ
337 588 508 636 πολλοὺς
535 588 740 640 ποταμοὺς
763 590 818 635 εἷς
847 587 969 630 αὐτὸν
999 588 1091 644 ῥεῖν.
1120 614 1175 620 —-
1201 592 1434 644 βραδυτῆτα
1461 606 1536 643 pro
1558 593 1661 642 βρα-

260 655 414 707 χύτητα
442 658 587 707 absque
615 670 730 694 sensu
750 659 796 694 Ε.
829 680 878 686 ——
926 655 981 696 ἔτι
1007 671 1082 708 pro
1112 655 1193 696 ἐκεῖ
1214 659 1434 710 recepimus
1462 672 1514 696 ex
1539 660 1588 697 E.
1609 659 1662 697 H.

263 724 313 760 N.
338 728 383 760 A.
404 725 472 761 Er.
503 731 557 750 —-'
606 723 826 761 Articulum
858 729 948 762 ante
974 723 1144 776 Αἰγαῖος
1173 724 1391 763 delevimus
1419 737 1509 761 cum
1537 726 1584 762 E.
1614 725 1661 762 A.

263 789 370 827 Cam.
390 790 458 827 Er.
478 790 520 827 P.
543 787 582 827 S.
602 789 687 827 Cas.
716 789 835 828 Alex.
858 790 928 828 sol.
952 793 1015 838 92,
1035 804 1068 828 a.
1096 812 1150 819 —-
1192 791 1323 828 Etiam
1342 786 1551 828 articulum
1576 795 1666 827 ante

266 851 514 906 Τυρρηνικός
539 856 740 893 omisimus
762 869 851 893 cum
870 857 916 893 F.
938 856 990 894 N.
1022 856 1094 894 cfr.
1115 855 1166 893 ad
1184 858 1220 904 Ι,
1242 860 1285 905 3,
1308 858 1331 894 5
1357 862 1396 894 et
1417 857 1550 907 paullo
1576 861 1665 893 ante

264 922 294 972 ᾗ.
311 925 374 959 10.
390 942 439 948 --
469 922 548 959 Pro
571 918 818 973 Τυρρηνικός
837 922 890 960 Ν.
912 921 1073 960 exhibet
1093 918 1336 974 τυραννικός.
1359 943 1412 949 —
1439 924 1503 960 De
1521 935 1567 980 fe
1590 922 1663 960 cfr.

263 986 490 1025 Straton.
519 987 623 1038 apud
654 986 887 1026 strabon.
913 991 942 1027 I.
963 1002 1004 1039 p.
1024 991 1074 1026 85
1092 988 1144 1025 C:
1173 986 1238 1026 καὶ
1257 985 1566 1039 βραχύτατα
1593 985 1665 1037 μὲν

262 1048 358 1091 εἶναι
384 1049 436 1090 τὰ
463 1051 551 1101 περὶ
578 1050 649 1092 τὸν
678 1050 865 1092 Πόντον·
901 1051 947 1092 τὸ
978 1051 1022 1092 δὲ
1050 1050 1250 1104 Κρητικὸν
1279 1052 1345 1092 καὶ
1373 1050 1572 1092 Σικελικὸν
1602 1051 1666 1091 καὶ

263 1116 456 1171 Σαρδῷον
483 1115 650 1170 πέλαγος
679 1116 838 1172 σφόδρα
855 1117 1004 1168 βαθέα.
1046 1120 1269 1158 Aristotelis
1288 1112 1390 1158 haec⁷
1404 1120 1550 1171 opini0‚
1579 1125 1666 1157 ter-

260 1197 345 1222 ram
364 1197 539 1222 occasum
561 1197 698 1223 versus
728 1185 853 1221 minus
883 1186 1090 1236 minusque
1126 1185 1334 1223 editiorem
1360 1186 1448 1224 fieri
1478 1192 1517 1223 et
1542 1199 1665 1231 mare,

261 1263 338 1300 quo
355 1250 474 1299 magis
498 1263 647 1300 pergas,
679 1249 933 1301 profundius,
961 1251 1152 1301 originem
1173 1251 1280 1288 dedit
1298 1252 1383 1299 isti,
1413 1264 1529 1301 quam
1547 1251 1667 1288 hodie

261 1316 376 1352 etiam
406 1316 567 1365 plurimi
594 1317 846 1365 geologorum
876 1317 1070 1365 retinent,
1098 1317 1295 1368 opinioni,
1327 1318 1456 1354 omnia
1471 1317 1664 1354 montium

259 1381 349 1430 iuga
376 1381 617 1419 occidentem
643 1387 682 1418 et
712 1387 889 1419 austrum
918 1395 1058 1419 versus
1086 1382 1129 1419 in
1158 1383 1337 1433 planities
1367 1383 1488 1420 abire.
1557 1383 1665 1431 Quas

260 1444 532 1495 scholasticae,
571 1460 670 1498 quae
705 1446 836 1484 medio
871 1460 970 1485 aevo
998 1448 1145 1498 viguit,
1182 1445 1453 1499 philosophiae
1482 1448 1665 1498 reliquias

259 1511 417 1567 Alex-f
435 1513 494 1550 ab
523 1512 802 1551 Humboldt
828 1513 969 1552 tollere
990 1519 1150 1551 conatus
1170 1520 1238 1551 est.
1278 1514 1363 1552 Cfr.
1388 1515 1558 1564 Voyage
1581 1526 1665 1551 aux

260 1578 426 1627 regions
447 1579 635 1629 e'quinox.
675 1581 792 1623 Tom.
815 1579 865 1617 ΙΙ.
894 1592 932 1629 p.
954 1583 1047 1617 293.
1088 1601 1143 1607 —
1196 1581 1260 1617 De
1281 1578 1431 1617 Sardoo
1463 1579 1561 1616 mari
1591 1579 1664 1616 cfr.

261 1642 570 1694 Bernhardy
597 1644 647 1682 ad
673 1645 885 1695 Dionys.
915 1645 1111 1696 Perieg.
1138 1658 1180 1683 v.
1203 1648 1269 1684 82.
1298 1659 1333 1696 p.
1355 1645 1444 1683 545.

312 1728 325 1735 *
373 1709 436 1747 14.
455 1709 590 1759 βαθέα
609 1724 684 1762 pm
702 1708 868 1761 βραχέα,
887 1724 1005 1760 supra
1023 1717 1156 1748 tamen
1171 1711 1299 1761 posito
1315 1708 1468 1763 βραχέα
1478 1711 1665 1760 Ὲ.βραχῆ

259 1774 303 1812 in
318 1780 432 1813 textu
452 1782 490 1813 et
507 1777 548 1813 in
567 1777 894 1827 interpretatione
915 1777 1115 1827 Olymp.
1133 1776 1228 1814 Aldi
1248 1778 1316 1817 fol.
1336 1780 1401 1824 29,
1421 1792 1454 1815 a.
1474 1797 1524 1804 —
1552 1778 1667 1815 Mare

262 1846 373 1877 extra
383 1842 566 1878 Herculis
583 1843 782 1880 columnas
801 1855 921 1892 grave
939 1842 1218 1892 remigantibus
1238 1839 1303 1880 διὰ
1318 1839 1387 1880 τὸν
1403 1838 1530 1891 πηλόν
1547 1842 1665 1878 etiam

261 1905 326 1942 alii
354 1905 562 1951 adnotant,
600 1908 725 1945 veluti
754 1907 939 1956 Scylax
967 1908 1120 1956 Peripl.
1148 1897 1258 1945 inits:
1299 1904 1391 1945 Ἀπὸ
1417 1902 1665 1957 εΗρακλείων

262 1971 417 2020 στηλῶν
446 1972 526 2009 τῶν
555 1969 595 2010 ἓν
624 1974 672 2024 τῇ
701 1969 878 2023 Εὐρώπῃ
916 1968 1087 2023 ἐμπόρια
1124 1970 1252 2010 πολλὰ
1281 1970 1569 2023 Καρχηδονίων
1599 1970 1665 2008 καὶ

260 2033 388 2086 πηλός
421 2036 486 2075 καὶ
514 2036 786 2089 πλημμυρίόες
822 2036 887 2076 καὶ
924 2035 1086 2088 πελάγη.
1159 2039 1273 2076 Rus.
1310 2040 1343 2076 F
1356 2043 1444 2075 est.
1486 2037 1516 2072 A
1529 2037 1662 2076 vien.

267 2101 354 2139 Ora
372 2104 569 2141 maritim.
593 2107 669 2141 116
692 2117 772 2154 sqq.
794 2119 802 2141 :

708 2191 760 2196 -
788 2191 843 2197 —-
870 2169 974 2206 haec
996 2169 1171 2206 adibant
1191 2180 1396 2218 aequora.-

487 2236 602 2284 Qu-ae
625 2233 809 2272 Himilco
827 2236 987 2272 Poenus
1004 2235 1203 2271 mensibus
1220 2236 1291 2272 vix
1308 2240 1500 2285 quatuor,

493 2301 547 2337 Ut
565 2303 653 2349 ipse
671 2307 794 2337 semet
815 2314 855 2336 re
871 2300 1075 2348 probasse
1094 2301 1235 2337 retulit

485 2354 814 2415 Enaviganteni,
840 2379 958 2414 posse
984 2367 1214 2403 transmitti
1238 2366 1416 2403 adserit:

486 2427 556 2467 Sic
573 2430 688 2467 nulla
706 2430 789 2466 late
797 2430 952 2479 flabra
966 2432 1200 2479 propellunt
1219 2439 1360 2478 ratem,

488 2497 556 2532 Sic
574 2497 711 2545 segnis
728 2495 872 2543 lzumor
891 2498 1080 2546 aequoris
1093 2498 1217 2547 pigri
1235 2504 1376 2548 stupet.

486 2560 650 2598 Adiioit
670 2570 706 2598 et
727 2562 842 2611 illud,
867 2562 1093 2611 plurimam
1112 2563 1219 2599 inter
1234 2563 1423 2612 gurgites

488 2627 824 2678 Exstat-efueum
842 2635 880 2664 et
901 2641 1022 2677 saepe
1043 2628 1218 2678 virgulti
1238 2629 1322 2665 vice

490 2691 681 2730 Retinere
693 2691 868 2742 puppim

270 2754 355 2794 Cfr.
389 2769 428 2794 v.
464 2760 540 2797 192
569 2770 672 2808 sqq.:
