1820 3158
0 615 3 629 v
0 554 3 593 qv
0 188 7 540 -ss—-ss-—ff—-‹—.--

298 352 357 396 76
404 361 787 403 -p-³⁵6‚b-Bekk·-
850 363 1258 418 LIB.11.GAP.111.
1331 364 1547 408 —p.341,F.
1572 366 1696 401 cas.-

293 468 464 523 εἴπομεν,
496 468 557 511 ὅτι
574 473 654 510 τῶν
679 467 781 510 κατά
809 483 898 511 τινα
922 470 1071 526 χρόνον
1097 468 1332 527 ὑπερβολῶν
1361 474 1573 527 γινομένων
1597 474 1698 517 ὕδα-

290 552 361 584 τος
386 535 499 578 τοῦτ’
531 536 614 576 ἐστι
641 535 687 577 τὸ
718 534 875 588 πάθος,
917 536 1009 579 ἀλλ’
1044 536 1092 578 οὐ
1123 537 1190 578 διὰ
1217 538 1289 592 τὴν
1318 543 1390 581 τοῦ
1418 540 1567 589 παντὸς
1593 541 1697 595 γένε-

237 608 261 643 8
291 615 353 644 σιν
383 603 448 644 καὶ
476 605 556 642 τῶν
583 602 750 654 μορίων.
808 607 847 643 8.
878 604 959 645 Καὶ
988 602 1107 644 πάλιν
1132 603 1172 658 γ’
1199 603 1308 646 ἔσται
1336 605 1592 647 τούναντίον·
1632 609 1696 648 καὶ

289 668 388 710 ὅταν
416 668 586 722 γένηται,
622 670 845 722 ξηρανεῖται
872 669 1013 710 πάλιν
1051 671 1115 711 καὶ
1140 671 1262 712 τοῦθ’
1286 671 1392 712 οὕτω
1423 673 1525 714 κατὰ
1554 672 1697 715 κύκλον

289 734 502 787 ἀναγκαῖον
531 732 590 774 ἀεὶ
615 735 812 785 βαδίζειν·
847 738 1002 786 μᾶλλον
1029 735 1106 790 γὰρ
1137 735 1265 785 οὕτως
1293 737 1454 792 εὔλογον
1481 737 1699 792 ὑπολαβεῖν

286 799 310 853 ἢ
341 800 406 841 διὰ
435 803 564 841 ταῦτα
590 800 661 841 τὸν
693 799 866 855 οὐρανὸν
902 799 997 843 ὅλον
1029 802 1304 853 μεταβάλλειν.
1360 805 1462 847 ἀλλὰ
1499 807 1586 860 περὶ
1624 805 1698 859 μὲν

233 873 256 909 9
286 865 441 909 τούτων
476 867 596 907 πλείω
633 870 705 920 τῆς
742 866 855 915 ἀξίας
894 867 1185 923 ἐνὸιατέτριφεν
1213 866 1234 910 ὃ
1264 869 1394 924 λόγος.
1452 880 1489 913 9.
1519 874 1622 927 Περὶ
1653 873 1697 914 δὲ

285 940 358 988 τῆς
386 932 686 988 ἆλμυρότητος,
731 940 815 981 τοῖς
851 934 925 987 μὲν
962 933 1069 982 ἅπαξ
1105 935 1310 989 γεννήσασι
1348 937 1411 978 καὶ
1441 936 1545 987 ὅλως
1573 938 1697 992 αὐτὴν

283 1005 467 1057 γεννῶσιν
497 999 695 1041 ἀδύνατόν
732 1000 838 1042 ἔστιν
876 998 1060 1055 ἁλμυρὰν
1097 1008 1234 1045 ποιεῖν.
1292 1002 1367 1045 εἶ’τε
1403 1003 1480 1058 γὰρ
1521 1003 1698 1052 ἅπαντος

283 1072 357 1110 τοῦ
389 1065 514 1122 ὑγροῦ
550 1069 621 1108 τοῦ
660 1067 748 1119 περὶ
784 1066 858 1119 τὴν
896 1071 967 1120 γῆν
997 1066 1113 1117 ὄντος
1141 1069 1205 1108 καὶ
1235 1068 1483 1121 ἀναχθέντος
1518 1069 1595 1112 ὕπὸ
1625 1075 1697 1114 τοῦ

283 1133 400 1189 ἡλίου
429 1134 474 1176 τὸ
503 1131 751 1187 ὑπολειφθὲν
777 1133 907 1187 γέγονε
935 1132 1146 1182 θάλαττα,
1180 1133 1255 1175 εἴτ’
1284 1136 1476 1191 ἕνυπῆρχε
1504 1142 1698 1186 τοσοῦτος

279 1201 412 1254 χυμὸς
439 1201 480 1241 ἓν
509 1203 566 1256 τῷ
594 1202 731 1254 πολλῷ
759 1197 877 1240 ὕδατι
906 1201 971 1241 καὶ
1000 1203 1138 1253 γλυκεῖ
1161 1194 1292 1242 διὰτὸ
1312 1205 1592 1256 συμμιχθῆναί
1607 1220 1696 1245 τινα

281 1271 355 1323 γῆν
382 1266 593 1320 τοιαύτην,
631 1264 756 1306 οὐθὲν
785 1259 907 1319 ἧττον
935 1265 1131 1315 ἐλθόντος
1158 1267 1278 1309 πάλιν
1311 1272 1383 1309 τοῦ
1413 1270 1696 1321 ὁίατμίσαντος

280 1332 432 1381 ὕδατος
459 1332 633 1387 ἀνάγκη,
679 1331 768 1373 ἴσου
796 1332 835 1386 γ’
870 1331 985 1380 ὄντος
1012 1337 1085 1374 τοῦ
1114 1332 1310 1386 πλήθους,
1341 1335 1406 1376 καὶ
1435 1334 1480 1376 τὸ
1510 1340 1693 1391 πρῶτον·

231 1399 317 1447 1Οῆ
337 1402 372 1442 εἶ
388 1400 492 1453 μηδὲ
509 1399 555 1440 τὸ
576 1402 749 1453 πρῶτον,
773 1398 874 1452 μηδ’
893 1397 1062 1454 ὕστερον
1081 1397 1264 1455 ἁλμυρὰν
1284 1399 1409 1453 αὐτὴν
1424 1399 1534 1443 εἶναι.
1568 1409 1631 1443 10.
1644 1404 1695 1443 Εἰ

284 1467 328 1508 δὲ
357 1467 422 1508 καὶ
449 1465 496 1507 τὸ
527 1470 686 1520 πρῶτον
715 1465 840 1514 εὐθὺς
868 1460 937 1520 ἦν,
969 1466 1124 1508 λεκτέον
1148 1467 1209 1514 τίς
1237 1463 1261 1519 ἡ
1286 1466 1404 1518 αι’τιά,
1435 1469 1499 1510 καὶ
1521 1467 1606 1521 ἅμα
1627 1468 1692 1509 διὰ

280 1534 323 1574 τί
349 1531 422 1574 οὒκ
451 1534 486 1574 εἷ
515 1533 580 1574 καὶ
610 1530 700 1573 τότε
729 1530 890 1585 ἀνήχθη
923 1533 988 1574 καὶ
1019 1537 1089 1574 νῦν
1117 1532 1257 1586 πάσχει
1286 1533 1424 1576 ταύτό.
1474 1533 1577 1575 ἀλλὰ
1613 1534 1693 1588 μὴν

282 1681 436 1706 causam
477 1667 699 1714 attulimus,
740 1679 823 1703 earn
855 1665 1044 1704 videlicet
1080 1667 1344 1716 affectionem,
1384 1674 1492 1706 certo
1524 1668 1690 1718 quodam

280 1740 462 1785 tempore
482 1733 670 1771 imbrium
690 1738 730 1770 et
748 1745 870 1782 aquae
887 1733 1036 1782 ingenti
1058 1734 1171 1784 copia
1183 1735 1348 1772 excitata
1361 1735 1561 1782 exsistere,
1584 1734 1690 1772 haud

279 1813 379 1839 vero
399 1800 449 1837 ob
467 1799 641 1837 universi
661 1804 699 1835 et
716 1798 888 1848 partium
904 1799 988 1836 eius
1006 1805 1150 1837 ortum.
1180 1803 1218 1838 8.
1232 1801 1293 1838 Ac
1302 1814 1439 1838 rursus
1450 1802 1688 1839 contrarium
1715 1801 1721 1810 “

278 1866 370 1915 fiet,
404 1866 525 1916 idque
547 1878 638 1902 cum
666 1864 812 1912 fuerit,
853 1865 1085 1902 exsiccatum
1117 1878 1256 1903 rursus
1283 1867 1351 1913 iri,
1389 1866 1541 1916 hocque
1569 1867 1688 1904 modo

278 1933 322 1971 in
343 1932 480 1970 orbem
502 1930 721 1969 necessario
743 1929 785 1967 id
810 1943 1044 1969 commeare.
1102 1932 1260 1970 Rationi
1281 1933 1384 1969 enim
1403 1933 1522 1982 magis
1546 1945 1684 1970 conso-

277 2012 374 2037 num
403 2003 463 2036 est
488 1998 541 2035 ita
566 2003 727 2048 putare,
757 2010 872 2048 quam
895 1997 945 2035 ob
966 1996 1062 2034 haec
1081 2003 1209 2042 tqtum
1228 1998 1378 2035 caelum
1401 1998 1558 2036 mutari.
1610 1999 1686 2036 Sed

276 2066 318 2103 iu
336 2064 398 2102 his
420 2063 580 2115 quidem
601 2062 771 2111 diutius,
802 2061 918 2113 quarn
936 2076 1009 2113 par
1030 2070 1132 2111 erat,
1160 2063 1284 2101 oratio
1303 2063 1457 2102 institit.
1508 2068 1544 2103 9.
1568 2065 1688 2113 Quod

275 2138 406 2170 autem
428 2130 478 2168 ad
497 2129 730 2168 salsedinem
750 2129 903 2174 attinet,
931 2129 971 2176 ii,
993 2129 1060 2179 qui
1077 2130 1210 2175 semel,
1241 2135 1309 2167 aut
1329 2130 1491 2167 omnino
1507 2129 1549 2167 id
1569 2143 1689 2180 gene-

274 2204 378 2246 rant,
402 2197 545 2235 salsum
564 2201 736 2233 statuere
757 2208 836 2233 non
857 2201 1034 2246 possunt.
1074 2188 1194 2233 ‘Nam
1213 2209 1283 2233 seu
1302 2196 1427 2244 illius,
1453 2196 1520 2247 qui
1538 2202 1686 2235 terram

274 2264 469 2310 ambibat,
513 2262 657 2300 deiude
684 2276 705 2299 a
726 2263 809 2300 sole
834 2261 1007 2299 sublatus
1028 2268 1107 2308 est,
1146 2261 1324 2300 humoris
1346 2262 1550 2301 residuum
1578 2277 1687 2302 mare

275 2330 485 2368 dicendum
508 2335 589 2374 est,
617 2343 686 2366 seu
704 2334 834 2366 tantus
862 2341 980 2379 sapor
1009 2328 1049 2366 in
1080 2329 1202 2366 multa
1230 2334 1270 2367 et
1288 2328 1395 2367 dulci
1420 2342 1519 2379 aqua
1548 2329 1686 2368 insitus

274 2403 376 2444 erat,
415 2402 580 2447 propter
606 2395 690 2432 talis
715 2394 915 2432 cuiusdam
943 2401 1073 2432 terrae
1094 2394 1400 2442 admixtionem,
1438 2396 1564 2446 ipsum
1588 2408 1708 2445 prom

274 2464 379 2500 secto
406 2474 564 2499 necesse
592 2467 672 2509 est,
708 2474 806 2512 aqua
823 2461 910 2508 illa,
947 2474 1046 2511 quae
1073 2461 1115 2498 in
1143 2474 1335 2512 vaporem
1370 2474 1559 2498 conversa
1588 2466 1683 2509 erat,

272 2541 411 2567 rursus
447 2527 704 2574 adveniente3
742 2541 831 2565 cum
860 2541 933 2579 par
962 2529 1012 2566 sit
1050 2528 1260 2578 quantitas,
1317 2527 1490 2577 primum
1527 2538 1683 2575 quoque

273 2594 416 2633 fuerit:
446 2599 514 2631 aut
529 2594 561 2631 si
580 2607 660 2631 non
681 2594 866 2644 primum,
885 2607 966 2631 non
985 2595 1101 2632 etiam
1123 2600 1212 2644 post
1230 2594 1369 2631 salsum
1389 2604 1472 2628 esse
1487 2591 1680 2629 futurum.

275 2665 338 2699 10.
371 2659 524 2708 Quodsi
552 2672 573 2696 a
591 2659 786 2709 principio
804 2660 901 2708 fuit,
931 2660 1140 2699 dicendum
1160 2666 1262 2707 erat,
1291 2671 1390 2709 quae
1408 2669 1523 2706 pausa
1539 2658 1681 2706 fuerat,

273 2727 468 2776 simulque
502 2725 780 2775 quamobrem,
836 2727 868 2764 si
899 2732 982 2766 tum
1010 2726 1158 2767 sublata
1188 2730 1293 2773 erat,
1330 2723 1436 2762 idem
1465 2737 1570 2762 nunc
1598 2737 1678 2762 non

272 2786 374 2835 fiat(
411 2791 535 2841 Atqui
564 2796 603 2828 et
631 2796 826 2840 quotquot
858 2797 1003 2830 terram
1044 2790 1243 2830 salsedinis
1276 2802 1427 2829 causam
1468 2788 1680 2840 perhibent
