1774 3198
328 310 420 356 592
539 288 982 358 COMMENTARIUs
1007 316 1068 356 IN
1079 317 1491 366 ‚METEOROLOQ

325 431 379 478 11,
399 431 447 466 81
475 425 560 479 (83)
588 427 836 477 navigantes
856 439 1007 478 quoque
1026 439 1108 464 non
1126 425 1255 463 dubia
1276 428 1535 477 coniectura,
1562 431 1713 466 sentire

326 503 463 534 terrae
481 499 625 540 metm,
650 493 736 529 sine
755 492 874 542 flatu
894 493 1178 531 intumescente
1189 492 1328 541 fluctu
1346 492 1492 538 subito,
1519 502 1591 533 aut
1610 508 1714 545 qua-

327 563 452 598 tiente
471 561 588 596 ictos.
616 557 839 595 Intremere
858 571 953 596 vero
975 565 1014 595 et
1031 560 1076 595 in
1092 556 1261 595 navibus
1274 559 1432 607 posita,
1449 572 1714 610 nequequam

327 628 372 663 in
390 623 612 672 aedficds,
639 625 874 674 crepituque
893 625 1205 672 praenuntiare.
1259 624 1452 674 Exempla
1476 629 1602 662 terrae
1627 639 1715 663 mo·-

324 698 437 730 tuum
465 691 507 728 in
533 689 633 726 mari
661 689 959 727 observatorum
986 689 1102 740 plura
1131 689 1329 727 enarravit
1361 689 1646 728 Beckmann
1670 691 1714 728 in

323 758 426 796 libro
438 784 452 803 ,
491 752 553 793 eui
583 755 736 793 titulus:
781 754 1068 804 Physikalisch
1085 777 1107 784 -
1125 753 1433 791 Oekonomische
1469 755 1712 793 Bibliothek.

324 824 418 862 Vol.
444 823 494 861 V.
532 835 572 872 p.
602 823 690 858 328.
745 819 963 859 Addimus:
1005 817 1310 870 Philosophical
1342 822 1574 871 Magazine
1620 820 1712 859 Vol.

324 888 499 929 LXVII.
526 901 567 938 p.
593 887 682 924 148.
715 885 805 924 149.
872 885 1044 924 Sieber
1078 887 1200 923 Reise
1228 885 1336 923 nach.
1363 886 1434 923 der
1452 886 1567 923 Insel
1594 883 1715 924 Creta

322 954 447 1006 (Lips.
464 957 581 992 1823.
600 949 654 1006 8.)
682 952 772 990 Vol.
794 952 826 990 Ι.
851 965 891 1002 p.
911 956 974 990 32.
1014 951 1304 1002 Ehrenberg
1331 952 1413 989 und
1441 951 1714 1003 Hemprich

323 1023 445 1058 Reise
464 1019 594 1056 durch
611 1018 836 1068 Aegypten,
863 1018 1036 1067 Lybien,
1062 1016 1223 1055 Nubien
1241 1017 1328 1055 und
1340 1018 1540 1069 Dongala
1569 1017 1713 1070 (Berol.

327 1089 444 1125 1828.
466 1083 517 1136 4.)
547 1085 634 1122 Vol.
654 1086 684 1122 1.
712 1085 817 1125 Part.
837 1085 870 1122 Ι.
898 1098 936 1135 p.
958 1087 1023 1122 20.
1773 1087 1774 1098 ³

432 1162 482 1200 A.
505 1160 704 1199 Genius
733 1161 855 1196 Noct.
874 1160 1002 1197 Attio.
1032 1162 1087 1208 11,
1118 1163 1170 1198 28
1198 1159 1295 1198 nihn
1315 1160 1388 1197 sibi
1418 1159 1467 1198 de
1483 1161 1604 1199 causis
1630 1166 1714 1198 ter-

321 1243 388 1270 rae
406 1234 583 1266 motuum
603 1231 779 1263 constare
797 1224 1021 1262 affirmavit.
1076 1226 1197 1262 Paulo
1224 1225 1404 1263 disertius
1430 1238 1474 1262 ea
1502 1225 1551 1263 de
1574 1239 1620 1263 re
1642 1238 1714 1263 ex·-
1772 1227 1774 1242 ³

322 1294 454 1348 posuit
482 1291 774 1338 Pausanias,
812 1291 878 1339 qui
905 1290 1006 1338 VII,
1036 1289 1108 1337 24,
1134 1293 1156 1327 6
1185 1303 1268 1340 sqq.
1308 1290 1357 1327 de
1381 1296 1507 1328 terrae
1535 1297 1713 1328 motuum
1772 1318 1774 1324 ,

321 1360 514 1400 indicibus
543 1358 736 1407 signisque
762 1367 899 1405 egem,
938 1361 1147 1405 perpetuos
1173 1356 1318 1393 imbres
1347 1361 1413 1393 aut
1440 1356 1663 1393 diuturnam
1691 1369 1714 1393 e
1771 1348 1774 1398 J

324 1426 521 1466 contrario
541 1422 771 1470 siccitatem,
800 1419 948 1471 tepidas
967 1420 1148 1470 hyemes,
1176 1422 1242 1459 vel
1262 1422 1415 1471 quando
1439 1427 1581 1459 aestate
1606 1421 1713 1469 fiant,
1770 1417 1774 1461 ἶ

323 1494 415 1532 solis
438 1492 575 1529 orbem
597 1488 663 1527 vel
689 1487 852 1538 caligine
871 1485 1083 1524 obductum
1099 1487 1165 1525 vel
1186 1487 1386 1525 incensum
1404 1487 1523 1525 rutilo
1538 1488 1602 1526 vel
1619 1487 1713 1525 sub·
1770 1482 1774 1529 ξ

323 1566 409 1598 atro
438 1557 605 1596 lividum
631 1556 759 1593 calore
785 1558 986 1601 recenset,
1022 1552 1160 1602 quibus
1194 1552 1303 1590 addit
1331 1553 1460 1590 fontes
1490 1552 1713 1602 exsiccatos,

321 1631 535 1665 ventorum
553 1620 736 1667 turbinem,
765 1625 962 1658 astrorum
982 1618 1299 1656 transsilientium
1316 1618 1468 1669 copiam
1477 1616 1515 1669 ³⁶)
1545 1620 1713 1670 aliasque
1772 1624 1774 1673 Α

321 1693 495 1734 flammas
533 1684 605 1740 (τὰ
633 1684 675 1724 δὲ
704 1683 768 1724 καὶ
797 1681 974 1736 ἀστέρων
1002 1680 1124 1735 ὤφθη
1155 1682 1337 1734 σχήματα
1365 1680 1454 1724 οὔτε
1492 1681 1713 1736 ἐγνωσμένα
1766 1693 1774 1735 ¹{g

320 1754 397 1796 ὕπὸ
437 1756 517 1794 τῶν
556 1749 748 1803 πρότερον
793 1749 858 1789 καὶ
891 1746 1065 1800 μεγάλην
1092 1752 1177 1794 τοῖς
1205 1745 1349 1802 ὁρῶσιν
1377 1747 1615 1800 ἐμποιοῦντα
1643 1747 1712 1800 ἴμ-

322 1817 507 1873 πληξιν),
554 1819 778 1870 eruptiones
816 1816 982 1866 denique
1017 1815 1240 1853 densim-um
1279 1828 1330 1853 ex
1363 1821 1470 1854 terra
1506 1814 1711 1854 halituum.

321 1887 476 1928 Deinde
502 1885 611 1923 varia
639 1890 767 1921 terrae
794 1888 971 1919 motuum
1007 1886 1161 1930 genera·
1181 1882 1339 1919 statuit:
1383 1878 1606 1930 ἠπιώτατος
1639 1878 1711 1930 μέν

322 1953 427 1993 ἔστιν
455 1947 585 1989 αὐτῶν
616 1947 810 1997 [σεισμῶν]
835 1967 887 1975 —-
915 1967 969 1973 ——
997 1942 1153 1983 ἐπειδὰν
1182 1941 1283 1994 ὁμοῦ
1311 1947 1360 1996 τῇ
1389 1943 1533 1995 κινήσει
1560 1947 1610 1997 τῇ
1639 1943 1714 1998 ἀρ-
1766 1970 1768 1973 »

322 2015 468 2071 ξαμένῃ
494 2013 540 2055 τὸ
571 2015 728 2066 πρῶτον
757 2010 821 2050 καὶ
848 2012 897 2064 τῇ
915 2010 968 2056 εἷς
995 2007 1038 2048 τὸ
1061 2007 1209 2062 ἔδαφος
1237 2012 1364 2062 τροπῇ
1391 2012 1470 2049 τῶν
1499 2009 1713 2061 οῗκοδομη-
1766 2015 1767 2050 J

321 2082 460 2137 μάτων
489 2079 703 2120 ἀντιστᾶσα
732 2075 888 2116 ἐναντία
917 2077 1066 2128 κίνησις
1091 2074 1256 2128 ἐξεγείρῃ
1282 2073 1333 2114 τὰ
1350 2072 1426 2127 ἤδη
1446 2073 1712 2128 τραπέντα-
1765 2099 1767 2105 ,

321 2173 374 2180 --
402 2145 422 2188 ὅ
454 2145 496 2186 δὲ
523 2144 571 2196 δὴ
601 2141 781 2195 δεύτερος
807 2144 886 2182 τῶν
915 2144 1083 2193 σεισμῶν
1119 2137 1314 2180 ἀπώλειάν
1339 2155 1380 2180 τε
1408 2143 1487 2180 τῶν
1516 2138 1714 2191 ἑτοιμοτέ-

323 2230 405 2269 ρων
434 2211 540 2267 φέρει
570 2210 633 2250 καὶ
663 2207 721 2262 ἐφ’
749 2205 770 2248 ὅ
791 2223 827 2247 τι
858 2205 905 2247 ἂν
931 2206 1037 2261 βάλῃ
1064 2205 1135 2258 τὴν
1164 2203 1312 2260 ὁρμήν,
1344 2205 1542 2246 ἀπέκλινεν
1571 2203 1712 2244 αὐτίκα
1764 2224 1765 2246 ι

320 2285 405 2327 τοῖς
436 2278 476 2324 ἐς
503 2275 733 2329 πολιορκίαν
769 2271 1049 2326 μηχανήμασιν
1085 2269 1254 2324 ὁμοίως·
1297 2270 1365 2312 τὸν
1395 2271 1438 2311 δὲ
1466 2268 1595 2310 αὐτῶν
1623 2268 1712 2309 ὂλε-
1763 2259 1765 2307 f

322 2343 552 2400 θριώτατον
581 2339 726 2396 τοιῷδέ
759 2355 835 2380 τινι
871 2339 1076 2379 ἐθέλουσιν
1114 2336 1295 2389 εἰκάζειν,
1335 2336 1380 2377 τὸ
1411 2334 1520 2383 ἐντός
1546 2338 1616 2375 τοῦ
1642 2334 1712 2374 ἆν-
1762 2328 1765 2350 ⁵

321 2408 493 2466 θρώπου
519 2410 671 2460 πνεῦμα
693 2406 727 2447 εἲ
754 2410 909 2458 συνεχεῖ
929 2407 1084 2460 πυρετῷ
1111 2401 1349 2458 πυκνότερόν
1367 2419 1408 2443 τε
1433 2402 1497 2443 καὶ
1515 2398 1590 2441 ὑπὸ
1611 2403 1711 2440 πολ-
1761 2408 1763 2456 ξ

365 2572 396 2618 *)
421 2573 523 2619 Quod
545 2577 580 2605 et
597 2570 654 2605 alii
680 2570 921 2605 observarunt.
951 2569 1016 2603 cfr.
1039 2568 1216 2602 Gubert
1237 2570 1386 2600 Armate„
1417 2552 1497 2600 νοτ.
1518 2564 1648 2596 LX1x.
1674 2575 1710 2607 p.
1761 2554 1762 2557 ’

410 2631 477 2663 330
491 2639 543 2672 sq.
567 2628 668 2660 Luc.
692 2627 885 2660 Howard
912 2627 1046 2658 climate
1064 2622 1258 2664 ofLondon.
1284 2622 1365 2656 Vol.
1378 2621 1406 2654 1.
1424 2619 1709 2660 Tabl.XXX1X,
1760 2624 1762 2631 ⁸

410 2694 496 2727 quos
527 2681 665 2717 laudavi
693 2680 730 2714 iu
752 2681 860 2714 libro:
900 2682 1003 2715 Ueber
1031 2680 1092 2712 den
1126 2681 1291 2723 Ursprung
1320 2677 1378 2710 der
1401 2675 1617 2715 Fauerkugeln
1644 2673 1712 2707 und
1759 2710 1761 2724 3

409 2741 466 2772 des
488 2738 684 2772 Nordlichis.
707 2747 743 2781 p.
767 2738 823 2770 70.
