<?xml version="1.0" encoding="UTF-8"?>
<!DOCTYPE html PUBLIC "-//W3C//DTD XHTML 1.0 Transitional//EN"
    "http://www.w3.org/TR/xhtml1/DTD/xhtml1-transitional.dtd">
<html xmlns="http://www.w3.org/1999/xhtml" xml:lang="en" lang="en">
 <head>
  <title>
</title>
<meta http-equiv="Content-Type" content="text/html;charset=utf-8" />
  <meta name='ocr-system' content='tesseract 3.04.00' />
  <meta name='ocr-capabilities' content='ocr_page ocr_carea ocr_par ocr_line ocrx_word'/>
</head>
<body>
  <div class='ocr_page' id='page_1' title='image "./meteorologicorum01arisuoft_0088.png"; bbox 0 0 1820 3158; ppageno 0'>
   <div class='ocr_carea' id='block_1_1' title="bbox 324 343 1708 394">
    <p class='ocr_par' dir='ltr' id='par_1_1' title="bbox 324 343 1708 394">
     <span class='ocr_line' id='line_1_1' title="bbox 324 343 1708 394; baseline 0.004 -7"><span class='ocrx_word' id='word_1_1' title='bbox 324 343 386 388; x_wconf 83' lang='lat'><strong>48</strong></span> <span class='ocrx_word' id='word_1_2' title='bbox 433 348 827 394; x_wconf 64' lang='lat' dir='ltr'><strong>—11-249,b-Be¹‹1‹--</strong></span> <span class='ocrx_word' id='word_1_3' title='bbox 883 350 1303 390; x_wconf 85' lang='lat' dir='ltr'>LIB.1.CAP.X111.</span> <span class='ocrx_word' id='word_1_4' title='bbox 1353 347 1708 393; x_wconf 76' lang='lat' dir='ltr'><strong>—-1›·32›5‚G·Cas·-—</strong></span> 
     </span>
    </p>
   </div>
   <div class='ocr_carea' id='block_1_2' title="bbox 259 455 1713 1640">
    <p class='ocr_par' dir='ltr' id='par_1_2' title="bbox 259 455 1713 1640">
     <span class='ocr_line' id='line_1_2' title="bbox 318 455 1707 512; baseline -0.002 -12"><span class='ocrx_word' id='word_1_5' title='bbox 318 476 407 510; x_wconf 85' lang='grc' dir='ltr'><strong><em>νου,</em></strong></span> <span class='ocrx_word' id='word_1_6' title='bbox 438 457 529 500; x_wconf 75' lang='grc' dir='ltr'><strong><em>ἀλλ’</em></strong></span> <span class='ocrx_word' id='word_1_7' title='bbox 555 458 802 512; x_wconf 63' lang='grc' dir='ltr'><strong><em>’ἶιπάρχοντος</em></strong></span> <span class='ocrx_word' id='word_1_8' title='bbox 827 456 975 505; x_wconf 73' lang='grc' dir='ltr'><strong><em>ὕδατος</em></strong></span> <span class='ocrx_word' id='word_1_9' title='bbox 1003 457 1101 498; x_wconf 67' lang='grc' dir='ltr'><strong>καθ’</strong></span> <span class='ocrx_word' id='word_1_10' title='bbox 1134 455 1285 511; x_wconf 69' lang='grc' dir='ltr'><strong><em>ἡμέραν</em></strong></span> <span class='ocrx_word' id='word_1_11' title='bbox 1311 458 1367 510; x_wconf 85' lang='grc' dir='ltr'><strong>μὴ</strong></span> <span class='ocrx_word' id='word_1_12' title='bbox 1396 457 1583 512; x_wconf 77' lang='grc' dir='ltr'><strong><em>τοιαύτην</em></strong></span> <span class='ocrx_word' id='word_1_13' title='bbox 1611 456 1707 500; x_wconf 73' lang='grc' dir='ltr'><strong><em>εἶναι</em></strong></span> 
     </span>
     <span class='ocr_line' id='line_1_3' title="bbox 315 521 1708 580; baseline -0.001 -13"><span class='ocrx_word' id='word_1_14' title='bbox 315 526 386 579; x_wconf 79' lang='grc' dir='ltr'><strong>τὴν</strong></span> <span class='ocrx_word' id='word_1_15' title='bbox 415 524 540 580; x_wconf 68' lang='grc' dir='ltr'><strong><em>ἀρχὴν</em></strong></span> <span class='ocrx_word' id='word_1_16' title='bbox 567 528 646 564; x_wconf 90' lang='grc' dir='ltr'><strong>τῶν</strong></span> <span class='ocrx_word' id='word_1_17' title='bbox 677 527 890 575; x_wconf 83' lang='grc' dir='ltr'><em>ποταμῶν,</em></span> <span class='ocrx_word' id='word_1_18' title='bbox 932 522 1015 565; x_wconf 80' lang='grc' dir='ltr'><strong><em>οἷον</em></strong></span> <span class='ocrx_word' id='word_1_19' title='bbox 1044 521 1120 565; x_wconf 71' lang='grc' dir='ltr'><strong>ὑπὸ</strong></span> <span class='ocrx_word' id='word_1_20' title='bbox 1151 527 1222 577; x_wconf 74' lang='grc' dir='ltr'><strong><em>γῆν</em></strong></span> <span class='ocrx_word' id='word_1_21' title='bbox 1251 525 1391 576; x_wconf 79' lang='grc' dir='ltr'><strong><em>λίμνας</em></strong></span> <span class='ocrx_word' id='word_1_22' title='bbox 1417 523 1527 572; x_wconf 81' lang='grc' dir='ltr'><strong><em>τινὰς</em></strong></span> <span class='ocrx_word' id='word_1_23' title='bbox 1565 523 1708 565; x_wconf 80' lang='grc' dir='ltr'><strong><em>ἀποκε-</em></strong></span> 
     </span>
     <span class='ocr_line' id='line_1_4' title="bbox 315 587 1710 645; baseline -0.001 -13"><span class='ocrx_word' id='word_1_24' title='bbox 315 592 519 645; x_wconf 76' lang='grc' dir='ltr'><strong><em>κριμένας,</em></strong></span> <span class='ocrx_word' id='word_1_25' title='bbox 551 587 734 643; x_wconf 65' lang='grc' dir='ltr'><strong><em>καθάπερ</em></strong></span> <span class='ocrx_word' id='word_1_26' title='bbox 763 589 855 630; x_wconf 67' lang='grc' dir='ltr'><strong><em>ἔνιοι</em></strong></span> <span class='ocrx_word' id='word_1_27' title='bbox 881 589 1076 644; x_wconf 71' lang='grc' dir='ltr'><strong><em>λέγουσιν,</em></strong></span> <span class='ocrx_word' id='word_1_28' title='bbox 1115 589 1206 630; x_wconf 72' lang='grc' dir='ltr'><strong><em>ἀλλ’</em></strong></span> <span class='ocrx_word' id='word_1_29' title='bbox 1236 587 1384 642; x_wconf 79' lang='grc' dir='ltr'><strong><em>ὁμοίως</em></strong></span> <span class='ocrx_word' id='word_1_30' title='bbox 1412 588 1543 643; x_wconf 77' lang='grc' dir='ltr'><strong><em>ὥσπερ</em></strong></span> <span class='ocrx_word' id='word_1_31' title='bbox 1575 590 1640 630; x_wconf 85' lang='grc' dir='ltr'><strong>καὶ</strong></span> <span class='ocrx_word' id='word_1_32' title='bbox 1669 589 1710 630; x_wconf 78' lang='grc' dir='ltr'><strong><em>ἓν</em></strong></span> 
     </span>
     <span class='ocr_line' id='line_1_5' title="bbox 315 653 1710 712; baseline -0.001 -14"><span class='ocrx_word' id='word_1_33' title='bbox 315 660 372 712; x_wconf 74' lang='grc' dir='ltr'><strong><em>τῷ</em></strong></span> <span class='ocrx_word' id='word_1_34' title='bbox 407 654 506 710; x_wconf 68' lang='grc' dir='ltr'><strong><em>’ὑπὲρ</em></strong></span> <span class='ocrx_word' id='word_1_35' title='bbox 540 659 610 709; x_wconf 72' lang='grc' dir='ltr'><strong>γῆς</strong></span> <span class='ocrx_word' id='word_1_36' title='bbox 644 653 756 710; x_wconf 83' lang='grc' dir='ltr'><em>τόπῳ</em></span> <span class='ocrx_word' id='word_1_37' title='bbox 793 657 930 707; x_wconf 82' lang='grc' dir='ltr'><strong><em>μικραὶ</em></strong></span> <span class='ocrx_word' id='word_1_38' title='bbox 966 654 1244 709; x_wconf 79' lang='grc' dir='ltr'><strong><em>συνιστάμεναι</em></strong></span> <span class='ocrx_word' id='word_1_39' title='bbox 1282 654 1459 711; x_wconf 76' lang='grc' dir='ltr'><strong><em>ῥανίδες,</em></strong></span> <span class='ocrx_word' id='word_1_40' title='bbox 1498 656 1565 696; x_wconf 84' lang='grc' dir='ltr'><strong>καὶ</strong></span> <span class='ocrx_word' id='word_1_41' title='bbox 1593 654 1710 696; x_wconf 83' lang='grc' dir='ltr'><strong><em>πάλιν</em></strong></span> 
     </span>
     <span class='ocr_line' id='line_1_6' title="bbox 315 718 1710 776; baseline -0.001 -12"><span class='ocrx_word' id='word_1_42' title='bbox 315 718 431 764; x_wconf 65' lang='grc' dir='ltr'><strong><em>αὗται</em></strong></span> <span class='ocrx_word' id='word_1_43' title='bbox 468 720 639 776; x_wconf 72' lang='grc' dir='ltr'><strong><em>ἑτέραις,</em></strong></span> <span class='ocrx_word' id='word_1_44' title='bbox 687 720 802 768; x_wconf 73' lang='grc' dir='ltr'><strong><em>τέλος</em></strong></span> <span class='ocrx_word' id='word_1_45' title='bbox 839 720 942 773; x_wconf 79' lang='grc' dir='ltr'><strong><em>μετὰ</em></strong></span> <span class='ocrx_word' id='word_1_46' title='bbox 981 720 1167 774; x_wconf 74' lang='grc' dir='ltr'><strong><em>πλήθους</em></strong></span> <span class='ocrx_word' id='word_1_47' title='bbox 1205 723 1431 774; x_wconf 76' lang='grc' dir='ltr'><strong><em>καταβαίνει</em></strong></span> <span class='ocrx_word' id='word_1_48' title='bbox 1465 721 1511 763; x_wconf 84' lang='grc' dir='ltr'><strong><em>τὸ</em></strong></span> <span class='ocrx_word' id='word_1_49' title='bbox 1542 719 1710 774; x_wconf 76' lang='grc' dir='ltr'><strong><em>ὖόμενον</em></strong></span> 
     </span>
     <span class='ocr_line' id='line_1_7' title="bbox 310 786 1711 843; baseline -0.001 -14"><span class='ocrx_word' id='word_1_50' title='bbox 310 788 443 842; x_wconf 68' lang='grc' dir='ltr'><strong><em>ὕδωρ,</em></strong></span> <span class='ocrx_word' id='word_1_51' title='bbox 474 786 579 828; x_wconf 70' lang='grc' dir='ltr'><strong><em>οὕτω</em></strong></span> <span class='ocrx_word' id='word_1_52' title='bbox 608 788 672 828; x_wconf 85' lang='grc' dir='ltr'><strong>καὶ</strong></span> <span class='ocrx_word' id='word_1_53' title='bbox 703 786 744 828; x_wconf 73' lang='grc' dir='ltr'><strong><em>ἓν</em></strong></span> <span class='ocrx_word' id='word_1_54' title='bbox 769 790 819 842; x_wconf 84' lang='grc' dir='ltr'><strong><em>τῇ</em></strong></span> <span class='ocrx_word' id='word_1_55' title='bbox 846 791 895 842; x_wconf 85' lang='grc' dir='ltr'><strong>γῇ</strong></span> <span class='ocrx_word' id='word_1_56' title='bbox 924 787 966 828; x_wconf 74' lang='grc' dir='ltr'><strong>ἐκ</strong></span> <span class='ocrx_word' id='word_1_57' title='bbox 993 790 1144 841; x_wconf 83' lang='grc' dir='ltr'><strong><em>μικρῶν</em></strong></span> <span class='ocrx_word' id='word_1_58' title='bbox 1171 788 1449 839; x_wconf 72' lang='grc' dir='ltr'><strong><em>συλλείβεσθαι</em></strong></span> <span class='ocrx_word' id='word_1_59' title='bbox 1475 788 1522 830; x_wconf 83' lang='grc' dir='ltr'><strong><em>τὸ</em></strong></span> <span class='ocrx_word' id='word_1_60' title='bbox 1552 791 1711 843; x_wconf 88' lang='grc' dir='ltr'><strong><em>πρῶτον</em></strong></span> 
     </span>
     <span class='ocr_line' id='line_1_8' title="bbox 311 850 1711 907; baseline -0.001 -12"><span class='ocrx_word' id='word_1_61' title='bbox 311 856 375 896; x_wconf 86' lang='grc' dir='ltr'><strong>καὶ</strong></span> <span class='ocrx_word' id='word_1_62' title='bbox 404 851 500 895; x_wconf 81' lang='grc' dir='ltr'><strong><em>εἶναι</em></strong></span> <span class='ocrx_word' id='word_1_63' title='bbox 532 851 615 894; x_wconf 80' lang='grc' dir='ltr'><strong><em>οἷον</em></strong></span> <span class='ocrx_word' id='word_1_64' title='bbox 651 852 828 906; x_wconf 76' lang='grc' dir='ltr'><strong><em>πιδώσης</em></strong></span> <span class='ocrx_word' id='word_1_65' title='bbox 867 854 921 900; x_wconf 83' lang='grc' dir='ltr'><strong>εἷς</strong></span> <span class='ocrx_word' id='word_1_66' title='bbox 955 850 995 894; x_wconf 65' lang='grc' dir='ltr'><strong><em>ἓν</em></strong></span> <span class='ocrx_word' id='word_1_67' title='bbox 1023 857 1094 906; x_wconf 79' lang='grc' dir='ltr'><strong><em>τῆς</em></strong></span> <span class='ocrx_word' id='word_1_68' title='bbox 1121 856 1193 907; x_wconf 82' lang='grc' dir='ltr'><strong>γῆς</strong></span> <span class='ocrx_word' id='word_1_69' title='bbox 1219 851 1291 900; x_wconf 83' lang='grc' dir='ltr'><strong><em>τὰς</em></strong></span> <span class='ocrx_word' id='word_1_70' title='bbox 1327 852 1452 907; x_wconf 83' lang='grc' dir='ltr'><strong><em>ἀρχὰς</em></strong></span> <span class='ocrx_word' id='word_1_71' title='bbox 1479 858 1560 896; x_wconf 85' lang='grc' dir='ltr'><strong>τῶν</strong></span> <span class='ocrx_word' id='word_1_72' title='bbox 1586 870 1711 895; x_wconf 88' lang='grc' dir='ltr'><strong><em>ποτα-</em></strong></span> 
     </span>
     <span class='ocr_line' id='line_1_9' title="bbox 261 917 1712 974; baseline -0.002 -12"><span class='ocrx_word' id='word_1_73' title='bbox 261 924 420 974; x_wconf 85' lang='grc' dir='ltr'><strong><em>11μῶν.</em></strong></span> <span class='ocrx_word' id='word_1_74' title='bbox 479 924 544 959; x_wconf 88' lang='grc'><strong>11.</strong></span> <span class='ocrx_word' id='word_1_75' title='bbox 581 920 719 972; x_wconf 87' lang='grc' dir='ltr'><strong>Δηλοῖ</strong></span> <span class='ocrx_word' id='word_1_76' title='bbox 742 918 782 960; x_wconf 76' lang='grc' dir='ltr'><strong>δ’</strong></span> <span class='ocrx_word' id='word_1_77' title='bbox 806 918 903 960; x_wconf 76' lang='grc' dir='ltr'><strong><em>αὐτὸ</em></strong></span> <span class='ocrx_word' id='word_1_78' title='bbox 933 918 978 960; x_wconf 86' lang='grc' dir='ltr'><strong><em>τὸ</em></strong></span> <span class='ocrx_word' id='word_1_79' title='bbox 1009 918 1144 974; x_wconf 66' lang='grc' dir='ltr'><strong><em>ἔργον·</em></strong></span> <span class='ocrx_word' id='word_1_80' title='bbox 1192 918 1228 959; x_wconf 75' lang='grc' dir='ltr'><strong>οἱ</strong></span> <span class='ocrx_word' id='word_1_81' title='bbox 1255 917 1331 973; x_wconf 84' lang='grc' dir='ltr'><strong>γὰρ</strong></span> <span class='ocrx_word' id='word_1_82' title='bbox 1367 918 1440 968; x_wconf 83' lang='grc' dir='ltr'><strong><em>τὰς</em></strong></span> <span class='ocrx_word' id='word_1_83' title='bbox 1464 918 1712 974; x_wconf 75' lang='grc' dir='ltr'><strong><em>ὗδραγωγιάς</em></strong></span> 
     </span>
     <span class='ocr_line' id='line_1_10' title="bbox 311 983 1712 1040; baseline -0.003 -11"><span class='ocrx_word' id='word_1_84' title='bbox 311 990 514 1033; x_wconf 79' lang='grc' dir='ltr'><strong><em>ποιοῦντες</em></strong></span> <span class='ocrx_word' id='word_1_85' title='bbox 539 983 757 1038; x_wconf 72' lang='grc' dir='ltr'><strong><em>ὑπονόμοις</em></strong></span> <span class='ocrx_word' id='word_1_86' title='bbox 783 987 848 1026; x_wconf 87' lang='grc' dir='ltr'><strong>καὶ</strong></span> <span class='ocrx_word' id='word_1_87' title='bbox 877 984 1037 1040; x_wconf 76' lang='grc' dir='ltr'><strong><em>διώρυξι</em></strong></span> <span class='ocrx_word' id='word_1_88' title='bbox 1067 984 1316 1039; x_wconf 77' lang='grc' dir='ltr'><strong><em>συνάγουσιν,</em></strong></span> <span class='ocrx_word' id='word_1_89' title='bbox 1350 983 1480 1040; x_wconf 82' lang='grc' dir='ltr'><strong><em>ὥσπερ</em></strong></span> <span class='ocrx_word' id='word_1_90' title='bbox 1510 984 1558 1026; x_wconf 77' lang='grc' dir='ltr'><strong><em>ἂν</em></strong></span> <span class='ocrx_word' id='word_1_91' title='bbox 1587 984 1712 1026; x_wconf 74' lang='grc' dir='ltr'><strong><em>ἰδιού-</em></strong></span> 
     </span>
     <span class='ocr_line' id='line_1_11' title="bbox 312 1049 1712 1107; baseline -0.001 -13"><span class='ocrx_word' id='word_1_92' title='bbox 312 1068 386 1107; x_wconf 77' lang='grc' dir='ltr'><strong><em>σης</em></strong></span> <span class='ocrx_word' id='word_1_93' title='bbox 413 1057 486 1106; x_wconf 77' lang='grc' dir='ltr'><strong><em>τῆς</em></strong></span> <span class='ocrx_word' id='word_1_94' title='bbox 512 1056 583 1106; x_wconf 80' lang='grc' dir='ltr'><strong>γῆς</strong></span> <span class='ocrx_word' id='word_1_95' title='bbox 611 1051 689 1093; x_wconf 80' lang='grc' dir='ltr'><strong>ἀπὸ</strong></span> <span class='ocrx_word' id='word_1_96' title='bbox 718 1055 798 1093; x_wconf 87' lang='grc' dir='ltr'><strong>τῶν</strong></span> <span class='ocrx_word' id='word_1_97' title='bbox 823 1049 1006 1104; x_wconf 65' lang='grc' dir='ltr'><strong><em>ὑψηλῶν.</em></strong></span> <span class='ocrx_word' id='word_1_98' title='bbox 1063 1050 1124 1092; x_wconf 73' lang='grc' dir='ltr'><strong>διὸ</strong></span> <span class='ocrx_word' id='word_1_99' title='bbox 1154 1051 1219 1092; x_wconf 82' lang='grc' dir='ltr'><strong>καὶ</strong></span> <span class='ocrx_word' id='word_1_100' title='bbox 1248 1050 1298 1091; x_wconf 80' lang='grc' dir='ltr'><strong><em>τὰ</em></strong></span> <span class='ocrx_word' id='word_1_101' title='bbox 1327 1049 1504 1106; x_wconf 76' lang='grc' dir='ltr'><strong><em>ῥεύματα</em></strong></span> <span class='ocrx_word' id='word_1_102' title='bbox 1532 1055 1610 1092; x_wconf 88' lang='grc' dir='ltr'><strong>τῶν</strong></span> <span class='ocrx_word' id='word_1_103' title='bbox 1638 1066 1712 1091; x_wconf 85' lang='grc' dir='ltr'><strong>πο-</strong></span> 
     </span>
     <span class='ocr_line' id='line_1_12' title="bbox 310 1116 1712 1173; baseline -0.003 -12"><span class='ocrx_word' id='word_1_104' title='bbox 310 1124 448 1172; x_wconf 82' lang='grc' dir='ltr'><strong><em>ταμῶν</em></strong></span> <span class='ocrx_word' id='word_1_105' title='bbox 481 1118 524 1158; x_wconf 73' lang='grc' dir='ltr'><strong>ἐκ</strong></span> <span class='ocrx_word' id='word_1_106' title='bbox 551 1121 630 1159; x_wconf 87' lang='grc' dir='ltr'><strong>τῶν</strong></span> <span class='ocrx_word' id='word_1_107' title='bbox 659 1117 764 1172; x_wconf 85' lang='grc' dir='ltr'><strong><em>ὃρῶν</em></strong></span> <span class='ocrx_word' id='word_1_108' title='bbox 788 1119 966 1173; x_wconf 81' lang='grc' dir='ltr'><strong><em>φαίνεται</em></strong></span> <span class='ocrx_word' id='word_1_109' title='bbox 987 1116 1139 1172; x_wconf 74' lang='grc' dir='ltr'><strong><em>ῥέοντα,</em></strong></span> <span class='ocrx_word' id='word_1_110' title='bbox 1168 1117 1232 1158; x_wconf 86' lang='grc' dir='ltr'><strong>καὶ</strong></span> <span class='ocrx_word' id='word_1_111' title='bbox 1252 1120 1427 1157; x_wconf 81' lang='grc' dir='ltr'><strong><em>πλεῖστοι</em></strong></span> <span class='ocrx_word' id='word_1_112' title='bbox 1450 1118 1515 1157; x_wconf 82' lang='grc' dir='ltr'><strong>καὶ</strong></span> <span class='ocrx_word' id='word_1_113' title='bbox 1536 1117 1712 1171; x_wconf 72' lang='grc' dir='ltr'><strong><em>μέγιστοι</em></strong></span> 
     </span>
     <span class='ocr_line' id='line_1_13' title="bbox 312 1180 1713 1239; baseline -0.002 -13"><span class='ocrx_word' id='word_1_114' title='bbox 312 1185 484 1237; x_wconf 83' lang='grc' dir='ltr'><strong><em>ποταμοὶ</em></strong></span> <span class='ocrx_word' id='word_1_115' title='bbox 516 1183 670 1239; x_wconf 73' lang='grc' dir='ltr'><strong><em>ῥέουσιν</em></strong></span> <span class='ocrx_word' id='word_1_116' title='bbox 699 1184 742 1225; x_wconf 69' lang='grc' dir='ltr'><strong>ἐκ</strong></span> <span class='ocrx_word' id='word_1_117' title='bbox 768 1189 850 1225; x_wconf 87' lang='grc' dir='ltr'><strong>τῶν</strong></span> <span class='ocrx_word' id='word_1_118' title='bbox 876 1185 1069 1238; x_wconf 82' lang='grc' dir='ltr'><strong><em>μεγίστων</em></strong></span> <span class='ocrx_word' id='word_1_119' title='bbox 1088 1181 1204 1237; x_wconf 81' lang='grc' dir='ltr'><strong><em>ὀρῶν.</em></strong></span> <span class='ocrx_word' id='word_1_120' title='bbox 1242 1180 1391 1234; x_wconf 75' lang='grc' dir='ltr'><strong><em>ὁμοίως</em></strong></span> <span class='ocrx_word' id='word_1_121' title='bbox 1410 1183 1453 1223; x_wconf 72' lang='grc' dir='ltr'><strong>δὲ</strong></span> <span class='ocrx_word' id='word_1_122' title='bbox 1473 1184 1538 1223; x_wconf 88' lang='grc' dir='ltr'><strong>καὶ</strong></span> <span class='ocrx_word' id='word_1_123' title='bbox 1557 1183 1598 1223; x_wconf 79' lang='grc' dir='ltr'><strong>αἱ</strong></span> <span class='ocrx_word' id='word_1_124' title='bbox 1616 1186 1713 1237; x_wconf 75' lang='grc' dir='ltr'><strong><em>κρῆ-</em></strong></span> 
     </span>
     <span class='ocr_line' id='line_1_14' title="bbox 260 1246 1712 1306; baseline -0.004 -12"><span class='ocrx_word' id='word_1_125' title='bbox 260 1260 384 1294; x_wconf 84' lang='grc' dir='ltr'><strong><em>12ναι</em></strong></span> <span class='ocrx_word' id='word_1_126' title='bbox 413 1251 453 1292; x_wconf 76' lang='grc' dir='ltr'><strong>αἱ</strong></span> <span class='ocrx_word' id='word_1_127' title='bbox 482 1254 659 1291; x_wconf 79' lang='grc' dir='ltr'><strong><em>πλεῖσται</em></strong></span> <span class='ocrx_word' id='word_1_128' title='bbox 688 1250 795 1306; x_wconf 76' lang='grc' dir='ltr'><strong><em>ὄρεσι</em></strong></span> <span class='ocrx_word' id='word_1_129' title='bbox 823 1252 888 1291; x_wconf 85' lang='grc' dir='ltr'><strong>καὶ</strong></span> <span class='ocrx_word' id='word_1_130' title='bbox 915 1250 1053 1297; x_wconf 84' lang='grc' dir='ltr'><strong><em>τόποις</em></strong></span> <span class='ocrx_word' id='word_1_131' title='bbox 1077 1246 1251 1302; x_wconf 75' lang='grc' dir='ltr'><strong><em>ὖψηλοῖς</em></strong></span> <span class='ocrx_word' id='word_1_132' title='bbox 1272 1252 1498 1302; x_wconf 86' lang='grc' dir='ltr'><strong><em>γειτνιῶσιν.</em></strong></span> <span class='ocrx_word' id='word_1_133' title='bbox 1557 1255 1622 1290; x_wconf 89' lang='grc'><strong>12.</strong></span> <span class='ocrx_word' id='word_1_134' title='bbox 1645 1248 1712 1288; x_wconf 85' lang='grc' dir='ltr'><strong><em>Ἔν</em></strong></span> 
     </span>
     <span class='ocr_line' id='line_1_15' title="bbox 312 1313 1710 1369; baseline -0.004 -9"><span class='ocrx_word' id='word_1_135' title='bbox 312 1319 356 1360; x_wconf 77' lang='grc' dir='ltr'><strong>δὲ</strong></span> <span class='ocrx_word' id='word_1_136' title='bbox 383 1324 466 1365; x_wconf 78' lang='grc' dir='ltr'><strong><em>τοῖς</em></strong></span> <span class='ocrx_word' id='word_1_137' title='bbox 492 1317 641 1365; x_wconf 73' lang='grc' dir='ltr'><strong><em>πεδίοις</em></strong></span> <span class='ocrx_word' id='word_1_138' title='bbox 670 1316 761 1358; x_wconf 71' lang='grc' dir='ltr'><strong><em>ἄνευ</em></strong></span> <span class='ocrx_word' id='word_1_139' title='bbox 790 1320 980 1369; x_wconf 81' lang='grc' dir='ltr'><strong><em>ποταμῶν</em></strong></span> <span class='ocrx_word' id='word_1_140' title='bbox 1009 1314 1136 1369; x_wconf 80' lang='grc' dir='ltr'><strong><em>ὀλίγαι</em></strong></span> <span class='ocrx_word' id='word_1_141' title='bbox 1164 1315 1336 1369; x_wconf 89' lang='grc' dir='ltr'><strong><em>γίνονται</em></strong></span> <span class='ocrx_word' id='word_1_142' title='bbox 1365 1313 1544 1368; x_wconf 80' lang='grc' dir='ltr'><strong><em>πάμπαν.</em></strong></span> <span class='ocrx_word' id='word_1_143' title='bbox 1582 1314 1620 1354; x_wconf 83' lang='grc' dir='ltr'><strong>οἶ</strong></span> <span class='ocrx_word' id='word_1_144' title='bbox 1635 1313 1710 1368; x_wconf 83' lang='grc' dir='ltr'><strong>γὰρ</strong></span> 
     </span>
     <span class='ocr_line' id='line_1_16' title="bbox 312 1379 1710 1439; baseline -0.004 -12"><span class='ocrx_word' id='word_1_145' title='bbox 312 1385 454 1439; x_wconf 80' lang='grc' dir='ltr'><strong><em>ὀρεινοὶ</em></strong></span> <span class='ocrx_word' id='word_1_146' title='bbox 483 1385 546 1424; x_wconf 84' lang='grc' dir='ltr'><strong>καὶ</strong></span> <span class='ocrx_word' id='word_1_147' title='bbox 574 1381 725 1436; x_wconf 62' lang='grc' dir='ltr'><strong><em>ὑψηλοὶ</em></strong></span> <span class='ocrx_word' id='word_1_148' title='bbox 750 1382 878 1433; x_wconf 84' lang='grc' dir='ltr'><strong><em>τόποι,</em></strong></span> <span class='ocrx_word' id='word_1_149' title='bbox 910 1379 993 1423; x_wconf 79' lang='grc' dir='ltr'><strong><em>οἷον</em></strong></span> <span class='ocrx_word' id='word_1_150' title='bbox 1022 1380 1191 1435; x_wconf 77' lang='grc' dir='ltr'><strong><em>σπόγγος</em></strong></span> <span class='ocrx_word' id='word_1_151' title='bbox 1219 1381 1366 1429; x_wconf 83' lang='grc' dir='ltr'><strong><em>πυκνὸς</em></strong></span> <span class='ocrx_word' id='word_1_152' title='bbox 1392 1379 1710 1435; x_wconf 74' lang='grc' dir='ltr'><strong><em>ἐπικρεμάμενος,</em></strong></span> 
     </span>
     <span class='ocr_line' id='line_1_17' title="bbox 313 1445 1712 1505; baseline -0.004 -13"><span class='ocrx_word' id='word_1_153' title='bbox 313 1450 415 1492; x_wconf 78' lang='grc' dir='ltr'><strong><em>κατὰ</em></strong></span> <span class='ocrx_word' id='word_1_154' title='bbox 442 1449 565 1505; x_wconf 84' lang='grc' dir='ltr'><strong><em>μικρὰ</em></strong></span> <span class='ocrx_word' id='word_1_155' title='bbox 591 1450 666 1502; x_wconf 76' lang='grc' dir='ltr'><strong><em>μὲν</em></strong></span> <span class='ocrx_word' id='word_1_156' title='bbox 693 1452 873 1503; x_wconf 78' lang='grc' dir='ltr'><strong><em>πολλαχῇ</em></strong></span> <span class='ocrx_word' id='word_1_157' title='bbox 902 1447 945 1489; x_wconf 78' lang='grc' dir='ltr'><strong>δὲ</strong></span> <span class='ocrx_word' id='word_1_158' title='bbox 974 1449 1185 1488; x_wconf 76' lang='grc' dir='ltr'><strong><em>διαπιὸῶσι</em></strong></span> <span class='ocrx_word' id='word_1_159' title='bbox 1219 1448 1283 1488; x_wconf 84' lang='grc' dir='ltr'><strong>καὶ</strong></span> <span class='ocrx_word' id='word_1_160' title='bbox 1314 1449 1562 1499; x_wconf 73' lang='grc' dir='ltr'><strong><em>συλλείβουσι</em></strong></span> <span class='ocrx_word' id='word_1_161' title='bbox 1589 1446 1635 1487; x_wconf 85' lang='grc' dir='ltr'><strong><em>τὸ</em></strong></span> <span class='ocrx_word' id='word_1_162' title='bbox 1664 1445 1712 1486; x_wconf 72' lang='grc' dir='ltr'><strong>’ἱᾶ-</strong></span> 
     </span>
     <span class='ocr_line' id='line_1_18' title="bbox 259 1511 1713 1572; baseline -0.005 -13"><span class='ocrx_word' id='word_1_163' title='bbox 259 1524 308 1559; x_wconf 79' lang='grc'><strong>13</strong></span> <span class='ocrx_word' id='word_1_164' title='bbox 321 1519 418 1572; x_wconf 77' lang='grc' dir='ltr'><strong><em>δωρ.</em></strong></span> <span class='ocrx_word' id='word_1_165' title='bbox 477 1522 542 1557; x_wconf 85' lang='grc'><strong>13.</strong></span> <span class='ocrx_word' id='word_1_166' title='bbox 573 1515 773 1567; x_wconf 75' lang='grc' dir='ltr'><strong><em>Δέχονταί</em></strong></span> <span class='ocrx_word' id='word_1_167' title='bbox 787 1531 828 1555; x_wconf 86' lang='grc' dir='ltr'><strong><em>τε</em></strong></span> <span class='ocrx_word' id='word_1_168' title='bbox 848 1513 922 1568; x_wconf 78' lang='grc' dir='ltr'><strong>γὰρ</strong></span> <span class='ocrx_word' id='word_1_169' title='bbox 943 1517 1016 1554; x_wconf 81' lang='grc' dir='ltr'><strong><em>τοῦ</em></strong></span> <span class='ocrx_word' id='word_1_170' title='bbox 1035 1511 1241 1561; x_wconf 86' lang='grc' dir='ltr'><strong><em>κατιόντος</em></strong></span> <span class='ocrx_word' id='word_1_171' title='bbox 1267 1512 1416 1561; x_wconf 74' lang='grc' dir='ltr'><strong><em>ὕδατος</em></strong></span> <span class='ocrx_word' id='word_1_172' title='bbox 1434 1512 1535 1553; x_wconf 80' lang='grc' dir='ltr'><strong><em>πολὺ</em></strong></span> <span class='ocrx_word' id='word_1_173' title='bbox 1555 1515 1713 1565; x_wconf 73' lang='grc' dir='ltr'><strong><em>πλῆθος</em></strong></span> 
     </span>
     <span class='ocr_line' id='line_1_19' title="bbox 312 1577 1712 1640; baseline -0.004 -16"><span class='ocrx_word' id='word_1_174' title='bbox 312 1585 369 1640; x_wconf 84' lang='grc' dir='ltr'><strong>(τί</strong></span> <span class='ocrx_word' id='word_1_175' title='bbox 396 1582 470 1637; x_wconf 76' lang='grc' dir='ltr'><strong>γὰρ</strong></span> <span class='ocrx_word' id='word_1_176' title='bbox 500 1581 677 1636; x_wconf 68' lang='grc' dir='ltr'><strong><em>διαφέρει</em></strong></span> <span class='ocrx_word' id='word_1_177' title='bbox 705 1583 841 1634; x_wconf 82' lang='grc' dir='ltr'><strong><em>κοίλην</em></strong></span> <span class='ocrx_word' id='word_1_178' title='bbox 879 1581 943 1621; x_wconf 83' lang='grc' dir='ltr'><strong>καὶ</strong></span> <span class='ocrx_word' id='word_1_179' title='bbox 976 1577 1118 1620; x_wconf 57' lang='lat' dir='ltr'><strong>‘batim</strong></span> <span class='ocrx_word' id='word_1_180' title='bbox 1146 1578 1170 1633; x_wconf 77' lang='grc' dir='ltr'><strong><em>ἢ</em></strong></span> <span class='ocrx_word' id='word_1_181' title='bbox 1202 1583 1332 1634; x_wconf 79' lang='grc' dir='ltr'><strong><em>πρηνῆ</em></strong></span> <span class='ocrx_word' id='word_1_182' title='bbox 1361 1579 1434 1632; x_wconf 74' lang='grc' dir='ltr'><strong>τὴν</strong></span> <span class='ocrx_word' id='word_1_183' title='bbox 1464 1578 1712 1634; x_wconf 69' lang='grc' dir='ltr'><strong><em>περιφέρειαν</em></strong></span> 
     </span>
    </p>
   </div>
   <div class='ocr_carea' id='block_1_3' title="bbox 308 1713 1713 2820">
    <p class='ocr_par' dir='ltr' id='par_1_3' title="bbox 308 1713 1713 2820">
     <span class='ocr_line' id='line_1_20' title="bbox 311 1713 1713 1766; baseline -0.004 -10"><span class='ocrx_word' id='word_1_184' title='bbox 311 1719 435 1756; x_wconf 84' lang='lat' dir='ltr'><strong>tinuo.</strong></span> <span class='ocrx_word' id='word_1_185' title='bbox 493 1719 558 1753; x_wconf 88' lang='grc'><strong>10.</strong></span> <span class='ocrx_word' id='word_1_186' title='bbox 590 1716 631 1753; x_wconf 91' lang='lat' dir='ltr'><strong>Si</strong></span> <span class='ocrx_word' id='word_1_187' title='bbox 651 1721 856 1766; x_wconf 83' lang='lat' dir='ltr'><strong>praeterea</strong></span> <span class='ocrx_word' id='word_1_188' title='bbox 885 1727 983 1764; x_wconf 85' lang='lat' dir='ltr'><strong>aqua</strong></span> <span class='ocrx_word' id='word_1_189' title='bbox 1011 1726 1092 1750; x_wconf 86' lang='lat' dir='ltr'><strong>non</strong></span> <span class='ocrx_word' id='word_1_190' title='bbox 1121 1713 1165 1751; x_wconf 84' lang='lat' dir='ltr'><strong>fit</strong></span> <span class='ocrx_word' id='word_1_191' title='bbox 1183 1713 1225 1751; x_wconf 89' lang='lat' dir='ltr'><strong>in</strong></span> <span class='ocrx_word' id='word_1_192' title='bbox 1245 1714 1349 1759; x_wconf 85' lang='lat' dir='ltr'><strong>dies,</strong></span> <span class='ocrx_word' id='word_1_193' title='bbox 1379 1713 1448 1751; x_wconf 85' lang='lat' dir='ltr'><strong>sed</strong></span> <span class='ocrx_word' id='word_1_194' title='bbox 1470 1714 1548 1751; x_wconf 86' lang='lat' dir='ltr'><strong>iam</strong></span> <span class='ocrx_word' id='word_1_195' title='bbox 1575 1719 1713 1761; x_wconf 83' lang='lat' dir='ltr'><strong>exstat,</strong></span> 
     </span>
     <span class='ocr_line' id='line_1_21' title="bbox 309 1780 1711 1830; baseline -0.004 -8"><span class='ocrx_word' id='word_1_196' title='bbox 309 1785 465 1822; x_wconf 88' lang='lat' dir='ltr'><strong>nullum</strong></span> <span class='ocrx_word' id='word_1_197' title='bbox 485 1795 568 1819; x_wconf 87' lang='lat' dir='ltr'><strong>esse</strong></span> <span class='ocrx_word' id='word_1_198' title='bbox 586 1783 662 1819; x_wconf 88' lang='lat' dir='ltr'><strong>tale</strong></span> <span class='ocrx_word' id='word_1_199' title='bbox 679 1781 893 1820; x_wconf 89' lang='lat' dir='ltr'><strong>fluviorum</strong></span> <span class='ocrx_word' id='word_1_200' title='bbox 913 1780 1167 1830; x_wconf 88' lang='lat' dir='ltr'><strong>principium,</strong></span> <span class='ocrx_word' id='word_1_201' title='bbox 1188 1780 1317 1830; x_wconf 86' lang='lat' dir='ltr'><strong>quales</strong></span> <span class='ocrx_word' id='word_1_202' title='bbox 1338 1787 1506 1817; x_wconf 84' lang='lat' dir='ltr'><strong>secretos</strong></span> <span class='ocrx_word' id='word_1_203' title='bbox 1525 1780 1711 1830; x_wconf 83' lang='lat' dir='ltr'><strong>quosdam</strong></span> 
     </span>
     <span class='ocr_line' id='line_1_22' title="bbox 311 1844 1711 1898; baseline -0.005 -10"><span class='ocrx_word' id='word_1_204' title='bbox 311 1852 415 1889; x_wconf 83' lang='lat' dir='ltr'><strong>lacus</strong></span> <span class='ocrx_word' id='word_1_205' title='bbox 444 1847 738 1895; x_wconf 82' lang='lat' dir='ltr'><strong>subterraneos,</strong></span> <span class='ocrx_word' id='word_1_206' title='bbox 775 1844 1107 1898; x_wconf 79' lang='lat' dir='ltr'><strong>quemadmodum</strong></span> <span class='ocrx_word' id='word_1_207' title='bbox 1135 1845 1316 1882; x_wconf 86' lang='lat' dir='ltr'>nonnulli</span> <span class='ocrx_word' id='word_1_208' title='bbox 1343 1845 1585 1882; x_wconf 85' lang='lat' dir='ltr'><strong>contendunt</strong></span> <span class='ocrx_word' id='word_1_209' title='bbox 1595 1859 1606 1893; x_wconf 90' lang='lat'>;</span> <span class='ocrx_word' id='word_1_210' title='bbox 1643 1844 1711 1882; x_wconf 88' lang='lat' dir='ltr'><strong>sed</strong></span> 
     </span>
     <span class='ocr_line' id='line_1_23' title="bbox 310 1913 1712 1963; baseline -0.005 -9"><span class='ocrx_word' id='word_1_211' title='bbox 310 1915 436 1955; x_wconf 90' lang='lat' dir='ltr'><strong>veluti</strong></span> <span class='ocrx_word' id='word_1_212' title='bbox 458 1925 574 1963; x_wconf 85' lang='lat' dir='ltr'><strong>supra</strong></span> <span class='ocrx_word' id='word_1_213' title='bbox 602 1918 748 1949; x_wconf 82' lang='lat' dir='ltr'><strong>terram</strong></span> <span class='ocrx_word' id='word_1_214' title='bbox 780 1913 941 1962; x_wconf 80' lang='lat' dir='ltr'>exiguae</span> <span class='ocrx_word' id='word_1_215' title='bbox 967 1916 1098 1961; x_wconf 84' lang='lat' dir='ltr'><strong>guttae</strong></span> <span class='ocrx_word' id='word_1_216' title='bbox 1126 1916 1379 1948; x_wconf 89' lang='lat' dir='ltr'><strong>concrescunt</strong></span> <span class='ocrx_word' id='word_1_217' title='bbox 1405 1924 1548 1961; x_wconf 88' lang='lat' dir='ltr'><strong>eaeque</strong></span> <span class='ocrx_word' id='word_1_218' title='bbox 1575 1924 1712 1948; x_wconf 85' lang='lat' dir='ltr'><strong>rursus</strong></span> 
     </span>
     <span class='ocr_line' id='line_1_24' title="bbox 312 1975 1710 2028; baseline -0.006 -8"><span class='ocrx_word' id='word_1_219' title='bbox 312 1986 455 2020; x_wconf 69' lang='lat' dir='ltr'><strong>coeunt</strong></span> <span class='ocrx_word' id='word_1_220' title='bbox 474 1992 562 2016; x_wconf 89' lang='lat' dir='ltr'><strong>cum</strong></span> <span class='ocrx_word' id='word_1_221' title='bbox 579 1978 684 2025; x_wconf 89' lang='lat' dir='ltr'><strong>aliis,</strong></span> <span class='ocrx_word' id='word_1_222' title='bbox 711 1984 756 2015; x_wconf 90' lang='lat' dir='ltr'><strong>ut</strong></span> <span class='ocrx_word' id='word_1_223' title='bbox 776 1978 943 2028; x_wconf 87' lang='lat' dir='ltr'><strong>denique</strong></span> <span class='ocrx_word' id='word_1_224' title='bbox 960 1978 1063 2026; x_wconf 85' lang='lat' dir='ltr'><strong>larga</strong></span> <span class='ocrx_word' id='word_1_225' title='bbox 1082 1976 1193 2027; x_wconf 85' lang='lat' dir='ltr'><strong>copia</strong></span> <span class='ocrx_word' id='word_1_226' title='bbox 1212 1990 1333 2027; x_wconf 85' lang='lat' dir='ltr'><strong>aquae</strong></span> <span class='ocrx_word' id='word_1_227' title='bbox 1349 1975 1476 2013; x_wconf 85' lang='lat' dir='ltr'>imbre</span> <span class='ocrx_word' id='word_1_228' title='bbox 1493 1976 1710 2024; x_wconf 80' lang='lat' dir='ltr'><strong>descendat,</strong></span> 
     </span>
     <span class='ocr_line' id='line_1_25' title="bbox 310 2042 1712 2094; baseline -0.006 -7"><span class='ocrx_word' id='word_1_229' title='bbox 310 2050 365 2087; x_wconf 80' lang='lat' dir='ltr'><strong>ita</strong></span> <span class='ocrx_word' id='word_1_230' title='bbox 395 2048 511 2084; x_wconf 86' lang='lat' dir='ltr'><strong>etiam</strong></span> <span class='ocrx_word' id='word_1_231' title='bbox 536 2045 579 2082; x_wconf 90' lang='lat' dir='ltr'><strong>in</strong></span> <span class='ocrx_word' id='word_1_232' title='bbox 598 2050 703 2082; x_wconf 85' lang='lat' dir='ltr'><strong>terra</strong></span> <span class='ocrx_word' id='word_1_233' title='bbox 725 2057 775 2080; x_wconf 84' lang='lat' dir='ltr'><strong>ex</strong></span> <span class='ocrx_word' id='word_1_234' title='bbox 799 2044 932 2094; x_wconf 85' lang='lat' dir='ltr'><strong>parvis</strong></span> <span class='ocrx_word' id='word_1_235' title='bbox 962 2044 1136 2094; x_wconf 89' lang='lat' dir='ltr'><strong>primum</strong></span> <span class='ocrx_word' id='word_1_236' title='bbox 1162 2043 1288 2093; x_wconf 81' lang='lat' dir='ltr'>colligi</span> <span class='ocrx_word' id='word_1_237' title='bbox 1313 2055 1357 2079; x_wconf 88' lang='lat' dir='ltr'><strong>ac</strong></span> <span class='ocrx_word' id='word_1_238' title='bbox 1385 2042 1599 2079; x_wconf 88' lang='lat' dir='ltr'><strong>fluviorum</strong></span> <span class='ocrx_word' id='word_1_239' title='bbox 1629 2055 1712 2079; x_wconf 86' lang='lat' dir='ltr'><strong>esse</strong></span> 
     </span>
     <span class='ocr_line' id='line_1_26' title="bbox 310 2108 1711 2167; baseline -0.006 -15"><span class='ocrx_word' id='word_1_240' title='bbox 310 2113 524 2167; x_wconf 86' lang='lat' dir='ltr'><strong>principia,</strong></span> <span class='ocrx_word' id='word_1_241' title='bbox 562 2117 670 2148; x_wconf 87' lang='lat' dir='ltr'><strong>terra</strong></span> <span class='ocrx_word' id='word_1_242' title='bbox 694 2115 892 2160; x_wconf 82' lang='lat' dir='ltr'><strong>tamquam</strong></span> <span class='ocrx_word' id='word_1_243' title='bbox 919 2110 961 2147; x_wconf 89' lang='lat' dir='ltr'><strong>in</strong></span> <span class='ocrx_word' id='word_1_244' title='bbox 989 2123 1111 2146; x_wconf 86' lang='lat' dir='ltr'><strong>unum</strong></span> <span class='ocrx_word' id='word_1_245' title='bbox 1138 2109 1320 2147; x_wconf 81' lang='lat' dir='ltr'><strong>stillante.</strong></span> <span class='ocrx_word' id='word_1_246' title='bbox 1381 2112 1443 2146; x_wconf 88' lang='lat'><strong>11.</strong></span> <span class='ocrx_word' id='word_1_247' title='bbox 1472 2108 1552 2145; x_wconf 90' lang='lat' dir='ltr'><strong>Res</strong></span> <span class='ocrx_word' id='word_1_248' title='bbox 1579 2114 1711 2145; x_wconf 87' lang='lat' dir='ltr'><strong>autem</strong></span> 
     </span>
     <span class='ocr_line' id='line_1_27' title="bbox 309 2175 1712 2233; baseline -0.006 -14"><span class='ocrx_word' id='word_1_249' title='bbox 309 2183 393 2233; x_wconf 86' lang='lat' dir='ltr'><strong>ipsa</strong></span> <span class='ocrx_word' id='word_1_250' title='bbox 411 2179 486 2216; x_wconf 89' lang='lat' dir='ltr'><strong>hoc</strong></span> <span class='ocrx_word' id='word_1_251' title='bbox 504 2176 663 2215; x_wconf 88' lang='lat' dir='ltr'><strong>indicat.</strong></span> <span class='ocrx_word' id='word_1_252' title='bbox 689 2177 769 2225; x_wconf 88' lang='lat' dir='ltr'><strong>Qui</strong></span> <span class='ocrx_word' id='word_1_253' title='bbox 788 2177 891 2213; x_wconf 85' lang='lat' dir='ltr'><strong>enim</strong></span> <span class='ocrx_word' id='word_1_254' title='bbox 910 2175 1172 2225; x_wconf 84' lang='lat' dir='ltr'><strong>aquaeductus</strong></span> <span class='ocrx_word' id='word_1_255' title='bbox 1190 2175 1348 2222; x_wconf 82' lang='lat' dir='ltr'><strong>faciunt,</strong></span> <span class='ocrx_word' id='word_1_256' title='bbox 1372 2180 1607 2224; x_wconf 86' lang='lat' dir='ltr'><strong>congregant</strong></span> <span class='ocrx_word' id='word_1_257' title='bbox 1626 2187 1712 2211; x_wconf 87' lang='lat' dir='ltr'><strong>eam</strong></span> 
     </span>
     <span class='ocr_line' id='line_1_28' title="bbox 309 2241 1712 2291; baseline -0.004 -7"><span class='ocrx_word' id='word_1_258' title='bbox 309 2245 496 2285; x_wconf 82' lang='lat' dir='ltr'><strong>cuniculis</strong></span> <span class='ocrx_word' id='word_1_259' title='bbox 518 2249 557 2281; x_wconf 86' lang='lat' dir='ltr'><strong>et</strong></span> <span class='ocrx_word' id='word_1_260' title='bbox 577 2243 888 2290; x_wconf 80' lang='lat' dir='ltr'><strong>suffossionibus,</strong></span> <span class='ocrx_word' id='word_1_261' title='bbox 917 2248 1024 2280; x_wconf 83' lang='lat' dir='ltr'><strong>terra</strong></span> <span class='ocrx_word' id='word_1_262' title='bbox 1039 2241 1086 2278; x_wconf 87' lang='lat' dir='ltr'><strong>ab</strong></span> <span class='ocrx_word' id='word_1_263' title='bbox 1108 2241 1269 2278; x_wconf 80' lang='lat' dir='ltr'><strong>excelsis</strong></span> <span class='ocrx_word' id='word_1_264' title='bbox 1289 2241 1396 2291; x_wconf 85' lang='lat' dir='ltr'><strong>quasi</strong></span> <span class='ocrx_word' id='word_1_265' title='bbox 1412 2241 1598 2278; x_wconf 85' lang='lat' dir='ltr'><strong>sudorem</strong></span> <span class='ocrx_word' id='word_1_266' title='bbox 1618 2242 1712 2278; x_wconf 87' lang='lat' dir='ltr'><strong>mit-</strong></span> 
     </span>
     <span class='ocr_line' id='line_1_29' title="bbox 308 2307 1713 2360; baseline -0.005 -9"><span class='ocrx_word' id='word_1_267' title='bbox 308 2319 430 2351; x_wconf 86' lang='lat' dir='ltr'><strong>tente.</strong></span> <span class='ocrx_word' id='word_1_268' title='bbox 481 2310 748 2360; x_wconf 86' lang='lat' dir='ltr'><strong>Quamobrem</strong></span> <span class='ocrx_word' id='word_1_269' title='bbox 768 2308 975 2346; x_wconf 87' lang='lat' dir='ltr'><strong>fluminum</strong></span> <span class='ocrx_word' id='word_1_270' title='bbox 995 2307 1127 2345; x_wconf 84' lang='lat' dir='ltr'><strong>fluxus</strong></span> <span class='ocrx_word' id='word_1_271' title='bbox 1147 2318 1197 2344; x_wconf 77' lang='lat' dir='ltr'><strong>ex</strong></span> <span class='ocrx_word' id='word_1_272' title='bbox 1215 2307 1412 2344; x_wconf 89' lang='lat' dir='ltr'><strong>montibus</strong></span> <span class='ocrx_word' id='word_1_273' title='bbox 1433 2307 1622 2345; x_wconf 86' lang='lat' dir='ltr'><strong>videntur</strong></span> <span class='ocrx_word' id='word_1_274' title='bbox 1641 2307 1713 2344; x_wconf 88' lang='lat' dir='ltr'><strong>de-</strong></span> 
     </span>
     <span class='ocr_line' id='line_1_30' title="bbox 309 2372 1710 2423; baseline -0.006 -7"><span class='ocrx_word' id='word_1_275' title='bbox 309 2378 388 2417; x_wconf 88' lang='lat' dir='ltr'><strong>labi</strong></span> <span class='ocrx_word' id='word_1_276' title='bbox 406 2384 445 2415; x_wconf 90' lang='lat' dir='ltr'><strong>et</strong></span> <span class='ocrx_word' id='word_1_277' title='bbox 458 2378 627 2414; x_wconf 82' lang='lat' dir='ltr'><strong>maxima</strong></span> <span class='ocrx_word' id='word_1_278' title='bbox 642 2375 806 2413; x_wconf 87' lang='lat' dir='ltr'><strong>flumina</strong></span> <span class='ocrx_word' id='word_1_279' title='bbox 823 2388 873 2412; x_wconf 82' lang='lat' dir='ltr'><strong>ex</strong></span> <span class='ocrx_word' id='word_1_280' title='bbox 890 2374 1070 2411; x_wconf 80' lang='lat' dir='ltr'><strong>maximis</strong></span> <span class='ocrx_word' id='word_1_281' title='bbox 1086 2373 1184 2423; x_wconf 87' lang='lat' dir='ltr'><strong>iugis</strong></span> <span class='ocrx_word' id='word_1_282' title='bbox 1197 2372 1387 2410; x_wconf 85' lang='lat' dir='ltr'><strong>defluunt.</strong></span> <span class='ocrx_word' id='word_1_283' title='bbox 1419 2372 1571 2410; x_wconf 89' lang='lat' dir='ltr'><strong>Eodem</strong></span> <span class='ocrx_word' id='word_1_284' title='bbox 1591 2372 1710 2409; x_wconf 90' lang='lat' dir='ltr'><strong>modo</strong></span> 
     </span>
     <span class='ocr_line' id='line_1_31' title="bbox 312 2438 1710 2493; baseline -0.008 -9"><span class='ocrx_word' id='word_1_285' title='bbox 312 2447 428 2484; x_wconf 90' lang='lat' dir='ltr'><strong>etiam</strong></span> <span class='ocrx_word' id='word_1_286' title='bbox 449 2445 575 2483; x_wconf 86' lang='lat' dir='ltr'><strong>fontes</strong></span> <span class='ocrx_word' id='word_1_287' title='bbox 595 2442 755 2493; x_wconf 84' lang='lat' dir='ltr'><strong>plurimi</strong></span> <span class='ocrx_word' id='word_1_288' title='bbox 774 2441 971 2478; x_wconf 89' lang='lat' dir='ltr'><strong>montibus</strong></span> <span class='ocrx_word' id='word_1_289' title='bbox 993 2439 1233 2489; x_wconf 87' lang='lat' dir='ltr'><strong>excelsisque</strong></span> <span class='ocrx_word' id='word_1_290' title='bbox 1262 2438 1357 2476; x_wconf 82' lang='lat' dir='ltr'><strong>locis</strong></span> <span class='ocrx_word' id='word_1_291' title='bbox 1377 2438 1586 2488; x_wconf 85' lang='lat' dir='ltr'><strong>propinqui</strong></span> <span class='ocrx_word' id='word_1_292' title='bbox 1607 2444 1710 2482; x_wconf 74' lang='lat' dir='ltr'><strong>sunt,</strong></span> 
     </span>
     <span class='ocr_line' id='line_1_32' title="bbox 310 2502 1709 2561; baseline -0.008 -12"><span class='ocrx_word' id='word_1_293' title='bbox 310 2513 352 2549; x_wconf 87' lang='lat' dir='ltr'><strong>in</strong></span> <span class='ocrx_word' id='word_1_294' title='bbox 382 2511 540 2561; x_wconf 81' lang='lat' dir='ltr'><strong>planitie</strong></span> <span class='ocrx_word' id='word_1_295' title='bbox 565 2522 662 2546; x_wconf 90' lang='lat' dir='ltr'><strong>vero</strong></span> <span class='ocrx_word' id='word_1_296' title='bbox 691 2520 972 2558; x_wconf 85' lang='lat' dir='ltr'><strong>saepenumero</strong></span> <span class='ocrx_word' id='word_1_297' title='bbox 1007 2506 1265 2543; x_wconf 87' lang='lat' dir='ltr'><strong>inveniuntur</strong></span> <span class='ocrx_word' id='word_1_298' title='bbox 1299 2505 1446 2553; x_wconf 86' lang='lat' dir='ltr'><strong>absque</strong></span> <span class='ocrx_word' id='word_1_299' title='bbox 1472 2502 1709 2539; x_wconf 81' lang='lat' dir='ltr'><strong>fluminibus.</strong></span> 
     </span>
     <span class='ocr_line' id='line_1_33' title="bbox 314 2568 1709 2621; baseline -0.006 -7"><span class='ocrx_word' id='word_1_300' title='bbox 314 2581 375 2616; x_wconf 81' lang='grc'><strong>12.</strong></span> <span class='ocrx_word' id='word_1_301' title='bbox 394 2578 578 2615; x_wconf 90' lang='lat' dir='ltr'><strong>Montosa</strong></span> <span class='ocrx_word' id='word_1_302' title='bbox 597 2574 699 2610; x_wconf 87' lang='lat' dir='ltr'><strong>enim</strong></span> <span class='ocrx_word' id='word_1_303' title='bbox 720 2580 762 2610; x_wconf 88' lang='lat' dir='ltr'><strong>et</strong></span> <span class='ocrx_word' id='word_1_304' title='bbox 779 2573 883 2610; x_wconf 86' lang='lat' dir='ltr'><strong>edita</strong></span> <span class='ocrx_word' id='word_1_305' title='bbox 899 2573 998 2620; x_wconf 82' lang='lat' dir='ltr'><strong>loca,</strong></span> <span class='ocrx_word' id='word_1_306' title='bbox 1020 2571 1128 2621; x_wconf 88' lang='lat' dir='ltr'><strong>quasi</strong></span> <span class='ocrx_word' id='word_1_307' title='bbox 1146 2571 1305 2621; x_wconf 77' lang='lat' dir='ltr'><strong>spongia</strong></span> <span class='ocrx_word' id='word_1_308' title='bbox 1327 2581 1510 2618; x_wconf 83' lang='lat' dir='ltr'><strong>suspensa</strong></span> <span class='ocrx_word' id='word_1_309' title='bbox 1525 2568 1709 2618; x_wconf 85' lang='lat' dir='ltr'><strong>paulatim</strong></span> 
     </span>
     <span class='ocr_line' id='line_1_34' title="bbox 312 2635 1711 2694; baseline -0.008 -13"><span class='ocrx_word' id='word_1_310' title='bbox 312 2642 469 2694; x_wconf 87' lang='lat' dir='ltr'><strong>quidem</strong></span> <span class='ocrx_word' id='word_1_311' title='bbox 489 2640 557 2678; x_wconf 87' lang='lat' dir='ltr'><strong>sed</strong></span> <span class='ocrx_word' id='word_1_312' title='bbox 576 2639 708 2676; x_wconf 79' lang='lat' dir='ltr'><strong>multis</strong></span> <span class='ocrx_word' id='word_1_313' title='bbox 728 2639 768 2677; x_wconf 89' lang='lat' dir='ltr'><strong>in</strong></span> <span class='ocrx_word' id='word_1_314' title='bbox 783 2640 879 2676; x_wconf 88' lang='lat' dir='ltr'><strong>locis</strong></span> <span class='ocrx_word' id='word_1_315' title='bbox 894 2640 1040 2677; x_wconf 81' lang='lat' dir='ltr'><strong>stillant</strong></span> <span class='ocrx_word' id='word_1_316' title='bbox 1059 2643 1098 2675; x_wconf 86' lang='lat' dir='ltr'><strong>et</strong></span> <span class='ocrx_word' id='word_1_317' title='bbox 1114 2637 1301 2686; x_wconf 86' lang='lat' dir='ltr'><strong>colligunt</strong></span> <span class='ocrx_word' id='word_1_318' title='bbox 1319 2646 1472 2684; x_wconf 84' lang='lat' dir='ltr'><strong>aquam.</strong></span> <span class='ocrx_word' id='word_1_319' title='bbox 1533 2637 1597 2671; x_wconf 85' lang='lat'><strong>13.</strong></span> <span class='ocrx_word' id='word_1_320' title='bbox 1627 2635 1711 2671; x_wconf 82' lang='lat' dir='ltr'><strong>Re-</strong></span> 
     </span>
     <span class='ocr_line' id='line_1_35' title="bbox 311 2698 1711 2760; baseline -0.008 -13"><span class='ocrx_word' id='word_1_321' title='bbox 311 2709 462 2760; x_wconf 87' lang='lat' dir='ltr'><strong>cipiunt</strong></span> <span class='ocrx_word' id='word_1_322' title='bbox 476 2706 579 2744; x_wconf 87' lang='lat' dir='ltr'><strong>enim</strong></span> <span class='ocrx_word' id='word_1_323' title='bbox 599 2704 814 2742; x_wconf 85' lang='lat' dir='ltr'><strong>delabentis</strong></span> <span class='ocrx_word' id='word_1_324' title='bbox 830 2717 953 2753; x_wconf 87' lang='lat' dir='ltr'><strong>aquae</strong></span> <span class='ocrx_word' id='word_1_325' title='bbox 972 2716 1149 2753; x_wconf 84' lang='lat' dir='ltr'><strong>magnam</strong></span> <span class='ocrx_word' id='word_1_326' title='bbox 1168 2701 1318 2752; x_wconf 88' lang='lat' dir='ltr'><strong>copiam</strong></span> <span class='ocrx_word' id='word_1_327' title='bbox 1334 2698 1444 2750; x_wconf 83' lang='lat' dir='ltr'><strong>(quid</strong></span> <span class='ocrx_word' id='word_1_328' title='bbox 1462 2699 1568 2736; x_wconf 89' lang='lat' dir='ltr'><strong>enim</strong></span> <span class='ocrx_word' id='word_1_329' title='bbox 1584 2700 1711 2737; x_wconf 84' lang='lat' dir='ltr'><strong>refert</strong></span> 
     </span>
     <span class='ocr_line' id='line_1_36' title="bbox 310 2766 1709 2820; baseline -0.009 -7"><span class='ocrx_word' id='word_1_330' title='bbox 310 2787 479 2814; x_wconf 85' lang='lat' dir='ltr'><strong>cavusne</strong></span> <span class='ocrx_word' id='word_1_331' title='bbox 502 2773 552 2810; x_wconf 90' lang='lat' dir='ltr'><strong>sit</strong></span> <span class='ocrx_word' id='word_1_332' title='bbox 573 2770 790 2820; x_wconf 74' lang='lat' dir='ltr'><strong>etsupinus</strong></span> <span class='ocrx_word' id='word_1_333' title='bbox 816 2783 864 2807; x_wconf 89' lang='lat' dir='ltr'><strong>an</strong></span> <span class='ocrx_word' id='word_1_334' title='bbox 891 2782 1039 2820; x_wconf 86' lang='lat' dir='ltr'><strong>pronus</strong></span> <span class='ocrx_word' id='word_1_335' title='bbox 1061 2768 1226 2806; x_wconf 83' lang='lat' dir='ltr'><strong>ambitus</strong></span> <span class='ocrx_word' id='word_1_336' title='bbox 1245 2773 1283 2804; x_wconf 88' lang='lat' dir='ltr'><strong>et</strong></span> <span class='ocrx_word' id='word_1_337' title='bbox 1303 2766 1510 2804; x_wconf 76' lang='lat' dir='ltr'><strong>devexus?</strong></span> <span class='ocrx_word' id='word_1_338' title='bbox 1542 2770 1709 2814; x_wconf 88' lang='lat' dir='ltr'><strong>utroque</strong></span> 
     </span>
    </p>
   </div>
  </div>
 </body>
</html>
