1774 3198
318 358 412 401 660
627 363 900 420 ADDENDA
930 363 1002 401 ET
1033 361 1410 400 CORRIGENDA.

405 473 558 514 vocatis,
581 472 618 505 in
640 473 760 507 eadem
785 477 868 505 nota
891 483 925 515 p.
941 473 996 513 30,
1019 471 1189 504 Lucret.
1213 470 1275 513 V1,
1297 470 1365 503 738
1387 480 1464 514 sqq.
1496 468 1649 503 Galen.
1674 473 1713 503 de

407 542 466 562 usu
492 535 579 571 part.
605 527 686 570 VII,
708 529 743 562 8.
770 539 804 571 p.
823 526 898 562 540.
942 525 1176 560 Posterior-em
1200 526 1316 558 locum
1341 524 1404 567 iis,
1441 535 1527 568 quos
1549 524 1616 568 ipsi
1641 527 1715 558 lau-

408 583 579 627 davimus,
605 583 764 627 apposuit
778 582 1002 616 amicissimus
1016 581 1100 615 mihi
1119 582 1369 624 Sophocles
1393 581 1443 614 ab
1461 581 1715 615 Oeconomo

409 641 548 683 Specim.
571 640 737 682 patholog.
760 642 904 680 general.
928 644 1027 670 veter.
1053 639 1171 671 Graec.
1201 637 1330 680 (Berol.
1345 638 1442 672 1833.
1453 633 1503 678 8.)
1525 648 1559 679 p·
1571 638 1628 670 81.

321 706 354 737 p.
368 693 445 728 484.
472 713 489 720 -
515 696 550 729 9.
572 714 617 720 -
643 693 716 728 cfr.
733 695 833 736 Phys.
857 692 921 735 111,
945 695 976 730 1.
1001 704 1036 736 p.
1049 693 1162 734 2oo,b
1185 703 1235 735 sq.
1259 697 1294 725 et
1319 690 1453 725 Comm.
1471 691 1515 726 ad
1529 691 1593 734 IV,
1609 693 1642 734 1,
1661 688 1715 724 14.

322 769 337 775 —
358 748 438 783 484.
463 750 489 783 l.
513 748 570 783 24.
597 765 639 773 -—
663 747 755 783 Vide
779 748 938 784 Addend.
962 749 1004 781 ad
1027 759 1063 791 p.
1087 750 1166 781 261.
1190 748 1212 780 l.
1235 749 1292 781 29.

323 824 338 830 -
359 802 438 842 487.
464 805 490 838 l.
513 805 549 839 9.
573 823 619 830 -
650 805 718 838 Pro
745 803 979 838 Caeterum
1008 805 1086 849 lege
1110 804 1361 836 Praeterea.

322 877 339 885 -
362 858 442 893 493.
465 879 483 887 -
506 861 561 894 16.
588 879 633 887 -
660 860 754 905 Lege
778 856 976 904 ἔπιρρὺσεις.

323 933 341 940 -
363 913 442 949 495.
464 919 536 948 not.
561 932 603 939 —
638 916 775 948 Nollem
797 920 868 947 tam
890 913 1103 948 confidenter
1128 911 1281 954 dixisse,
1321 916 1418 946 extra
1454 922 1591 945 omnem
1622 910 1719 944 dubi-

386 992 388 994 *
409 968 575 1002 tationem
601 970 749 1013 positum
772 968 905 1011 videri,
941 968 1165 1002 Aristotelem
1190 968 1297 1001 libros
1321 968 1363 1000 de
1387 966 1510 1010 plantis
1533 966 1719 1009 scripsisse.

409 1020 559 1064 Etenim,
584 1025 741 1069 quamvis
765 1037 811 1059 ex
834 1023 1007 1059 sexcentis
1030 1034 1173 1067 operum
1194 1022 1496 1059 Aristotelicorum
1518 1021 1604 1055 locis
1630 1032 1720 1064 pro-

408 1081 484 1114 bari
506 1081 625 1124 possit,
652 1082 861 1125 philosopho
884 1080 922 1113 in
945 1079 1097 1114 consiliis
1114 1079 1234 1121 fuisse,
1259 1079 1385 1111 librum
1408 1079 1450 1112 de
1474 1077 1597 1121 plantis
1624 1087 1720 1110 com-

410 1145 556 1178 ponere,
583 1143 715 1170 certum
736 1142 851 1170 tamen
873 1141 935 1177 est,
960 1135 1028 1168 iam
1054 1134 1295 1169 Ciceronis
1319 1139 1428 1167 aetate
1451 1134 1518 1166 tale
1537 1142 1625 1176 opus
1648 1143 1721 1164 am-

410 1191 501 1232 plius
525 1201 597 1223 non
624 1191 810 1230 exstitisse,
837 1191 929 1232 quod
952 1195 1045 1232 patet
1072 1200 1117 1223 ex
1139 1191 1221 1223 loco
1247 1192 1288 1223 de
1306 1191 1402 1231 finib.
1423 1190 1469 1231 V,
1486 1187 1520 1230 4,
1546 1191 1607 1221 1οε
1633 1189 1722 1220 Per-

409 1251 536 1277 secutus
569 1251 614 1277 est
646 1248 836 1276 Aristoteles
869 1246 1077 1276 animantium
1112 1247 1249 1277 omnium
1286 1252 1391 1284 orius,
1426 1246 1548 1286 victus,
1577 1244 1720 1284 figuras.

412 1300 654 1342 Theophrastus
678 1305 783 1330 autem
806 1300 950 1340 stirpium
973 1303 1126 1338 naturas,
1159 1301 1358 1341 omniumque
1374 1297 1450 1337 sere
1475 1310 1602 1339 rerum,
1637 1309 1721 1341 quae

411 1366 428 1387 e
450 1361 539 1387 terra
560 1356 774 1396 gignerentur,
799 1365 914 1386 causas
938 1359 1033 1396 atque
1058 1355 1196 1384 rationes
1209 1366 1220 1394 ‚-
1247 1364 1311 1395 qua
1330 1364 1371 1384 ex
1395 1355 1569 1393 cognitione
1584 1351 1722 1392 facilior·

404 1408 503 1450 facta
526 1417 571 1443 est
595 1411 793 1450 investigatio
820 1421 925 1441 rerum
949 1410 1245 1441 occultissimarum.
1290 1406 1447 1448 Vereor,
1480 1412 1642 1440 nevaetas
1668 1406 1721 1439 in-

409 1475 617 1510 gravescens
640 1470 702 1514 aut
716 1463 791 1507 ipsa
812 1474 907 1497 mors
923 1462 1146 1496 Aristotelem
1166 1460 1397 1504 impediverit,
1419 1470 1489 1503 quo
1507 1461 1619 1494 minus
1641 1472 1721 1504 pro-

408 1519 522 1553 missis
554 1526 681 1563 staret,
721 1519 871 1563 ideoque
900 1518 1057 1561 suspicor
1090 1518 1384 1560 Theophrastrum
1421 1516 1572 1561 magistri
1606 1522 1720 1559 partes

411 1576 617 1620 suscepisse.
668 1575 760 1610 Vide
792 1573 1088 1616 dissertationem,
1126 1584 1227 1616 quam
1250 1571 1496 1614 commentario
1527 1572 1564 1604 in
1593 1571 1720 1605 librum

410 1638 569 1675 quartum
594 1631 844 1676 praemisimus.

322 1706 340 1713 -
362 1685 430 1722 496
454 1689 478 1724 l.
501 1686 537 1722 4.
560 1707 605 1713 —
630 1688 732 1732 Quod
758 1698 803 1720 ne
827 1685 973 1729 antiquis
996 1684 1154 1731 ignotum
1178 1682 1286 1716 fuisse
1310 1693 1470 1723 censeas,
1499 1682 1564 1719 cfr.
1589 1682 1674 1716 Ges
1685 1693 1720 1716 s-

409 1753 490 1777 ner
517 1744 560 1777 ad
583 1742 736 1777 Cassii
757 1744 915 1775 Problem.
939 1742 993 1776 63.
1020 1754 1053 1785 p.
1071 1741 1175 1783 65,b.
1201 1738 1337 1784 (Tigur.
1362 1738 1459 1772 1562.
1482 1737 1546 1780 8.).

321 1818 336 1823 -
359 1796 436 1832 496.
461 1800 486 1832 1.
510 1801 545 1832 8.
573 1817 615 1825 -—
641 1798 732 1843 Quid
758 1796 969 1831 intellexerit
990 1796 1217 1837 Aristoteles,
1244 1806 1320 1828 cum
1343 1791 1422 1828 τούς
1445 1794 1527 1835 περί
1545 1790 1608 1826 τὰς
1634 1793 1719 1826 θεο-

409 1851 528 1897 λογίας
549 1851 794 1897 διατρίβοντας
820 1852 951 1886 Oceani
977 1853 1093 1886 fontes
1117 1850 1276 1884 statuisse
1299 1849 1507 1892 perhiberet,
1530 1848 1634 1891 quive
1652 1848 1720 1880 sint

408 1907 460 1940 illi
483 1907 651 1953 theologi,
679 1909 790 1940 elucet
813 1907 1016 1950 comparatis
1038 1906 1155 1941 verbis
1181 1906 1333 1946 Metaph.
1356 1903 1410 1946 β’,
1433 1903 1467 1936 4.
1498 1915 1531 1946 p.
1557 1905 1655 1945 1000,
1680 1914 1717 1936 a:

410 1959 446 1995 οἱ
462 1962 528 2005 μὲν
546 1957 609 1996 οὖν
631 1964 710 2002 περὶ
730 1957 891 1995 Ἡσίοδον
912 1965 972 1994 καὶ
993 1961 1120 1994 πάντες
1142 1954 1217 1992 ὅσοι
1240 1955 1404 2002 θεολόγοι
1427 1955 1532 2000 μόνον
1558 1953 1720 2001 ἐφρόντι-

409 2028 475 2050 σαν
496 2014 560 2051 τοῦ
587 2013 748 2051 πιθανοῦ
774 2013 833 2049 τοῦ
855 2013 944 2059 πρὸς
968 2012 1112 2056 αὐτ-οὖς,
1145 2010 1244 2057 ἡμῶν
1270 2008 1307 2046 δ’
1333 2008 1573 2056 ὠλιγώρησαν·
1613 2011 1719 2046 θεοὺς

410 2069 476 2116 γάρ
497 2068 673 2105 ποιοῦντες
695 2068 756 2105 τοῖς
781 2068 889 2114 α’ρχοὶς
913 2075 972 2104 καὶ
995 2070 1032 2103 ἐκ
1055 2066 1151 2103 θεῶν
1174 2067 1355 2113 γεγονέναι
1377 2063 1421 2100 τὰ
1448 2064 1498 2109 μὴ
1522 2065 1718 2110 γευσάμενα

410 2123 474 2160 τοῦ
495 2126 655 2169 νέκταρος
676 2129 736 2159 καὶ
758 2124 819 2169 τῆς
842 2122 1034 2171 ἀμβροσίας
1056 2122 1173 2168 θνητοὶ
1198 2123 1366 2168 γενέσθαι
1389 2122 1514 2164 φασίν,
1544 2118 1649 2164 δῆλον
1672 2118 1719 2156 οἷς

410 2178 522 2215 ταῦτα
543 2178 588 2215 τοὶ
611 2178 770 2223 ὀνόματα
792 2177 952 2226 γνώριμα
974 2178 1128 2224 λέγοντες
1151 2175 1275 2213 uitare.
1298 2178 1412 2210 καίτοι
1435 2179 1514 2219 περὶ
1537 2172 1637 2218 αὐτῆς
1658 2173 1718 2217 τῆς

410 2233 608 2280 προσφοραῖς
630 2234 699 2269 τῶν
722 2233 844 2270 αἰτίων
868 2231 1002 2269 τοῧτων
1033 2230 1118 2277 §usp
1151 2230 1244 2277 ἡμᾶς
1276 2228 1466 2275 εἰρήκασιν.
1508 2227 1541 2263 εἷ
1560 2231 1626 2274 μὲν
1649 2229 1715 2274 γάρ

411 2291 516 2337 χάριν
541 2287 664 2333 ἧὸονῆς
685 2285 803 2324 adron
826 2287 1069 2334 θιγγάνουσιν,
1092 2286 1200 2323 οὐθὲν
1227 2286 1326 2321 αἴτια
1348 2282 1406 2321 τοῦ
1427 2284 1539 2326 εἶναι,
1571 2282 1644 2318 πῶς
1670 2281 1718 2318 (ἲν

410 2346 480 2381 εἶεν
511 2341 619 2380 &wem
643 2341 803 2388 δεόμενοι
829 2343 981 2388 τροφῆςς
1016 2342 1111 2378 daza?
1133 2347 1212 2387 πὲρὶ
1233 2343 1299 2386 μὲν
1321 2340 1393 2375 τῶν
1424 2337 1586 2384 μυθικοῖς
1620 2351 1718 2382 σοφι-

408 2401 559 2444 ζομένων
587 2397 651 2434 ουίι
676 2397 777 2440 ἄξιον
801 2397 892 2443 pastu?
912 2397 1057 2440 σπουδῆς
1084 2399 1248 2432 σκοπεῖν·
1278 2394 1375 2441 παραὶ
1399 2397 1438 2431 δὲ
1462 2393 1532 2429 τῶν
1558 2391 1602 2429 δι’
1629 2390 1717 2427 oino-

411 2455 542 2496 δείξεως
566 2452 741 2499 λεγόντων
763 2453 817 2488 δεῖ
835 2452 1089 2487 πυνθάνεσθαι
1113 2450 1347 2498 διερωτῶντας
1368 2454 1404 2486 τι·
1425 2449 1467 2494 δή
1488 2446 1563 2484 ποτ’
1587 2448 1624 2483 ἐκ
1646 2446 1717 2482 ταῖν

411 2507 527 2544 αὐτῶν
555 2506 640 2544 ὄντα
668 2507 715 2543 τοὶ
746 2510 810 2552 μὲν
844 2504 942 2542 οἷΐὸια
971 2505 1036 2552 τὴν
1064 2505 1163 2551 φύσιν
1187 2509 1280 2551 ἔστι,
1315 2504 1360 2540 τὰ
1385 2505 1420 2541 δὲ
1441 2505 1625 2548 φθείρεται
1648 2500 1716 2535 τῶν

409 2562 532 2600 ὅντων.
576 2564 682 2599 Hisce
706 2564 876 2610 theologis
900 2568 1121 2607 opponuntur
1154 2560 1190 2596 οἱ
1216 2566 1294 2607 περὶ
1323 2557 1450 2606 φύσεως
1483 2560 1632 2602 Metaph.
1659 2556 1715 2602 β’,

408 2619 442 2654 4.
467 2631 500 2664 p.
514 2622 612 2662 1001,
626 2631 656 2654 a.
679 2619 723 2664 γ’,
746 2619 778 2653 4.
803 2632 838 2663 p.
853 2621 952 2661 1006,
969 2630 1001 2652 a.
1023 2615 1223 2661 φυσιολόγοι
1246 2619 1287 2650 de
1307 2621 1396 2650 caelo
1419 2614 1466 2658 11,
1479 2614 1533 2648 14.
1554 2615 1712 2656 p.297,a.

408 2677 449 2708 de
471 2683 558 2718 part.
587 2678 717 2709 animal·
741 2676 779 2717 I,
807 2679 837 2709 1.
864 2686 896 2718 p·
921 2673 999 2716 641,
1023 2684 1053 2708 a.
1087 2675 1239 2716 Metaph.
1265 2670 1310 2715 α’,
1334 2672 1364 2706 5.
1400 2683 1434 2715 p.
1455 2672 1532 2711 986,
1545 2669 1579 2701 b·
1610 2664 1657 2710 α’,
1681 2670 1714 2702 9.

408 2742 442 2772 p.
466 2733 543 2772 992,
560 2731 593 2765 b.
626 2733 667 2764 de
689 2744 771 2764 sens.
794 2730 827 2765 4.
853 2741 888 2773 p.
911 2724 990 2772 442,
1010 2739 1042 2766 a.
1080 2725 1358 2773 φυσιολογοῦντες
1378 2725 1526 2766 Metaph.
1550 2720 1596 2766 α’,
1611 2725 1646 2757 8.
1677 2734 1712 2766 p.

409 2786 485 2825 988,
498 2787 531 2818 b.
557 2782 864 2830 φυσιολογῆσαντες
886 2786 927 2818 ‹le
942 2788 1030 2817 caelo
1055 2784 1128 2825 111,
1155 2787 1185 2816 1.
1211 2795 1245 2826 p.
1269 2782 1392 2824 298‚b.
1418 2775 1715 2821 φιλοσοφήσαντες
