1812 3158
452 378 675 420 LIBRUM
703 376 946 418 PRIMUM.
1006 376 1124 417 cAP.
1150 377 1227 416 111.
1466 368 1562 412 343

116 496 212 535 dine
241 495 319 535 aitt
358 496 447 540 τοῖς
472 490 550 545 μὲν
579 483 653 532 οὖν
683 489 797 531 δοκεῖ
818 491 893 530 τοῦ
919 486 1090 538 πάθους
1123 487 1255 531 αἶ’τιον
1283 484 1383 530 εἶναι
1411 484 1562 530 τούτου

114 562 182 604 καὶ
211 564 285 615 τῆς
311 559 521 618 γενέσεως,
565 555 666 600 ὅταν
696 556 877 613 ἂπωσθῇ
904 555 952 599 τὸ
980 557 1105 613 νέφος
1134 558 1191 607 εἷς
1218 555 1292 598 τὸν
1320 554 1407 598 ἅνω
1434 553 1563 597 τόπον

113 631 317 684 μᾶλλον
357 626 456 671 ὄντα
491 624 701 682 ψυχρὸν
734 624 803 667 διὰ
830 625 878 668 τὸ
908 623 1041 680 λήγειν
1068 626 1153 667 ἐκεῖ
1174 624 1250 674 τὰς
1277 623 1359 666 ἀπὸ
1386 627 1461 678 τῆς
1487 626 1563 678 γῆς

114 701 196 739 τῶν
225 695 398 738 ἀκτίνων
425 693 690 744 ἀνακλάσεις,
733 692 861 736 ἐλθὸν
897 692 940 735 δ’
975 693 1060 735 ἐκεῖ
1092 693 1330 749 πήγνυσθαι
1357 690 1405 735 τὸ
1431 691 1560 747 ὕδωρ.

113 791 171 797 -
192 768 396 819 Deinceps
421 763 664 819 γίνονται
689 760 787 818 γὰρ
816 762 898 804 καὶ
924 765 1072 803 omisso
1093 765 1265 804 articulo
1286 763 1376 802 cod.
1392 764 1442 804 E.
1458 775 1561 815 quo·
1586 787 1597 797 .

112 849 204 874 cum
225 835 379 874 faciunt
400 833 494 873 Ald.
512 834 624 873 Cam.
648 833 698 872 G.
719 835 791 873 Er.
832 834 1041 872 Postrema
1060 834 1184 872 editio
1205 830 1389 885 λέγουσιν
1418 836 1562 882 aperto

112 902 275 940 mendo.
305 924 362 931 —
403 898 462 941 τὸ
491 898 517 940 ἀ
522 898 655 952 χανέ
661 915 682 947 ς
708 907 868 941 vastum
899 907 960 940 est
982 902 1176 954 spatium,
1205 900 1315 953 quod
1338 900 1447 938 inter
1474 905 1563 937 ter-

110 984 199 1009 ram
219 969 414 1008 interhiat
434 976 474 1009 et
492 971 664 1009 coelum.
718 971 778 1009 Ita
805 970 925 1009 etiam
953 970 1061 1009 infra
1079 970 1141 1018 ΙΙ,
1163 973 1211 1008 2:
1249 966 1306 1015 εἷς
1334 964 1465 1019 ἀχανῆ
1495 964 1561 1005 καὶ

111 1035 270 1077 πλατὺν
297 1034 439 1077 τόπον.
496 1039 766 1090 Frequentior
784 1038 904 1078 huius
922 1038 1110 1077 vocabuli
1129 1041 1189 1074 est
1208 1036 1410 1075 contraria
1437 1035 1560 1087 signi-

111 1105 259 1156 ficatio,
290 1107 344 1145 ita
366 1095 465 1145 ut]
483 1107 535 1144 sit
557 1106 832 1158 privativum,
861 1120 945 1145 non
964 1119 1078 1145 mere
1107 1103 1382 1156 euphonicum
1405 1117 1498 1142 cum
1517 1102 1562 1142 vi

112 1174 284 1226 quadam
314 1174 563 1213 intensionis.
621 1175 739 1213 Tunc
765 1187 1023 1226 synonymon
1052 1178 1113 1211 est
1139 1171 1327 1212 vocabuli
1354 1166 1494 1216 στενός
1520 1175 1561 1208 et

110 1242 165 1280 ita
188 1242 396 1294 reperitur
421 1243 529 1294 apud
559 1240 985 1294 Theophrastum
1014 1240 1063 1279 de
1083 1243 1212 1278 ventis
1242 1240 1279 1291 §.
1300 1244 1368 1280 29.
1387 1253 1426 1291 p.
1448 1241 1557 1277 768:

111 1304 252 1356 ἁπλῶς
274 1307 319 1348 δὲ
342 1306 381 1348 οἱ
408 1304 528 1349 τόποι
556 1305 713 1355 πολλὰς
740 1310 902 1348 ποιοῦσι
930 1310 1014 1350 τῶν
1041 1305 1285 1360 πνευμάτων
1312 1302 1558 1360 μεταβολάς,

110 1373 238 1424 ἄλλας
267 1391 310 1417 τε
339 1375 407 1417 καὶ
434 1374 482 1417 τὸ
516 1374 774 1431 σφοδρότεροι
803 1375 869 1417 καὶ
900 1374 1151 1431 ἦρεμέστερα
1175 1375 1388 1430 γίνεσθαι,
1420 1370 1560 1413 καθά-

109 1459 184 1498 περ
214 1441 286 1484 ἐὰν
316 1443 386 1484 διὰ
414 1447 556 1485 στενοῦ
593 1444 660 1485 καὶ
701 1442 879 1496 ἀχανοῦς
906 1444 1031 1500 πνέῃ·
1080 1440 1362 1499 σφοδρότερον
1388 1439 1467 1496 γὰρ
1497 1437 1559 1480 ἀεὶ

110 1511 176 1551 καὶ
205 1509 488 1568 λαμπρότερον
515 1509 563 1554 τὸ
593 1511 662 1552 διὰ
689 1515 764 1553 τοῦ
785 1516 941 1562 στενοῦ,
973 1511 1164 1566 καθάπερ
1193 1510 1347 1558 ὓδατος
1374 1507 1558 1564 ῥεῖθρον.

110 1581 192 1619 Adi
219 1582 444 1621 Pierson
472 1582 524 1620 ad
543 1581 768 1621 Moerid.
798 1595 838 1632 p.
864 1582 917 1620 54
937 1595 996 1633 sq.
1022 1581 1085 1619 ed.
1107 1580 1251 1620 Koch
1324 1580 1458 1630 Quam
1482 1577 1561 1616 hoc

109 1649 200 1687 loco
227 1648 505 1688 diminutionis
542 1649 686 1687 caloris
722 1648 766 1686 in
797 1649 1009 1700 superiore
1044 1647 1141 1687 ae're
1175 1661 1333 1686 causam
1365 1646 1561 1700 proponit

109 1716 455 1766 Aristoteles,
486 1715 754 1755 reflexionem
774 1716 984 1755 radiorum
1003 1717 1119 1766 solis,
1146 1716 1215 1768 qui
1233 1714 1380 1754 deinde
1399 1715 1560 1767 disper-

109 1789 274 1835 gantur,
302 1784 390 1823 sive
411 1784 519 1836 quod
539 1783 590 1822 ad
607 1784 716 1823 idem
743 1783 871 1833 redit,
900 1785 1044 1824 caloris
1063 1798 1086 1822 a
1105 1791 1214 1822 terra
1239 1784 1558 1836 replicationem,

110 1865 199 1890 eam
217 1852 370 1890 nullius
387 1853 476 1891 fere
497 1853 693 1891 momenti
711 1866 797 1890 esse
817 1853 860 1891 in
881 1851 1150 1904 phaenomeni
1170 1852 1450 1904 explicatione,
1482 1850 1559 1889 do-

109 1919 528 1961 cueruntSchtnidt
546 1920 693 1960 Lehrb.
712 1921 786 1959 der
805 1920 932 1959 math.
953 1920 1051 1959 und·
1054 1920 1173 1970 phys.
1187 1921 1333 1970 Geogr.
1356 1917 1557 1972 (G6tting.

112 1990 234 2026 1830.
255 1987 316 2039 8.)
359 1989 452 2027 Vol.
472 1989 527 2028 II.
553 2002 592 2041 p.
614 1991 721 2038 268,
778 1989 958 2027 Kfimtz
999 1987 1218 2027 Lehrbueh
1246 1988 1318 2026 cler
1347 1986 1556 2025 Meteorol.

110 2056 233 2096 Tom.
251 2056 308 2095 II.
337 2069 379 2108 p.
402 2055 482 2095 143
503 2069 591 2109 sqq.
648 2054 934 2095 Theorematis
964 2056 1348 2095 demonstrationem
1374 2055 1556 2104 eandem,

111 2137 232 2175 quam
263 2123 526 2174 Schmidt,
554 2125 633 2163 iam
654 2130 771 2162 antea
789 2123 958 2163 dederat
983 2125 1142 2163 Plana
1167 2124 1212 2163 in
1233 2126 1428 2163 Memor-ie
1449 2124 1557 2161 della

110 2192 218 2229 reale
248 2192 462 2230 academia
488 2192 534 2229 dt
567 2195 717 2230 Torino
746 2193 864 2231 Tom.
888 2193 1077 2232 XXVII.
1098 2191 1407 2244 p.144-146‚
1436 2204 1554 2243 quam

109 2271 198 2297 rem
217 2272 384 2297 monere
410 2259 559 2298 oblitus
587 2265 648 2298 est
675 2259 929 2298 Schmidt.

223 2330 291 2365 11.
321 2323 496 2379 πέφυκεν
524 2322 638 2380 ὕδωρ
662 2325 847 2379 γίνεσθαι
875 2328 1041 2366 inverso
1061 2326 1205 2365 ordine
1223 2328 1273 2366 F.
1295 2327 1347 2365 H.
1364 2327 1420 2365 N.
1442 2327 1555 2367 Cam.

112 2394 157 2432 P.
182 2394 223 2431 S.
250 2393 339 2431 Cas.
351 2395 445 2444 Bag.
462 2393 532 2443 qui
550 2394 696 2432 vertit:
727 2404 831 2433 nata
851 2403 910 2432 est
931 2409 1040 2446 aqua
1054 2395 1166 2443 fieri.
1188 2416 1246 2422 --
1273 2394 1390 2433 Idem
1408 2391 1557 2433 deinde

110 2462 251 2513 legisse
269 2461 436 2500 videtur
455 2459 729 2510 συνίστανται,
747 2468 933 2501 vertens:
950 2470 1164 2512 coguntur.
1187 2457 1235 2500 οὗ
1246 2457 1437 2513 μόνον-
1449 2458 1556 2502 ἀλλὰ

112 2530 258 2568 omisso
278 2526 349 2567 καί
361 2529 538 2567 illustrat
556 2529 707 2569 Wolf
719 2529 771 2567 ad
785 2531 824 2568 D
836 2543 943 2568 emo
955 2528 1039 2568 sth
1051 2542 1125 2568 en.
1149 2531 1313 2578 Leptin.
1331 2543 1369 2582 p.
1388 2533 1483 2570 257.
1503 2552 1556 2560 -

110 2599 192 2636 Pro
208 2593 261 2636 τὰ
281 2610 324 2636 τε
344 2593 602 2648 διαστήματα
618 2598 701 2636 τῶν
721 2592 805 2636 ἄνω
825 2597 962 2635 nescio
979 2610 1030 2635 an
1043 2597 1256 2636 dilucidius
1275 2599 1434 2637 locutus
1453 2605 1557 2638 esset

114 2666 363 2715 Aristoteles,
391 2665 425 2703 si
441 2665 663 2717 scripsisset
680 2665 762 2703 τῶν
783 2651 968 2717 ἅστρωνί
1008 2665 1091 2704 Sed
1109 2665 1205 2705 vide
1234 2666 1477 2706 Trendel.
1503 2666 1556 2706 ad

114 2732 278 2772 Arist.
309 2733 359 2771 de
380 2747 451 2771 an.
482 2734 547 2782 II,
568 2737 608 2782 7,
631 2737 671 2771 2.
702 2746 744 2785 p.
766 2736 846 2772 373
867 2746 925 2785 sq.
964 2735 1059 2785 Bag.
1084 2734 1182 2785 legit
1209 2731 1262 2773 τά
1281 2749 1325 2774 τε
1348 2731 1433 2775 ἄνω
1463 2733 1555 2774 δια-

116 2794 303 2850 στήματα
321 2798 454 2854 πλήρη
474 2797 563 2839 ἐστι’
571 2831 581 2850 ,
614 2815 706 2839 cum
723 2807 879 2840 vertat:
910 2804 1132 2852 superiores
1149 2803 1382 2844 distantiae.
1401 2826 1458 2835 —
1486 2802 1554 2843 καὶ

116 2863 247 2917 πυρὸς
273 2864 404 2919 μόνου
432 2866 508 2920 μὲν
537 2865 740 2909 ἀδύνατον
770 2870 972 2921 Olymp.
1002 2891 1060 2899 —-
1087 2870 1288 2923 Deinceps
1305 2866 1353 2911 τὸ
1371 2870 1461 2926 περὶ
1479 2868 1554 2923 τὴν

118 2935 192 2987 γῆν
211 2935 299 2974 cod.
319 2937 369 2975 E.
391 2937 486 2976 Ald.
507 2939 578 2976 Er.
608 2959 665 2966 —
695 2933 858 2977 ἅπασαν
878 2940 926 2978 F.
946 2938 1003 2978 H.
1021 2940 1077 2977 N.
