1820 3158
295 330 357 372 44
404 337 612 381 —p.348,b.
639 339 797 372 Bene-
835 336 989 379 ·L1'B.1.
1018 341 1237 380 CARXII.
1288 341 1504 384 —11.334‚F.
1534 342 1653 376 cas.-

290 445 468 497 ψακὰὃες
495 448 559 486 καὶ
591 446 632 486 αἱ
658 445 826 497 χάλαζαι
852 447 1006 498 μείζους
1039 447 1105 488 διὰ
1132 448 1177 490 τὸ
1205 449 1359 503 βραχὺν
1386 450 1580 504 φέρεσθαι
1607 452 1677 493 τό-

291 528 376 552 πον.
425 513 490 552 καὶ
519 511 576 552 οὗ
593 511 735 552 πυκναὶ
764 510 805 550 αἶ
832 511 1012 564 ψακάδες
1039 513 1079 553 αἱ
1106 513 1272 568 μεγάλαι
1301 516 1486 556 πίπτουσι
1515 517 1581 557 διὰ
1606 517 1678 570 τὴν

239 583 286 616 16
299 576 422 630 αὐτὴν
451 578 592 617 αἰτίαν.
653 582 717 616 16.
748 569 900 618 τΗττον
929 579 972 619 δὲ
991 583 1062 620 τοῦ
1087 580 1236 634 θέρους
1262 582 1405 634 γίνεται
1432 580 1588 636 ἢῖαρος
1615 582 1679 622 καὶ

287 641 542 696 μετοπώρου,
580 645 733 693 μᾶλλον
758 641 892 694 μέντοι
922 643 947 696 ἢ
971 649 1182 697 χειμῶνος,
1222 646 1282 687 ὅτι
1311 647 1521 704 ξηρότερος
1549 645 1570 689 ὅ
1601 646 1678 701 ἀήρ

287 712 360 749 τοῦ
398 710 567 761 θέρους·
623 707 664 748 ἓν
693 707 737 748 δὲ
763 711 821 763 τῷ
849 707 933 762 ἴαρι
971 709 1025 750 ἔτι
1052 709 1194 766 ὑγρός,
1233 713 1275 754 ἓν
1304 715 1346 754 δὲ
1375 717 1431 769 τῷ
1459 712 1678 769 μετοπώρῳ

237 782 286 815 17
301 774 375 826 ἤδη
403 771 638 827 ὗγραίνεται.
696 780 759 815 17.
797 775 981 815 Γίνονται
1010 776 1056 816 δέ
1074 794 1182 829 ποτε,
1212 779 1394 833 καθάπερ
1422 778 1586 832 εἴρηται,
1616 780 1680 819 καὶ

286 843 357 892 τῆς
386 837 547 892 ὀπώρας
569 838 738 891 χάλαζαι
766 840 832 881 διὰ
859 839 933 894 τὴν
962 839 1086 894 αὐτὴν
1106 843 1246 884 αἰτίαν.
1278 843 1543 896 συμβάλλεται
1562 843 1602 884 ‹5'
1625 844 1681 884 ἔτι

287 905 388 959 πρὸς
422 904 495 957 τὴν
530 909 734 958 ταχυτῆτα
773 911 845 960 τῆς
878 906 1031 960 πήξεως
1067 909 1132 948 καὶ
1163 908 1208 950 τὸ
1246 909 1597 963 προτεθερμάνθαι
1633 908 1678 950 τὸ

235 970 418 1024 18ῧὸωρ.
459 975 613 1012 θᾶττον
640 971 716 1026 γὰρ
745 971 928 1024 ψύχεται.
989 979 1053 1014 18.
1093 973 1171 1015 Διὸ
1202 977 1340 1015 πολλοὶ
1371 974 1467 1016 ὅταν
1495 975 1541 1015 τὸ
1570 974 1679 1028 ὕδωρ

285 1037 410 1089 ψῦξαι
438 1037 538 1089 ταχὺ
565 1042 848 1091 βουληθῶσιν,
891 1040 946 1085 εἷς
973 1038 1044 1079 τὸν
1071 1038 1183 1092 ἣλιον
1211 1041 1367 1082 τιθέασι
1397 1045 1577 1095 πρῶτον,
1617 1041 1681 1081 καὶ

288 1103 325 1144 οἳ
352 1104 440 1157 περὶ
468 1102 539 1144 τὸν
565 1103 728 1145 Πόντον
762 1103 858 1145 ὅταν
895 1104 957 1144 ἐπὶ
985 1108 1058 1145 τοῦ
1087 1105 1336 1159 κρυστάλλου
1372 1110 1681 1159 σκηνοποιῶνται

287 1168 387 1223 πρὸς
415 1168 488 1217 τὰς
514 1174 595 1210 τῶν
626 1168 782 1222 ῗχθύων
807 1171 943 1225 θήρας
971 1169 1205 1226 (θηρεύουσι
1223 1171 1298 1226 γὰρ
1318 1161 1595 1219 διακόπτοντες
1611 1172 1682 1213 τὸν

288 1235 573 1289 κρύσταλλον),
619 1235 732 1291 ’ὕδωρ
767 1236 922 1289 θερμὸν
955 1236 1175 1291 περιχέουσι
1209 1243 1293 1284 τοῖς
1320 1236 1512 1290 καλάμοις
1540 1237 1606 1278 διὰ
1633 1238 1679 1278 τὸ

285 1305 438 1342 θᾶττον
466 1301 717 1355 πήγνυσθαι·
768 1306 944 1356 χρῶνται
980 1302 1054 1357 γὰρ
1083 1306 1140 1358 τῷ
1169 1302 1426 1358 κρυστάλλῳ,
1466 1303 1596 1354 ὥσπερ
1623 1307 1680 1359 τῷ

235 1369 496 1423 19μολίβδῳ,
532 1366 588 1407 ἵν’
613 1365 811 1421 ἢρεμῶσιν
840 1368 877 1409 οἳ
903 1368 1086 1421 κάλαμοι.
1165 1375 1228 1410 19.
1273 1368 1431 1423 Θερμὸν
1466 1370 1510 1410 δὲ
1537 1370 1680 1423 γίνεται

285 1433 386 1486 ταχὺ
411 1433 457 1475 τὸ
489 1433 770 1486 συνιστάμενον
797 1433 907 1489 ὕδωρ
937 1435 976 1475 ἔν
1002 1451 1043 1475 τε
1067 1440 1154 1482 ταῖς
1176 1434 1327 1489 χώραις
1355 1436 1418 1475 καὶ
1446 1441 1534 1483 ταῖς
1560 1433 1681 1490 ὥραις

286 1506 373 1547 ταῖς
393 1497 591 1547 ἆλεειναῖς.
625 1500 769 1553 γίνεται
792 1501 836 1541 δὲ
863 1502 926 1542 καὶ
956 1502 1043 1554 περὶ
1070 1500 1144 1553 τὴν
1164 1499 1353 1555 Ἀραβίαν
1373 1501 1436 1541 καὶ
1457 1501 1681 1542 Αἲθιοπίαν

286 1570 357 1606 τοῦ
386 1567 534 1621 θέρους
562 1565 611 1606 τὰ
640 1564 770 1606 ὕδατα
806 1568 869 1609 καὶ
899 1566 946 1608 οὐ
975 1571 1047 1609 τοῦ
1078 1570 1293 1622 χειμῶνος,
1340 1567 1404 1607 καὶ
1433 1571 1559 1611 ταῦτα
1587 1566 1681 1621 ῥαγ-

285 1713 406 1749 aquae
436 1699 673 1737 delabuntur
692 1699 894 1751 stillaeque
923 1706 962 1737 et
982 1700 1148 1738 maiores
1174 1700 1380 1750 grandines
1404 1700 1564 1747 idcireo,
1593 1701 1682 1751 quia

287 1779 359 1815 per
374 1765 496 1802 breve
523 1771 675 1801 tantum
697 1765 861 1814 spatium
882 1766 1076 1804 feruntur.
1132 1767 1343 1816 Stillaeque
1360 1780 1519 1816 magnae
1538 1780 1683 1820 eaeque

287 1844 366 1868 non
383 1831 599 1867 condensae
615 1836 779 1880 propter
794 1831 954 1867 eandem
971 1832 1162 1868 rationem
1182 1831 1428 1869 delabuntur.
1460 1835 1522 1868 16.
1538 1833 1681 1869 Rarior

286 1898 416 1935 autem
445 1896 489 1933 fit
505 1901 649 1932 aestate
669 1908 782 1944 quam
801 1909 898 1933 vere
916 1903 954 1934 et
971 1903 1158 1934 autumno
1170 1925 1181 1943 ‚
1209 1897 1401 1946 imprimis
1421 1909 1519 1934 vero
1538 1895 1680 1945 hieme,

288 1961 467 2012 quamvis
486 1962 728 2011 frequentior
749 1974 861 2011 quam
879 1961 1019 2010 hicme,
1049 1963 1136 2012 quia
1160 1963 1298 1999 siccior
1316 1962 1385 2000 ae'r
1403 1968 1556 2009 aestate,
1585 1976 1681 2000 vere

287 2027 490 2066 humidus:
520 2029 708 2064 autumno
727 2027 842 2064 etiam
858 2027 1060 2065 humescit.
1109 2031 1172 2065 17.
1194 2027 1315 2066 Fiunt
1333 2029 1447 2065 etiam
1465 2027 1681 2077 grandines,

288 2095 399 2133 sicuti
422 2093 605 2136 diximus,
631 2093 673 2130 in
691 2092 770 2130 fine
785 2094 937 2131 aestatis
955 2101 1098 2144 e'aeque
1116 2093 1252 2131 eadem
1277 2094 1325 2131 de
1343 2107 1464 2132 causa.
1500 2094 1565 2132 Ad
1585 2108 1681 2132 con-

288 2161 487 2211 gelationis
514 2159 749 2196 celeritatem
782 2159 928 2209 aliquid
960 2161 1133 2208 confert,
1170 2173 1304 2211 aquam
1334 2166 1446 2197 antea
1473 2173 1555 2198 esse
1579 2161 1681 2198 cale-

285 2229 438 2266 factam.
498 2228 560 2263 18.
591 2227 846 2275 Quapropter
869 2226 989 2273 multi,
1017 2226 1083 2276 qui
1102 2239 1238 2276 aquam
1258 2226 1438 2263 celeriter
1457 2227 1599 2263 volunt
1615 2239 1681 2263 re-

288 2294 478 2342 frigerare
491 2322 500 2339 ,
531 2291 651 2342 ipsius
671 2291 762 2328 solis
781 2291 900 2328 radiis
920 2297 1145 2341 exponunt:
1175 2298 1214 2328 et
1233 2292 1299 2342 qui
1326 2292 1426 2329 circa
1446 2293 1615 2329 Pontum
1640 2292 1680 2328 in

288 2359 409 2408 glaeie
435 2358 605 2395 tentoria
631 2363 879 2404 construunt,
909 2357 1070 2407 piscium
1090 2364 1135 2395 ut
1156 2358 1382 2396 incumbant
1407 2357 1565 2396 venatui
1594 2355 1681 2406 (ve-

288 2430 431 2460 uantur
457 2424 560 2460 enim
589 2424 706 2472 glacie
728 2421 959 2474 perfracta),
988 2423 1150 2460 calidam
1173 2438 1309 2475 aquam
1336 2423 1517 2461 arundini
1547 2423 1681 2459 infun—

290 2490 406 2535 dunt,
445 2495 489 2525 ut
518 2490 629 2526 citius
657 2491 896 2540 congeletur.
972 2490 1151 2527 Utuntur
1181 2492 1284 2527 enim
1314 2490 1452 2539 glacie,
1487 2495 1679 2538 tamquam

290 2554 475 2605 plumbo,
513 2561 556 2591 ut
586 2555 768 2592 immotae
801 2554 1012 2592 arundines
1038 2556 1256 2594 consistant.
1325 2560 1384 2592 19.
1423 2556 1534 2603 Quae
1553 2560 1679 2590 autem

290 2620 514 2668 regionibus
542 2627 580 2655 ct
604 2621 846 2669 temporibus
875 2621 1006 2658 calidis
1034 2635 1130 2671 aqua
1154 2621 1385 2667 concrescit,
1415 2633 1459 2656 ea
1477 2620 1552 2656 cito
1574 2620 1679 2655 inca·-

289 2686 409 2722 lcscit.
452 2685 696 2721 Delabmntm·
715 2686 831 2724 etiam
853 2686 890 2722 in
907 2687 1050 2723 Arabia
1070 2693 1108 2723 et
1123 2686 1331 2734 Aethiopia
1350 2685 1506 2735 pluviae
1525 2691 1678 2723 aestate,

288 2765 367 2790 non
382 2750 520 2787 bruma
544 2764 688 2799 cacque
712 2750 1044 2789 vehementiores:
1072 2758 1109 2789 et
1131 2752 1218 2802 plus
1237 2751 1356 2788 semel
1373 2762 1448 2787 una
1470 2749 1680 2799 eademque
