1774 3198
391 368 613 410 LIBRUM
640 367 964 411 SECUNDUM·-
1021 366 1141 408 cAP.
1161 366 1234 408 IV.
1428 357 1525 401 559

100 482 190 522 cfr.
215 481 413 522 Problem.
431 483 599 532 XXVI,
622 484 689 521 13.
719 495 759 533 p
780 479 1168 529 941,b.1deler
1198 477 1436 518 Handhuch
1454 478 1527 516 der

102 550 380 603 chronologia
418 552 540 589 Tom
565 551 598 589 I.
636 563 678 602 p.
701 552 796 588 312.
853 547 958 587 Cum
985 561 1087 588 vero
1118 560 1278 586 occasus
1311 546 1529 585 matutinus

101 623 141 655 et
162 624 275 656 ortus
301 619 556 670 vespertinus
582 631 663 656 non
685 617 830 668 procul
849 616 1020 665 distent,
1049 615 1100 653 de
1122 614 1347 667 posteriore
1372 614 1530 652 locutus

101 691 160 722 est
185 685 424 724 Isidorus
457 686 607 737 Origg.
637 686 714 732 ΙΙΙ,
736 688 814 724 70:
848 684 979 722 Orion
1000 685 1136 722 dietus
1158 682 1213 720 ab
1233 683 1376 730 urina,
1404 680 1529 718 idest

100 750 154 789 ab
176 753 444 791 inundatione
463 766 686 804 aquarum.
721 754 919 802 Tempore
937 752 1047 788 enim
1061 750 1210 789 hiemis
1227 747 1394 787 obortus
1410 760 1530 786 mare

59 870 63 873 ὓ
99 825 140 856 et
169 827 308 857 terras
343 821 470 874 aquis
498 828 535 857 et
565 819 879 870 tempestdtibus
906 817 1063 857 turbat.
1117 818 1183 858 Ab
1214 815 1434 857 Aristotele
1460 829 1530 854 re-

97 886 203 925 cedit
233 886 629 939 Theophrastus
658 887 706 925 de
724 894 832 925 vent.
865 886 904 935 §.
928 888 980 926 55
1006 901 1064 939 sq.
1094 901 1135 940 p.
1162 890 1268 926 779:
1309 880 1351 921 αἱ
1380 878 1422 921 δ’
1454 878 1523 921 ἐπ’

93 949 289 1006 Ὠρίωνος
325 951 504 1008 ἀνατολῇ
542 953 606 993 καὶ
635 951 745 994 δύσει
773 955 854 994 τῶν
882 951 1121 1005 πνευμάτων
1149 949 1326 1005 ἀκρισίαι
1353 947 1530 1002 συμβαί-

98 1034 258 1072 νουσιν,
298 1018 359 1061 ὅτι
389 1020 431 1061 ἓν
457 1022 703 1073 μεταβολαῖς
741 1019 801 1061 ἀεὶ
828 1018 961 1061 πάντα
987 1018 1166 1073 μάλιστα
1201 1018 1375 1072 πέφυκεν
1414 1014 1529 1070 ἀορι-

99 1091 219 1127 στεῖν.
273 1084 322 1129 Ὁ
362 1087 403 1128 δ’
438 1087 585 1142 Ὠρίων
626 1086 829 1128 ἀνατέλλει
864 1087 940 1139 μὲν
977 1087 1020 1128 ἒν
1048 1086 1152 1141 ἀρχῇ
1183 1084 1368 1140 ὀπώρας,
1419 1082 1530 1125 δύνει

98 1151 139 1192 δ’
164 1153 206 1194 ἓν
234 1152 339 1210 ἀρχῇ
362 1159 580 1208 χειμῶνος·
611 1153 712 1196 ὥστε
741 1154 809 1195 διὰ
836 1153 884 1195 τὸ
911 1152 1035 1207 μήπω
1064 1151 1314 1194 καθεστάναι
1341 1152 1439 1206 μίαν
1473 1149 1530 1194 ὥ-

98 1235 194 1271 ραν,
240 1225 312 1274 τῆς
350 1222 425 1274 μὲν
458 1220 667 1276 γινομένης
694 1224 767 1273 τῆς
802 1221 846 1262 δὲ
883 1219 1138 1274 παυομένης,
1186 1218 1338 1275 ἀνάγκη
1380 1219 1526 1262 καὶτὰ

95 1286 305 1339 πνεύματα
333 1287 594 1330 ἀκατάστατα
623 1289 688 1329 καὶ
719 1286 864 1344 ἄκριτα
892 1285 1004 1339 εἶναι,
1035 1287 1103 1328 διὰ
1124 1286 1170 1328 τὸ
1197 1287 1527 1343 ἐπαμφοτερίζειν

96 1353 148 1394 τὰ
167 1353 209 1402 ἐξ
228 1353 430 1411 ἑκατέρας.
471 1355 665 1404 Χαλεπὸς
694 1355 738 1396 δὲ
767 1355 919 1410 λέγεται
948 1351 1022 1396 καῖ
1044 1353 1176 1396 ὃύνων
1205 1355 1271 1396 καὶ
1300 1354 1528 1396 ἀνατέλλων

95 1418 194 1463 εἶναι
230 1422 296 1463 διὰ
324 1423 397 1477 τὴν
424 1422 634 1478 ἀοριστίαν
661 1426 735 1477 τῆς
765 1421 886 1478 ὥρας.
924 1420 1074 1478 ἀνάγκη
1103 1422 1180 1478 γὰρ
1212 1420 1430 1477 ταραχώδη
1461 1422 1529 1464 καὶ

95 1486 290 1544 ἆνωμαλῆ
320 1488 431 1532 εἶναι.
489 1495 702 1533 Praeterea
726 1494 798 1532 cfr.
827 1493 878 1532 de
902 1493 1058 1533 Orione
1085 1493 1216 1531 nautis
1242 1493 1389 1531 infesto
1418 1494 1530 1531 Ma-

93 1559 179 1598 nil.
208 1560 447 1599 Astronom.
484 1562 547 1611 V,
578 1564 630 1600 59
671 1567 712 1600 et
750 1574 852 1612 quae
893 1560 1150 1613 disputantur
1176 1559 1228 1598 ad
1254 1559 1527 1612 Polybium

92 1628 130 1676 1,
160 1630 237 1675 37,
269 1629 310 1667 4.
385 1678 389 1681 Α

159 1706 171 1717 ·
208 1697 248 1732 3.
276 1695 507 1735 Articulum
530 1703 622 1736 ante
640 1693 821 1748 νηνεμίαι
839 1696 988 1735 omittit
1005 1696 1051 1735 E.
1081 1719 1131 1725 —
1160 1690 1238 1748 γάρ
1264 1694 1376 1733 deest
1401 1694 1443 1733 in
1462 1696 1524 1745 F„

95 1762 165 1813 qui
185 1775 281 1800 mox
303 1763 468 1802 exhibet
494 1762 674 1817 γίγνηται
703 1777 779 1816 pro
809 1761 1053 1817 γένηται.-
1081 1760 1147 1801 καὶ
1179 1759 1230 1800 αἶ
1258 1760 1302 1801 ἓν
1330 1759 1527 1816 ταῖς,ἆνὰ

92 1826 218 1880 μέσον
247 1826 373 1880 ὥραις
397 1832 506 1871 idem
531 1833 697 1885 praebet
724 1834 769 1870 F.
797 1854 853 1862 --
889 1828 967 1883 ἤδη
998 1830 1146 1869 omittit
1171 1831 1222 1869 E.

207 1898 245 1935 4.
279 1895 507 1939 ἀνατέλλων
534 1914 608 1952 pro
626 1896 840 1939 ε’πιτέλλων
867 1899 987 1938 habet
1015 1897 1406 1950 Theophrastus
1433 1898 1525 1937 loco

93 1963 144 2003 ad
175 1965 210 2015 §.
234 1969 275 2004 2.
304 1966 477 2006 laudato.
508 1968 581 2006 cfr.
603 1967 654 2006 ad
676 1970 709 2017 Ι,
737 1970 776 2013 8,
807 1971 846 2007 9.
876 1988 933 1995 --
961 1967 1095 2006 κακῶν
1123 1980 1199 2019 pro
1218 1960 1380 2019 ἡμερῶν
1408 1979 1527 2018 prae-

92 2038 163 2084 pet
183 2033 236 2072 N.
267 2047 305 2072 τι
324 2040 420 2082 vante
445 2035 608 2086 πλῆθος
632 2034 822 2073 omittunt
841 2036 889 2075 F.
910 2035 963 2075 N.
1022 2035 1236 2074 Caeterum
1264 2033 1393 2072 scribe
1421 2029 1526 2072 διότι

94 2097 163 2138 διὰ
189 2096 235 2138 τὸ
262 2098 436 2152 μέγεθος
463 2109 531 2140 aut
558 2116 636 2154 pro
665 2101 811 2155 γίνεται
842 2102 997 2153 corrige
1025 2100 1229 2153 γίνεσθαι,
1269 2113 1439 2152 quarum
1457 2113 1527 2139 ra-

92 2167 247 2205 tionum
276 2168 390 2218 prior
418 2170 560 2219 placet.
591 2190 648 2197 ·—
675 2165 839 2209 πάντων
867 2184 920 2209 sc.
950 2171 1032 2209 τῶν
1062 2164 1191 2219 ὡρῶν.

207 2236 244 2272 5.
273 2231 376 2284 μετὰ
403 2231 559 2287 τροπάς
584 2250 638 2274 sc.
669 2233 742 2281 τὰς
766 2234 944 2289 θερινάς.
974 2244 976 2247 “
1002 2238 1064 2275 Ita
1080 2235 1190 2286 apud
1212 2233 1524 2285 Theophra-

94 2306 226 2339 stum
265 2301 314 2339 de
346 2314 484 2339 cause.
507 2303 699 2352 plantor.
727 2304 812 2351 ΙΙΙ,
847 2308 923 2351 23,
955 2308 995 2342 2.
1027 2316 1066 2355 p.
1092 2303 1194 2341 488:
1233 2297 1330 2347 τοὺς
1360 2298 1405 2340 δὲ
1433 2300 1523 2353 περὶ

93 2364 248 2419 τροπὰς
277 2364 453 2420 σπόρους
483 2365 709 2420 Κλείδημός
740 2382 864 2423 φησιν
893 2368 1126 2422 ἐπισφαλεῖς
1146 2364 1258 2408 εἶναι.
1289 2366 1423 2421 διερὰν
1443 2365 1521 2422 γὰρ

92 2427 218 2474 οὖσαν
245 2433 310 2474 καὶ
339 2437 508 2486 βαρεῖαν
535 2433 609 2488 τὴν
637 2439 709 2490 γῆν
739 2434 947 2489 ἀτμιὸώὸη
977 2436 1160 2489 γίνεσθαι
1190 2435 1256 2475 καὶ
1285 2433 1452 2475 ἐοικέναι
1480 2434 1523 2475 ε’-

93 2500 195 2554 ρίοις
223 2503 356 2548 κακῶς
377 2500 630 2554 ἕξαμμένοις,
657 2505 726 2544 ubi
747 2511 887 2558 aperte
904 2505 955 2544 de
975 2505 1143 2544 solstitio
1159 2504 1339 2556 loquitur
1354 2505 1520 2544 aestivo.

92 2588 148 2599 —
174 2571 241 2610 De
266 2570 362 2608 Sirii
390 2577 482 2609 ortu

348 2661 399 2668 -—
432 2633 497 2677 ὅτ’
523 2634 670 2690 ηελίοιο
699 2638 933 2694 θερείτατοί
956 2638 1032 2680 εῗσι
1060 2636 1247 2680 κέλευθοι

96 2700 162 2752 (ut
177 2704 355 2757 loquitur
372 2705 561 2744 Aratus
578 2706 856 2749 Phaenomen.
869 2705 971 2762 149)
1000 2709 1076 2748 cfr.
1090 2707 1267 2747 Ideler
1291 2706 1424 2746 Ueber
1441 2707 1522 2746 den

100 2770 320 2824 Ursprung
345 2773 434 2811 und
456 2773 523 2812 die
539 2774 791 2828 Bedeutung
816 2775 891 2815 der
910 2777 1187 2815 Sternnamen
1216 2772 1370 2828 (Berlin
1390 2772 1516 2827 1809)

92 2849 134 2888 p.
152 2836 232 2876 241
253 2852 312 2891 sq.
366 2841 507 2892 Longa
534 2847 621 2881 erat
649 2842 864 2895 disputatio
891 2843 998 2883 inter
1021 2841 1246 2895 philologos
1262 2840 1313 2882 de
1329 2846 1516 2883 veterum
