1774 3184
200 365 274 405 Εἰ·
295 363 509 404 OLYMP.
541 362 605 401 IN
634 334 820 402 Ams'rss
840 360 1186 410 METEOROL„
1210 359 1312 398 Lm.
1333 359 1363 398 1.
1435 349 1526 394 175

94 473 310 530 ψυχόμενα
340 474 408 515 διὰ
436 473 484 516 τὸ
514 474 572 523 εἷς
601 471 747 527 ἀχανὲς
786 472 870 515 ε’·κεΐ
891 470 967 520 τὰς
994 471 1282 524 ἀνακλωμένας
1309 473 1390 512 τῶν
1419 468 1532 512 ἀκτί-

58 541 175 616 χ(νων
195 540 415 584 διεστάναι.
453 541 525 584 τὸν
556 541 601 583 δὲ
629 542 719 596 περὶ
745 544 819 596 γῆν
847 538 1256 593 ἓναπολαμβάνουσαι
1284 537 1435 593 μεταξὺ
1465 537 1534 579 διὰ

95 612 166 665 τὴν
195 610 400 655 πύκνωσιν
427 614 478 666 τῇ
507 608 657 664 κινήσει
685 625 741 651 τε·
757 609 824 652 καὶ
855 609 1104 664 παρατρίψει
1133 605 1439 661 θερμαίνουὶῐιν.
1485 605 1534 648 ἇ-

95 678 220 734 νὰγκη
249 682 347 733 γοῦν
377 677 539 720 ἄνωθεν
570 678 781 733 γινομένης
807 680 881 731 τῆς
907 674 1110 731 πιλήσεως
1137 675 1206 718 διὰ
1224 674 1298 730 τὴν
1317 673 1442 729 ψύξιν
1459 673 1535 729 τὴν

96 746 210 795 ἐντὸς
230 745 530 801 ἀπειλημμένην
550 744 719 800 πυρώδη
741 743 884 787 οὐσίαν
904 742 1066 786 ἄνωθεν
1095 744 1306 799 γινομένης
1325 747 1400 798 τῆς
1418 742 1537 797 πιλή-

97 831 198 864 σεως
209 813 276 855 διὰ
289 813 362 868 τὴν
373 813 496 867 ψύξιν
507 813 583 868 τὴν
593 812 705 862 ἐντός
716 812 1015 867 ἀπειλημμένην
1032 811 1201 869 πυρώδη
1221 811 1364 855 οὐσίαν
1376 810 1538 853 ἄνωθεν

96 881 303 925 ὠθεῖσθαι
332 881 443 923 κάτω
461 881 651 924 κάκεῖθεν
670 878 725 930 ὧς
744 880 812 922 διὰ
839 879 1076 935 μανοτέρων
1098 880 1369 936 ἕκκρίνεσθαι.
1401 877 1538 934 ὥσπερ
1578 902 1580 907 v

96 949 232 1005 ἀμέλει
250 949 487 992 τοῦναντίον
503 950 540 992 οἱ
554 950 598 991 ἐκ
609 953 690 991 τῶν
701 947 912 990 δακτύλων
923 946 1208 1002 ἐκθλιβόμενοι
1221 951 1398 1003 πυρῆνες
1408 946 1538 989 κάτω-

98 1023 174 1061 θεν
201 1017 489 1071 πυκνουμένων
512 1020 593 1060 τῶν
610 1015 821 1059 δακτύλων
839 1016 902 1057 ἐπὶ
919 1012 966 1057 τὸ
988 1015 1074 1058 ἅνω
1099 1019 1282 1071 χωροῦσι
1310 1014 1539 1058 διεστώτων

98 1078 182 1128 ἐκεῖ
190 1089 359 1140 μᾶλλον.
389 1084 453 1126 ἐπὶ
474 1079 548 1127 οὖν
566 1089 642 1139 τῆς
668 1082 984 1144 ᾇναθυμιὰσεως
1011 1082 1175 1125 ἄνωθεν
1202 1087 1278 1138 τῆς
1305 1083 1540 1137 ἔκθλίψεως

99 1154 168 1196 διὰ
205 1153 282 1208 τὴν
321 1150 523 1194 πύκνωσιν
559 1151 790 1207 γινομένης,
838 1150 991 1206 ἀνάγκη
1029 1154 1143 1192 πᾶσα
1172 1146 1284 1195 κᾶτω
1313 1156 1388 1194 τοῦ
1418 1151 1540 1207 ἀέρος

97 1219 251 1276 ταύτην
286 1220 633 1274 ε’κπυρηνίζεσθαι.
683 1220 747 1261 διὸ
767 1219 853 1260 ’καὶ
892 1220 949 1268 εἰς
974 1222 1048 1274 γῆν
1077 1216 1133 1268 ὡς
1161 1219 1324 1274 εἴπομεν
1356 1221 1394 1263 οἳ
1425 1218 1540 1280 διᾴτ-

28 1300 40 1314 2·
96 1304 241 1338 τοντες
263 1289 328 1330 καὶ
357 1288 415 1336 εἷς
443 1286 663 1329 θάλασσαν
690 1288 904 1344 φαίνονται
936 1288 1164 1338 πίπτοντες.
1216 1287 1322 1331 ἀλλὰ
1359 1288 1429 1331 διὰ
1465 1289 1540 1344 τὴν

98 1355 380 1412 λεπτομέρειαν
407 1358 480 1409 τῆς
503 1354 646 1404 ούσίας
674 1354 809 1398 αὐτῶν
827 1354 956 1405 εὐθὺς
975 1354 1311 1411 ἀποσβέννυνται.
1343 1355 1418 1399 οὐκ
1438 1355 1540 1398 ἀδύ-

95 1421 218 1467 νατον
243 1423 288 1466 δὲ
316 1423 383 1465 καὶ
411 1426 486 1465 τοῦ
515 1421 627 1466 κάτω
651 1423 803 1478 μέρους
830 1426 988 1477 μᾶλλον
1015 1425 1325 1476 πυκνωθέντος,
1363 1424 1449 1467 ὀίνω
1479 1423 1542 1480 ῥί-

96 1495 274 1534 πτεσθαι
310 1489 388 1546 τὴν
416 1490 760 1546 ἓπανειλημμένην
785 1490 1083 1550 ἀναθυμίασιν.
1133 1497 1256 1535 τοῦτο
1289 1493 1333 1534 δὲ
1363 1492 1543 1535 σπανιώ-

96 1574 214 1614 τερον
244 1560 394 1615 γίνεται
423 1558 491 1599 διὰ
518 1558 592 1613 τὴν
620 1559 834 1615 εἰρημένην
862 1561 1009 1602 αῗτίαν.
1037 1561 1148 1609 τίνος
1176 1560 1222 1602 δὲ
1249 1559 1370 1615 χάριν
1399 1558 1455 1609 ὥς
1478 1560 1543 1601 ἐπὶ

97 1627 145 1669 τὸ
177 1631 366 1669 πλεῖστον
402 1625 467 1667 ἐπὶ
494 1625 547 1668 τὰ
574 1625 725 1681 πλάγια
754 1625 1015 1684 ῥιπτούμενοι
1041 1629 1280 1684 φαίνονται,
1318 1631 1394 1669 τοῦ
1423 1631 1543 1684 φιλο-

101 1686 239 1751 σόφου’
262 1693 448 1748 λέγοντος
475 1692 757 1747 ἀκουσόμεθα.
813 1696 945 1736 Phil.
973 1698 1047 1737 fol.
1070 1701 1144 1748 90,
1165 1698 1206 1737 b.
1247 1701 1316 1745 91,
1334 1712 1371 1738 a.

212 1765 267 1812 V,
300 1766 340 1802 1.
401 1761 657 1803 Φαίνεται
696 1760 754 1803 δέ
779 1778 904 1804 ποτε
940 1760 1147 1818 νύκτωρ
1183 1764 1416 1820 αἰθρίας
1452 1763 1544 1806 οὔ·

103 1842 199 1883 σης
240 1827 402 1884 (μετὰ
440 1827 502 1870 τὰ
542 1828 720 1883 ἀληθῆ
768 1830 855 1872 καὶ
904 1829 1259 1887 ὀλιγοχρόνια
1308 1831 1439 1888 ἅπερ
1485 1827 1545 1887 ἦν

102 1894 317 1952 φλόγες,
358 1896 534 1947 δαλοί,
575 1894 717 1952 αἶγες
752 1899 838 1940 καὶ
876 1897 1276 1958 διᾴττοντες*)]
1328 1900 1456 1944 Μετὰ
1492 1900 1545 1943 τὰ

102 1962 244 2018 ἀληθῆ
284 1964 351 2005 καὶ
391 1962 667 2019 ὀλιγοχρόνια,
717 1962 819 2020 ἅπερ
857 1960 906 2020 ἦν
942 1965 1113 2023 φλόγες,
1157 1969 1296 2021 δαλοί,
1342 1966 1450 2025 αἶγες
1477 1971 1547 2011 καὶ

43 2039 51 2051 “
103 2030 332 2090 διᾴττοντες
357 2031 508 2085 μέτεισι
535 2033 602 2074 καὶ
630 2032 696 2073 ἐπὶ
724 2034 859 2088 ψευδῆ
889 2033 1167 2092 ὀλιγοχρόνια,
1199 2035 1302 2094 ἅπερ
1334 2038 1434 2079 εἰσὶν
1463 2036 1544 2079 ἀπὸ

100 2098 319 2154 χρώματος
348 2099 413 2140 καὶ
444 2099 663 2154 σχήματος.
703 2099 785 2143 ἀπὸ
813 2102 889 2156 μὲν
916 2102 1139 2159 χρώματος
1178 2103 1418 2159 αἱματώδη,
1464 2104 1546 2148 ἀπὸ

105 2166 152 2208 δὲ
180 2165 387 2219 σχήματος
414 2166 591 2220 βόθυνοι
620 2169 687 2209 καὶ
713 2167 922 2224 χάσματα.
955 2169 1122 2221 εἰκότως
1151 2172 1196 2214 δὲ
1219 2178 1352 2228 χωρεῖ
1368 2171 1472 2226 μετὰ
1496 2172 1548 2214 τὰ

107 2232 246 2287 ἀληθῆ
275 2235 342 2275 καὶ
370 2233 624 2290 ὀλιγοχρόνια
652 2235 717 2276 ἐπὶ
749 2236 803 2279 τὰ
829 2239 965 2293 ψευδῆ
993 2240 1061 2281 καὶ
1091 2238 1361 2296 ὀλιγοχρόνια.
1408 2240 1546 2297 ἐπειδὴ

153 2395 186 2440 *)
206 2396 306 2441 Quae
318 2397 430 2431 verba
446 2408 467 2430 a
479 2402 579 2432 textu
589 2397 831 2444 Aristotelico‚
850 2404 991 2446 qualem
1008 2413 1104 2436 nunc
1115 2403 1295 2446 habemus,
1311 2402 1548 2448 discrepantia

197 2454 346 2497 praebet
370 2453 734 2498 olympiodorus
759 2456 856 2492 A1di.
905 2459 976 2493 Sed
998 2470 1221 2503 nequaquam
1249 2460 1316 2493 ista
1342 2461 1386 2494 ab
1405 2461 1547 2495 Aristo-

196 2511 268 2544 tele
292 2510 454 2554 profecta
477 2521 569 2554 esse,
593 2513 699 2547 docet
712 2515 832 2548 ‚altera
857 2515 988 2559 Olym
1000 2514 1074 2560 pio
1085 2517 1106 2548 d
1117 2516 1185 2550 ori
1211 2517 1392 2551 adnotatio
1406 2544 1417 2561 ,
1442 2529 1547 2563 quam

200 2566 329 2600 deinde
351 2567 591 2602 adscribe-mus
614 2571 815 2615 docentque
837 2572 972 2606 Philo
981 2584 1004 2616 p
1015 2583 1037 2606 o
1046 2572 1092 2606 ni
1117 2578 1153 2606 et
1176 2573 1231 2607 Al
1242 2585 1262 2608 e
1272 2585 1298 2608 x
1306 2586 1325 2607 a
1334 2586 1358 2608 n
1368 2575 1389 2608 d
1399 2574 1437 2608 ri
1461 2586 1548 2610 ver-

197 2623 267 2666 ba,
301 2623 338 2657 in
363 2624 490 2668 quibus
517 2625 605 2660 nihil
627 2627 873 2663 huiuscemodi
896 2635 1051 2673 apparet.
1099 2630 1188 2664 Sunt
1225 2637 1342 2664 autem
1379 2632 1410 2666 Ο
1424 2633 1547 2676 lym-

196 2679 406 2724 piodori,
432 2682 533 2716 cuius
556 2675 746 2727 πρᾶξιςῖ
762 2684 886 2729 incipit
909 2686 952 2718 ab
977 2685 1070 2720 istis:
1095 2684 1204 2725 Μετὰ
1230 2683 1268 2721 δὲ
1293 2684 1424 2732 ἀληθῆ
1440 2712 1546 2723 .....

199 2731 402 2773 &circumc
413 2765 424 2781 ,
452 2751 551 2784 ‘quae
577 2740 805 2785 excipiuntur
838 2741 966 2776 deinde
996 2743 1039 2777 ab
1063 2742 1126 2786 iis,
1159 2755 1251 2788 quae
1279 2747 1370 2789 apud
1394 2756 1460 2779 nos
1488 2757 1547 2780 se-

199 2798 364 2837 quuntur.
414 2796 465 2830 Ita
482 2802 519 2831 et
532 2797 615 2831 alibi
634 2797 670 2831 in
687 2798 841 2832 editione
860 2799 988 2844 Olym
998 2812 1021 2844 p
1034 2799 1046 2834 i
1060 2810 1082 2834 ο
1095 2801 1117 2833 d
1129 2810 1151 2834 o
1162 2800 1205 2834 ri
1228 2800 1359 2836 Aldina
1387 2802 1547 2847 pluribus

199 2848 237 2883 in
263 2851 350 2884 locis
374 2853 506 2887 factum
532 2866 610 2888 esse
634 2854 806 2890 videmus.
854 2855 929 2894 cfr.
959 2858 1005 2891 ad
1028 2857 1196 2903 Excerpt.
1221 2859 1260 2902 1‚-
1272 2860 1324 2904 8,
1347 2861 1381 2894 3.
