1774 3198
267 320 359 364 516
479 326 923 367 COMMENTARIUS
952 327 1012 365 IN
1037 327 1445 368 METEOROLOG.

266 441 389 478 multo
416 440 586 483 lumine,
617 443 656 473 et
673 436 820 473 multos
847 434 1069 472 duraturos
1095 436 1201 474 dies:
1250 437 1393 475 deinde
1431 436 1558 490 longa
1594 441 1669 478 via

258 506 501 556 fatigatos,
537 500 688 539 vidisse
710 502 893 551 flumina
926 502 1120 551 ingentia
1151 509 1191 538 et
1218 511 1434 553 conceptus
1469 518 1670 554 aquarum

268 573 463 608 inertium
483 575 644 615 vastos,
666 580 795 617 pares
813 568 990 616 nostris,
1017 580 1090 604 nec
1109 581 1356 618 compressos
1375 571 1538 619 quidem
1558 577 1671 608 terra

268 636 613 685 supereminente,
647 633 723 670 sed
748 633 902 670 liberae
931 633 1127 671 laxitatis
1152 648 1235 671 non
1252 635 1340 676 nine
1359 635 1529 673 horrore
1548 637 1670 674 visos.

269 722 322 730 —
359 700 551 750 Quamvis
585 699 748 736 minime
787 699 1014 749 negaverim
1054 699 1222 750 antiquis
1258 701 1501 751 temporibus
1538 701 1673 751 plures

269 767 436 805 fortasse
463 764 719 817 philosophos
744 763 845 802 hanc
875 766 1107 804 sententiam
1137 766 1332 815 habuisse,
1374 767 1431 804 uti
1462 768 1579 804 etiam
1606 781 1674 805 re-

272 833 446 871 centiore
476 837 601 870 aetate
630 845 676 870 re
703 843 801 869 vera
836 831 1000 869 eandem
1032 832 1107 869 sibi
1139 834 1333 884 persuasit
1372 832 1676 872 VVoodwar-

272 899 384 947 dus,
421 911 538 949 quem
568 898 784 936 refutatum
812 897 888 936 ivit
922 897 980 935 de
1009 899 1135 947 Luc,
1171 905 1216 936 ut
1244 912 1386 950 operae
1410 900 1583 950 pretium
1608 899 1675 938 vi-

272 965 434 1003 deretur
458 961 749 1003 Aristoteli
776 969 816 1001 et
845 964 1066 1002 Senecae
1093 978 1179 1003 eam
1200 963 1436 1008 1refellendi:
1473 964 1516 1002 id
1542 971 1676 1002 tamen

271 1037 423 1069 certum
456 1036 536 1078 est,
580 1029 849 1068 Platonem
885 1029 985 1068 hanc
1011 1031 1276 1069 narrationem
1310 1029 1430 1069 ethici
1458 1031 1678 1082 argumenti

271 1098 405 1147 gratia,
432 1096 537 1147 quod
555 1096 596 1133 in
615 1095 675 1143 iis,
708 1108 807 1145 quae
830 1096 1032 1147 excipiunt
1050 1097 1172 1135 verba
1191 1110 1214 1134 a
1230 1097 1343 1135 nobis
1361 1097 1566 1149 adscripta,
1592 1111 1678 1135 am·-

271 1163 375 1213 plius
401 1166 588 1208 exornat,
626 1166 777 1198 tantum
806 1160 987 1209 finxisse,
1022 1163 1137 1199 sicuti
1164 1168 1280 1200 notae
1306 1163 1370 1200 isti
1398 1163 1447 1201 de
1473 1164 1678 1203 Atlantide

271 1227 446 1275 fabulae,
474 1240 590 1277 quam
607 1227 650 1264 in
676 1228 845 1264 Timaeo
866 1232 906 1264 et
926 1227 1065 1264 Critia
1091 1229 1297 1278 proposuit
1314 1234 1353 1266 et
1372 1229 1481 1267 omni
1499 1229 1679 1267 dictionis

272 1293 483 1345 splendore
512 1306 556 1331 nc
580 1291 785 1330 dulcedine
819 1293 992 1330 excoluit
1018 1298 1058 1329 et
1086 1293 1315 1341 exornavit,
1355 1293 1492 1332 eadem
1518 1294 1678 1345 originis

273 1359 375 1397 ratio
414 1357 545 1395 subest
593 1357 691 1407 (cfr.
719 1369 760 1396 v.
791 1357 925 1395 Hoff
950 1356 1093 1395 Geech.
1123 1358 1194 1395 der
1225 1355 1271 1394 V
1268 1358 1452 1398 erzi'nder.
1492 1359 1579 1411 auf
1607 1361 1679 1397 cler

275 1422 508 1472 Erdoberfl.
528 1423 622 1462 Vol.
634 1423 669 1461 I.
690 1436 731 1473 p.
746 1424 824 1461 185
833 1420 948 1473 sqq.)‚
973 1423 1164 1474 quidquid
1181 1423 1331 1474 physici
1347 1426 1527 1463 nonnulli
1544 1431 1680 1462 nostra

276 1491 395 1528 etiam
433 1495 558 1526 aetate
588 1489 772 1540 proferre
793 1494 1009 1535 conentur,
1046 1495 1091 1527 ut
1116 1490 1375 1539 argumentis,
1412 1504 1510 1541 quae
1537 1492 1679 1539 omnia,

277 1561 473 1607 quotquot
497 1555 644 1602 adlata,
681 1567 822 1606 parum
845 1554 977 1593 valida
996 1560 1107 1604 sunt,
1135 1568 1221 1593 eam
1236 1555 1433 1598 stabiliant
1447 1570 1490 1594 ac
1507 1555 1678 1594 firment.

378 1625 454 1660 20.
501 1615 556 1666 ὡς
593 1618 747 1671 ἄλληλα
781 1618 855 1671 μὲν
891 1618 1149 1673 συντέτρηται
1185 1621 1336 1659 omissis
1371 1618 1528 1661 ἅπαντα
1556 1628 1596 1660 et
1627 1620 1682 1667 εἷς

276 1687 415 1726 Alex.
447 1686 544 1726 Aldi
569 1687 641 1725 fol.
662 1686 726 1735 94,
744 1699 779 1725 a.
810 1687 857 1724 A.
877 1688 946 1725 Er.
971 1706 1027 1713 —-
1066 1685 1113 1725 δέ
1136 1693 1225 1738 post
1253 1684 1355 1740 ἀρχή
1383 1688 1492 1726 deest
1523 1689 1565 1726 in
1592 1688 1679 1727 cod.

276 1754 332 1792 N.
363 1776 412 1782 -
460 1749 767 1799 ἀναδίδωσι,
796 1765 912 1790 sensu
938 1751 1202 1802 intransitivo,
1228 1760 1271 1791 ut
1288 1752 1509 1803 ἐπιδίδωμι,
1539 1750 1682 1792 ἀποδί-

278 1817 400 1868 δωμι,
431 1814 750 1868 ἀνταποὸίὸωμι,
786 1818 937 1868 aliaque
957 1817 1131 1855 eiusdem
1151 1819 1265 1857 verbi
1284 1820 1507 1870 composita.
1541 1820 1614 1857 cfr.
1633 1814 1692 1857 ad'

277 1886 318 1931 I,
345 1883 419 1931 14,
445 1887 497 1921 29
526 1889 565 1920 et
581 1882 682 1920 adde
701 1882 1061 1933 Wyttenbach.
1089 1883 1139 1921 ad
1165 1885 1363 1927 Platon.
1391 1884 1603 1922 Phaedon.
1639 1899 1680 1936 p.

278 1953 333 1989 72
353 1949 404 1988 A.
435 1946 492 1999 (p.
508 1947 618 1998 179).
638 1967 687 1973 -
717 1949 812 1985 Post
830 1944 1033 1998 ἐπίρρυσιν
1061 1948 1198 1986 Alex.
1227 1949 1335 1988 addit
1362 1947 1427 1988 καὶ
1447 1945 1680 2002 ἀπόρρυσιν.

279 2034 334 2042 -
362 2010 420 2066 ἐφ’
447 2009 599 2065 ἑκάστῳ
626 2026 702 2063 pro
729 2009 788 2064 ἐφ’
811 2009 958 2051 ἕκαστα
974 2014 1027 2051 Η.
1055 2015 1173 2052 Alex.
1202 2017 1252 2053 A.
1273 2016 1313 2052 S.
1344 2015 1429 2054 Cas.
1457 2016 1525 2065 qui
1549 2021 1682 2054 tamen

279 2081 321 2118 in
351 2079 526 2130 margine
548 2067 626 2131 ᾗ)-
642 2075 868 2116 ἕκαστω-
896 2079 997 2117 Mox
1014 2075 1173 2119 ὑδάτων
1191 2093 1265 2132 pro
1287 2077 1494 2133 ῥευμάτων
1511 2083 1557 2120 F.
1572 2082 1680 2120 Cam.

280 2135 460 2197 y—QT-Cas.
489 2164 544 2172 —
578 2143 758 2182 Verbum
781 2143 937 2183 finitum
957 2142 1033 2195 ἔχει
1057 2146 1219 2198 praebet
1235 2146 1289 2185 N.
1313 2169 1364 2175 —
1393 2148 1592 2198 .Denique
1608 2160 1682 2198 pro

281 2208 474 2249 εἶλεῖσθαι
503 2209 590 2247 cod.
620 2210 668 2248 E.
691 2198 854 2248 exhibet
869 2207 1078 2257 ἕλκεσθαι,
1105 2213 1234 2252 minus
1253 2211 1374 2251 bene:
1403 2212 1547 2252 Alex.
1574 2213 1682 2262 Aldi,

281 2275 428 2314 mendo
456 2273 740 2326 typographico
769 2272 968 2326 εἶλῆσθαι.

389 2344 455 2379 21.
483 2337 715 2389 κινουμένου
736 2337 779 2379 δ’
797 2337 857 2379 ἀεὶ
878 2338 961 2380 ἅνω
987 2342 1121 2382 addito
1150 2340 1209 2382 ἀεὶ
1237 2346 1283 2383 F.
1303 2345 1410 2383 Cam.
1440 2345 1547 2396 quod
1574 2345 1682 2383 uncis

280 2407 523 2445 incluserunt
541 2407 585 2444 P.
604 2407 689 2445 Cas.
714 2429 764 2436 —-
794 2403 950 2456 ἔκχυσιν
966 2421 1042 2460 pro
1058 2406 1235 2459 ἐπίχυσιν
1245 2411 1292 2450 E.
1308 2431 1365 2440 —·
1386 2411 1582 2461 Deinceps
1598 2405 1682 2448 οἷον

281 2485 356 2522 pro
377 2467 463 2510 οἵαν
487 2473 533 2510 F.
555 2471 608 2509 H.
634 2472 688 2510 N.
717 2492 771 2500 --
805 2468 954 2525 ἤρξατο
989 2487 1064 2525 pro
1090 2470 1260 2526 ἤρξαντο
1283 2478 1331 2515 F.
1349 2477 1403 2514 H.
1424 2477 1477 2514 N.
1499 2476 1550 2514 A.
1574 2476 1681 2514 cam.

279 2538 325 2575 P.
348 2539 388 2575 S.
408 2538 493 2576 Cas.
522 2537 589 2588 qui
612 2542 745 2576 tamen
772 2539 815 2576 in
840 2539 1015 2589 margine
1042 2529 1119 2592 ff
1133 2537 1318 2593 ἤρξαντο.
1347 2541 1419 2579 cfr.
1444 2540 1494 2578 ad
1513 2542 1556 2589 1,
1577 2545 1623 2590 3,
1643 2543 1679 2580 1.

280 2622 336 2630 —
365 2602 432 2641 καί
459 2608 548 2641 ante
570 2599 674 2641 κατὰ
699 2599 770 2642 τὸν
786 2600 909 2643 αὐτὸν
925 2601 1051 2644 τόπον
1074 2606 1183 2644 deest
1202 2607 1245 2644 in
1261 2608 1308 2644 F.
1325 2607 1378 2645 H.
1397 2605 1448 2643 N.
1467 2626 1522 2635 —-
1551 2607 1682 2646 Etiam

279 2679 355 2717 pro
373 2669 497 2706 altero
512 2664 685 2719 ἤρξαντο
705 2669 752 2707 F.
771 2670 824 2709 H.
841 2670 893 2709 N.
923 2669 1112 2710 exhibent
1135 2671 1383 2723 singularem.
1415 2692 1464 2700 —-
1507 2668 1609 2724 πρὸς
1634 2670 1682 2712 τὸ

281 2728 444 2778 ἄναντες
470 2734 605 2772 addito
623 2733 788 2773 articulo
807 2737 854 2774 F.
873 2757 928 2765 —
955 2732 1075 2774 πάλιν
1091 2749 1166 2786 pro
1186 2737 1305 2776 πᾶσιν
1322 2737 1376 2775 Ν.
1393 2757 1441 2763 -
1473 2735 1537 2776 καὶ
1552 2735 1682 2792 χρόας
