1774 3198
295 322 387 366 594
508 326 956 385 COMMENTARIUS
986 326 1048 366 IN
1067 294 1472 366 METEOROLbG.

295 439 416 496 σοφίᾳ
444 442 493 493 τῇ
522 434 744 492 καλουμένῃ
772 439 970 491 μηχανικῇ
1000 425 1239 489 λογιώτατος
1267 432 1313 475 οὗ
1341 435 1421 474 τῶν
1449 433 1538 474 κατ’
1577 431 1697 474 αὐτὸν

294 506 417 558 μόνον
457 501 709 557 ἀνθρώπων,
760 501 863 543 ἀλλὰ
903 506 983 544 τῶν
1023 500 1146 542 αὐτοῦ
1189 499 1528 555 προγεγενημένων
1565 500 1698 554 πολλᾷ

296 575 405 622 (Cfr.
434 572 728 610 Schneider
763 571 903 622 Eclog.
931 569 1048 621 phys.
1090 571 1208 611 Tom.
1231 571 1284 608 ΙΙ.
1313 583 1354 620 p.
1380 573 1471 607 113.
1527 567 1701 607 Wilde

303 638 428 677 Uebcr
461 640 526 676 die
560 639 685 688 Οριιίί1
718 637 789 675 der
820 637 1033 675 Grieclzen.
1069 637 1205 675 Berlin
1244 639 1362 674 1832.
1399 638 1433 673 8.
1471 649 1509 685 p.
1539 636 1589 672 25
1619 631 1702 685 sq.).

297 707 356 753 Is,
387 705 487 743 bene
509 719 671 756 gnarus,
701 706 833 757 quales
857 704 1016 742 effectus
1048 707 1116 740 aiir
1134 702 1306 740 inelu'sus
1324 707 1364 739 et
1385 701 1587 739 calefactus
1609 713 1704 751 pro-

297 772 443 810 ducere
465 772 596 823 possit,
625 786 700 824 qua
729 772 779 809 de
797 785 842 810 re
862 770 1124 808 conferendus
1153 768 1447 819 Simplicius
1476 767 1526 805 ad
1558 767 1704 804 Arist.

299 839 347 876 de
367 838 479 876 caelo
509 841 557 878 Π.
586 838 654 876 sol.
678 840 767 886 127,
788 838 825 885 b,
856 837 965 875 cuius
984 837 1109 875 verba
1132 835 1335 885 adscripsit
1363 831 1706 872 Schneiderus

298 906 326 943 l.
349 906 377 944 l.
407 906 525 942 Tom.
544 905 575 942 I.
606 918 645 955 p.
667 908 770 952 203,
807 909 937 942 terrae
962 909 1093 941 motus
1121 901 1318 939 naturales
1342 905 1425 938 arte
1442 899 1615 937 imitatus
1636 903 1707 936 est.

300 972 401 1009 Cum
427 971 583 1021 longior
610 971 660 1008 sit
682 971 852 1009 narratio
874 970 1036 1008 minime
1057 967 1287 1016 iniucunda,
1316 980 1431 1019 quam
1449 972 1494 1004 ut
1516 965 1707 1015 integram

300 1037 523 1075 adscribere
547 1050 745 1087 queamus,
774 1036 823 1074 ad
844 1037 973 1088 ipsum
991 1037 1022 1074 A
1029 1035 1197 1086 gathiam
1215 1035 1382 1072 lectores
1401 1033 1620 1083 ablegemus
1637 1044 1709 1068 ne-

301 1097 406 1141 cesse
438 1109 508 1141 est.
566 1103 858 1141 Aristotelicam
890 1103 939 1140 de
967 1109 1098 1140 terrae
1126 1107 1306 1139 motuum
1335 1100 1484 1150 origine
1508 1105 1547 1136 et
1571 1103 1710 1135 natura

301 1169 534 1207 sententiam
563 1169 614 1206 ad
643 1175 777 1207 nostra
802 1170 888 1206 fere
920 1182 1043 1219 usque
1073 1168 1223 1205 saecula
1247 1166 1460 1205 invaluisse
1493 1164 1709 1202 multorum

303 1235 462 1272 testium
500 1235 709 1273 autoritate
744 1240 878 1285 potest
908 1233 1073 1271 firmari.
1147 1233 1275 1270 Unius
1308 1232 1431 1270 verba
1463 1230 1709 1281 adponimus‚

305 1314 422 1350 quem
441 1313 631 1350 nusquam
648 1300 821 1338 vidimus
841 1300 1064 1346 excitatum,
1094 1298 1243 1337 Mutii
1264 1297 1453 1335 Clironic.
1474 1297 1711 1334 Germanic.

304 1367 393 1404 libr.
421 1367 565 1404 XXV.
605 1379 646 1416 p.
676 1369 752 1404 251
794 1364 927 1417 (apud
953 1366 1137 1404 Pistor.
1165 1365 1265 1402 Rer.
1296 1363 1528 1400 Germanic.
1558 1362 1710 1410 Script.

305 1430 505 1482 Tom.II):
531 1433 706 1470 Constat
726 1434 835 1469 inter
852 1438 1033 1469 naturae
1047 1431 1206 1481 peritos
1228 1443 1276 1466 ex
1297 1428 1557 1465 condensatis
1575 1433 1713 1464 terrae

298 1496 503 1546 flatibus,
534 1500 608 1548 qui
630 1506 802 1536 aeterna
829 1498 916 1549 lege
937 1498 1078 1547 flant,
1106 1502 1307 1545 perpetuo
1328 1493 1432 1541 fieri
1449 1491 1606 1546 fontes.
1661 1492 1714 1529 In

307 1565 477 1601 nimium
504 1565 635 1614 igitur
664 1564 801 1601 soluta
825 1565 1057 1614 pertransit
1083 1563 1257 1612 spiritus
1278 1573 1360 1597 non
1379 1558 1715 1612 condensatus-in

309 1642 477 1680 aquam,
507 1630 549 1666 in
569 1632 706 1679 spissa
725 1643 820 1667 vero
841 1631 1014 1666 nimium
1032 1627 1198 1680 ingredi
1225 1640 1306 1664 non
1325 1631 1460 1675 potest
1470 1637 1486 1670 5
1515 1625 1716 1661 cernimus

309 1710 406 1746 ergo
419 1696 551 1745 paulo
567 1696 803 1733 solutiorem
821 1695 879 1732 ad
893 1695 1039 1747 fontes
1054 1692 1322 1745 generandas
1344 1691 1601 1740 aptissimam
1622 1703 1716 1727 esse.

420 1762 574 1800 Terrae
591 1767 770 1799 motuum
783 1789 795 1808 ,
823 1763 891 1813 qui
909 1761 956 1799 ab
974 1760 1140 1811 antiquis
1159 1758 1403 1809 temporibus
1425 1755 1475 1793 ad
1494 1756 1716 1794 recentiora

311 1841 431 1879 usque
455 1828 606 1878 singula
634 1834 765 1865 terrae
793 1828 878 1865 loca
906 1813 1131 1874 vastavere,
1162 1837 1370 1863 recensum
1395 1823 1530 1874 plures
1556 1821 1715 1859 dedere.

311 1895 473 1945 Praeter
500 1894 752 1940 Hoffium,
783 1906 902 1943 supra
924 1894 1036 1930 nobis
1061 1891 1282 1937 laudatum,
1318 1887 1635 1927 commendamus
1658 1893 1718 1924 ta-

311 1950 465 2006 hulam,>
485 1972 584 2008 quae
604 1958 830 1996 continetur
847 1958 912 1996 in:
941 1959 1163 1996 Memoires
1184 1957 1231 1993 de
1254 1953 1509 1993 Z’Acade‘mie
1525 1953 1716 1994 deParis,

313 2024 475 2062 Savans
494 2022 735 2075 Etrangers.
759 2025 877 2062 Tom.
897 2025 967 2064 IV.
993 2038 1033 2075 p.
1052 2022 1131 2061 488
1163 2028 1202 2060 et
1218 2023 1380 2059 alteram
1400 2033 1422 2057 a
1444 2019 1592 2056 Cotte
1620 2031 1716 2055 con-

314 2097 500 2129 structam
518 2090 580 2128 in:
611 2090 790 2128 Journal
809 2089 856 2127 de
875 2089 1095 2140 Physique.
1124 2088 1240 2127 Tom.
1263 2088 1399 2126 LXV.
1427 2098 1467 2137 p.
1489 2085 1590 2132 159,
1619 2097 1717 2135 quae

315 2157 491 2208 priorem
518 2157 689 2207 supplet.

428 2293 464 2327 1.
493 2286 600 2327 ἐστίν
627 2294 716 2340 post
731 2284 878 2327 τούτου
896 2289 967 2326 τοῦ
996 2284 1133 2340 γένους
1160 2285 1305 2324 omittit
1327 2286 1372 2323 E.
1390 2306 1444 2313 -
1471 2296 1512 2335 γε
1541 2287 1628 2334 post
1646 2279 1718 2332 μέ-

313 2368 381 2406 χρι
409 2361 562 2406 ponunt
587 2357 631 2394 F.
649 2356 700 2392 H.
722 2355 778 2397 N.
797 2355 913 2392 Alex.
933 2355 1002 2393 fol.
1021 2354 1157 2402 106,b.
1186 2355 1234 2392 A.
1256 2353 1364 2391 Cam.
1386 2351 1431 2388 P.
1452 2350 1539 2400 (qui
1559 2348 1719 2400 praebet

315 2418 473 2470 χθόνου
501 2435 576 2472 pro
602 2417 778 2472 χρόνου)
809 2422 846 2458 S.
869 2420 956 2458 Cas.
986 2441 1041 2447 -—-
1066 2433 1108 2458 τε
1132 2424 1222 2471 post
1243 2413 1511 2468 Ἀναξαγόρας
1534 2415 1719 2452 omittunt

317 2486 365 2523 H.
379 2488 432 2525 N.
447 2488 487 2524 in
501 2485 574 2537 μέν
589 2488 755 2525 mutavit
769 2490 814 2526 F.
831 2509 885 2516 —-
913 2486 1069 2524 Deinde
1087 2483 1279 2538 πρότερον
1299 2498 1373 2535 pro
1391 2479 1582 2534 πρότερος
1600 2482 1643 2518 F.
1664 2482 1717 2518 H.

318 2552 371 2590 N.
392 2554 495 2590 Cam.
516 2555 558 2591 P.
576 2552 614 2591 S.
637 2554 721 2592 Cas.
748 2575 801 2580 ———
836 2549 1003 2603 ὕστερον
1030 2566 1105 2603 pro
1133 2548 1299 2604 ὕστερος
1325 2551 1379 2588 Η.
1407 2549 1460 2586 N.
1490 2547 1596 2586 Cam.
1629 2545 1718 2598 (qui

318 2619 463 2656 mendo
482 2619 766 2670 typographico
787 2619 948 2669 praebet
962 2614 1249 2670 Ἀβδηκρίτης)
1262 2605 1340 2669 —y-(s
1360 2615 1449 2653 Cas.

429 2689 467 2722 2.
494 2686 719 2723 Articulum
738 2691 826 2723 ante
845 2685 960 2723 κοῖλα
982 2685 1170 2723 omittunt
1193 2686 1239 2722 F.
1258 2683 1309 2720 H.
1323 2682 1376 2719 N.
1433 2677 1501 2718 Ad
1524 2678 1616 2716 istas
1644 2679 1719 2716 tel-

318 2748 414 2786 luris
429 2751 614 2799 spatiosas
633 2764 819 2788 cavernas
835 2757 966 2788 nostra
985 2751 1099 2788 ctiam
1117 2754 1240 2789 aetate
1259 2746 1472 2796 confugere
1489 2746 1611 2783 coacti
1630 2750 1719 2783 sunt
1773 2744 1774 2806 ]
