1774 3198
338 364 431 407 612
551 370 998 410 COMMENTARIUS
1027 371 1088 408 IN
1114 372 1517 412 METEOROLOG.

446 483 512 520 43.
539 483 603 520 De
625 494 671 518 re
693 482 766 519 cfr.
795 481 846 518 ad
868 481 911 528 1,
941 483 1044 528 6,8.
1100 480 1217 519 Adde
1246 482 1480 520 Gataker
1509 483 1559 521 nd
1588 484 1741 523 Marc.

337 547 574 588 Antonin.
595 548 668 596 IV,
686 547 753 586 48.
783 561 824 599 p.
850 550 943 586 131.
974 559 1016 586 v.
1037 548 1173 586 Hoff.
1195 548 1222 585 l.
1242 549 1269 585 1.
1301 549 1390 588 Vol.
1409 550 1440 586 Ι.
1474 562 1512 599 p.
1538 549 1588 586 34
1612 562 1668 600 sq.
1690 573 1739 579 —-

335 616 454 652 τοῦτο
485 613 673 651 omittunt
698 615 817 652 Alex.
841 616 892 653 A.
921 634 970 640 —-
1003 614 1077 652 τοῦ
1097 610 1273 664 κύματος
1299 615 1445 653 omittit
1462 616 1508 653 F.
1538 616 1609 653 τοῦ
1626 613 1742 655 πνεύ-

334 692 462 728 ματος
487 678 674 717 exhibent
695 682 742 718 E.
766 682 818 719 H.
837 681 889 719 N.

444 745 512 785 44.
553 742 590 783 οἳ
619 742 658 798 ‘J'
679 742 816 796 ἄνεμοι
846 743 894 785 οὔ
929 747 1072 785 omisso
1107 743 1209 786 κατὰ
1241 743 1363 798 μέρος
1397 747 1526 798 prima
1554 760 1672 785 manu
1699 749 1742 785 F.

334 834 389 841 -—
416 807 519 850 κατὰ
547 806 619 849 τὸν
646 807 770 851 τόπον
798 809 928 852 αὐτῶν
953 815 1098 853 Alex.
1129 814 1197 852 fol.
1225 812 1277 850 40
1287 841 1299 861 ,
1325 826 1359 851 a.
1384 835 1439 841 —-
1487 808 1637 864 ἔφαμεν
1667 814 1740 852 cfr.

333 881 389 926 Π»
419 878 467 927 4,
499 881 564 926 11·
637 884 643 887 =

444 945 510 983 45.
542 939 632 982 ὥστ’
665 941 724 997 ἐφ’
757 942 826 983 ἕνα
852 943 984 991 πάσας
1011 959 1086 997 pro
1114 941 1203 984 ὥστ’
1237 941 1296 998 ἐφ’
1316 939 1360 983 ἓν
1382 939 1541 990 ἁπάσας
1569 946 1673 984 Cam.
1695 947 1741 984 P.

334 1009 374 1049 S.
392 1011 477 1049 Cas.
497 1031 551 1038 —-
578 1011 673 1048 Post
692 1007 791 1050 ὥστε
812 1008 891 1064 ῥεῖν
907 1015 955 1051 F,
977 1013 1081 1051 Cam.
1097 1001 1264 1063 γῖῦαε.
1278 1012 1428 1050 addunt
1450 1008 1508 1063 ἐφ’
1531 1009 1571 1050 ἕν
1591 1013 1743 1050 omissis

332 1077 472 1114 iisdem
491 1076 690 1114 vocabulis
708 1078 751 1114 in
771 1077 850 1115 fine
869 1078 1117 1129 paragraphi.

443 1142 510 1180 46.
540 1139 723 1180 κάτωθεν
753 1139 835 1181 ἄνω
856 1148 955 1182 κινεῖ
978 1145 1120 1182 additis
1150 1144 1349 1195 prioribus
1373 1143 1525 1181 duobus
1543 1144 1743 1182 vocabulis

331 1210 383 1247 N.
403 1230 458 1236 ——
488 1204 620 1257 ὥσπερ
651 1205 694 1245 δὲ
724 1203 744 1246 ὃ
772 1206 926 1260 ,τρόμος
954 1210 1117 1248 exhibet
1137 1213 1182 1248 F.
1203 1231 1256 1238 ——-
1287 1207 1359 1259 μέν
1386 1216 1477 1260 post
1507 1207 1570 1247 ἐπὶ
1590 1206 1742 1255 πλάτος

332 1276 519 1312 omittunt
544 1277 591 1313 F.
614 1275 664 1312 H.
685 1273 738 1312 N.
759 1274 871 1312 Cam.
904 1282 942 1313 et
967 1273 1036 1313 καί
1061 1281 1151 1326 post
1181 1271 1354 1325 ὀλιγάκις
1381 1276 1434 1313 H.
1454 1295 1509 1302 --
1540 1276 1740 1314 Articulus

331 1347 420 1378 ante
449 1336 631 1392 σφυγμός
669 1340 780 1377 deest
814 1341 857 1378 in
885 1343 931 1379 F.
964 1347 1004 1378 et
1031 1338 1156 1379 verba
1185 1337 1267 1379 ἄνω
1296 1339 1360 1379 καὶ
1389 1338 1572 1380 κάτωθεν
1601 1343 1642 1380 in
1669 1344 1740 1388 N„

332 1407 399 1457 qui
427 1406 571 1443 deinde
596 1406 946 1456 praebetinverso
976 1403 1214 1444 ordine'tbv
1242 1404 1392 1457 τρόπον
1418 1408 1574 1445 τοῦτον.
1602 1428 1652 1433 -—
1692 1405 1738 1446 οὗ

329 1469 405 1524 γὰρ
437 1470 575 1510 δίδωσι
605 1466 744 1526 ῥᾴδιον
770 1472 904 1510 addito
934 1470 1073 1510 δίδωσι
1103 1474 1150 1510 Ε.
1170 1473 1221 1510 Η.
1240 1473 1293 1509 N.
1312 1493 1366 1523 ἡ
1396 1468 1506 1511 οὔπω
1535 1487 1609 1524 pro
1632 1470 1738 1513 οἷ’·τω

330 1538 378 1576 Ρ.
397 1559 453 1566 —
481 1533 609 1587 ἀρχήν
638 1544 727 1586 post
756 1534 907 1588 πολλήν
933 1539 1047 1589 ponit
1074 1541 1119 1577 F.
1158 1538 1305 1576 omittit
1328 1539 1372 1577 E.
1411 1535 1483 1589 τὴν
1512 1536 1637 1592 ἀρχήν
1666 1554 1739 1578 ex-

328 1603 438 1641 hibet
469 1604 576 1642 Cam.
599 1593 676 1656 ἶρ-
695 1605 780 1642 Cas.
1043 1611 1046 1614 '

440 1671 507 1708 47.
543 1671 724 1708 τοιοῦτον
754 1666 916 1720 σεισμόν
953 1684 1028 1722 pro
1055 1671 1300 1709 nominativo
1331 1672 1378 1710 E.
1410 1692 1460 1698 —
1502 1670 1632 1722 λίμοις
1661 1687 1736 1725 pro

328 1735 475 1781 λίκνοις
489 1738 541 1774 Ν.
574 1736 641 1787 qui
662 1735 846 1787 deinceps
866 1736 1027 1775 exhibet
1044 1735 1249 1789 γινομένου
1270 1751 1343 1788 pro
1363 1735 1588 1789 γενομένου.
1612 1762 1661 1768 --
1686 1736 1736 1778 τά

328 1816 369 1840 τε
397 1801 489 1855 περί
514 1804 560 1840 Ε.
582 1804 638 1840 Η.
656 1801 710 1839 Ν.
739 1825 794 1831 -—
831 1801 1000 1841 Σίπελον
1026 1793 1169 1856 Α.ἶιρῗ
1197 1804 1278 1842 Cas.
1303 1806 1358 1842 M.
1388 1811 1428 1842 et
1455 1818 1550 1843 mox
1576 1806 1736 1844 inverso

328 1869 469 1906 ordine
498 1865 741 1917 καλούμενον
763 1868 983 1919 Φλεγραῖον
1011 1871 1060 1908 Α.
1081 1871 1190 1909 Cam.
1209 1870 1253 1907 P.
1276 1871 1314 1908 S.
1353 1871 1417 1907 De
1433 1885 1479 1908 re
1499 1872 1570 1909 cfr.
1602 1872 1737 1910 Stra-

326 1933 484 1979 bon.1.
515 1947 556 1984 p.
579 1937 654 1970 101
676 1936 718 1971 B.
744 1930 1006 1983 μιμνήσκεται
1036 1932 1080 1972 δὲ
1111 1930 1144 1983 [ὃ
1161 1931 1450 1984 Ποσειδώνιος]
1481 1933 1582 1988 πρὸς
1608 1939 1736 1976 ταῦτα

326 2001 406 2038 τῶν
433 1994 511 2037 ὑπὸ
530 1995 793 2050 Δημοκλέους
815 1997 1047 2049 λεγομένων,
1079 1996 1264 2050 σεισμούς
1280 2013 1390 2045 τινας
1405 1998 1611 2051 μεγάλους,
1641 2000 1735 2048 τοὺς

326 2063 400 2115 μὲν
436 2061 560 2103 πάλαι
596 2064 684 2116 περὶ
711 2063 877 2104 Λυδίαν
915 2062 1148 2116 γενομένους
1185 2064 1250 2104 καὶ
1288 2063 1461 2114 Ἰωνίαν,
1511 2065 1626 2119 μέχρι
1662 2069 1735 2118 τῆς

330 2126 548 2183 Τρωάδος,
592 2127 861 2183 ἱστοροῦντες,
898 2125 974 2183 ὑφ’
1008 2122 1063 2169 ὧν
1091 2130 1156 2169 καὶ
1184 2134 1299 2182 κῶμα
1326 2129 1629 2183 κατεπόθησαν,
1666 2133 1733 2172 καὶ

327 2195 501 2241 Σίπυλος
528 2194 803 2249 κατεστράφη,
847 2193 948 2235 κατὰ
974 2194 1048 2247 τὴν
1078 2195 1288 2236 Ταντάλου
1323 2197 1550 2247 βασίλειαν,
1597 2198 1661 2238 καὶ
1690 2198 1732 2246 ἐξ

325 2257 423 2301 ἑλῶν
452 2261 584 2313 λίμναι
614 2261 789 2314 ἐγένοντο
819 2260 891 2313 τὴν
921 2260 965 2300 δὲ
986 2262 1137 2315 Τροίαν
1165 2261 1350 2302 ἐπέκλυσε
1380 2265 1498 2314 κῦμα.
1535 2266 1623 2303 coll.
1637 2267 1729 2305 XII.

323 2342 361 2379 p.
384 2332 461 2367 869
483 2330 533 2367 A.
563 2330 675 2368 XIII.
701 2342 740 2379 p.
760 2332 838 2367 923
859 2330 911 2367 A.
950 2330 1080 2367 Plin.
1111 2331 1225 2368 Hist.
1256 2337 1345 2367 nat.
1372 2332 1431 2376 H,
1463 2335 1535 2369 91:
1564 2332 1664 2381 Ipsa
1686 2345 1728 2368 ee

325 2393 498 2430 condens
523 2402 638 2431 terra
667 2394 884 2431 devoravit
907 2395 1104 2445 Cybotum
1135 2396 1380 2432 altissimum
1409 2404 1602 2445 montem,
1639 2410 1728 2434 cum

324 2459 475 2508 oppido
499 2461 660 2504 Curite,
689 2461 874 2509 Sipylum
900 2462 945 2497 in
964 2462 1194 2510 Magnesia
1215 2469 1253 2497 et
1267 2463 1388 2510 prius
1407 2463 1452 2498 in
1472 2462 1609 2499 eodem
1637 2462 1723 2499 loco

322 2523 600 2562 clarissimam
620 2524 776 2572 urbem,
806 2538 914 2575 quae
939 2527 1132 2563 Tantalis
1151 2526 1392 2563 vocabatur.
1451 2527 1625 2565 Omnino
1653 2527 1726 2565 ista

318 2589 427 2637 regio
444 2602 726 2639 saepenumero
747 2597 878 2628 terrae
896 2591 1066 2628 motibus
1088 2591 1286 2629 devastata
1311 2598 1380 2630 est.
1415 2593 1486 2631 cfr.
1515 2606 1552 2630 v.
1582 2593 1721 2632 Hoff.

319 2654 412 2692 Vol.
432 2655 485 2692 ΙΙ.
515 2668 553 2706 p.
574 2656 822 2695 142-147.
879 2658 943 2695 De
973 2657 1189 2707 Phlegraeo
1218 2671 1356 2709 campo
1389 2657 1622 2708 Campaniae
1651 2659 1723 2697 cfr.

319 2719 550 2759 Strabon.
573 2722 624 2759 V.
653 2735 692 2771 p.
713 2725 794 2760 372
816 2723 848 2760 C
867 2736 923 2773 sq.
956 2722 1188 2769 Eustath.
1206 2711 1270 2760 'ad
1296 2713 1501 2773 Dionys.
1531 2725 1720 2775 Perieg.

320 2784 412 2822 357·
441 2798 480 2835 p.
502 2788 594 2824 157.
624 2788 749 2824 Plin.
781 2789 893 2825 Hist.
913 2795 1003 2825 nat·
1024 2788 1177 2836 XVIII,
1199 2791 1262 2826 11.
1321 2788 1400 2833 Adi
1428 2800 1468 2826 v.
1499 2790 1635 2828 Hoff.
1663 2791 1718 2828 II·
