1760 3138
511 350 734 391 LIBRUM
763 350 1005 391 PRIMUM.
1065 351 1180 391 CAP.
1198 351 1253 391 11.
1521 343 1614 388 325

807 465 909 504 cst.
937 466 992 504 II.

287 532 526 584 Priusquam
547 531 598 570 acl
620 531 912 584 expositionem
942 546 1150 571 causarum
1177 532 1488 584 transgreditur,
1517 546 1616 585 pro-

175 606 269 653 pter
289 614 384 652 quas
403 601 555 652 singula
571 607 652 639 tam
671 600 713 638 in
734 613 882 652 supero
900 599 995 638 loco
1010 614 1128 652 quam
1145 601 1188 638 in
1205 607 1338 639 terrae
1353 600 1500 639 vicinia
1517 600 1617 639 fiant

174 668 465 720 phaenomena,
492 669 673 708 breviter
695 668 844 720 repetit
863 681 920 718 ea,
950 681 1052 720 quae
1075 669 1118 707 in
1138 668 1412 720 superioribus
1431 668 1545 707 libris
1564 668 1616 707 de

176 737 468 774 elementorum
486 743 627 775 natura
656 736 888 776 tradiderat.
946 737 1090 775 Statim
1121 736 1237 775 initio
1265 731 1401 788 ἐπειδὴ
1422 734 1617 775 exhibent

175 803 294 842 codd.
316 805 364 842 F.
386 805 438 843 H.
459 805 510 843 N.
568 805 647 844 Pro
681 802 724 852 ἐξ
755 794 811 844 ὧν
838 805 1126 844 Vicomerc.
1164 804 1334 842 coniecit
1367 800 1410 850 ἐξ
1435 793 1506 855 ἧς,
1549 803 1617 854 qui

174 871 297 910 dicit:
326 901 353 921 ‚‚
370 873 470 910 Cum
498 881 622 911 antea
651 875 851 923 legeretur
880 871 956 924 μία
985 868 1090 926 ἀρχὴ
1117 872 1199 911 τῶν
1228 866 1455 922 σωμάτων,
1496 867 1540 917 ἐξ
1567 862 1617 922 ἧς

175 936 428 991 συνέστηκεν,
450 940 701 992 sacillssuit
719 942 884 987 relativi
902 955 973 979 seu
987 942 1236 989 pronominis
1261 930 1312 991 ἧς
1337 941 1380 977 in
1394 952 1616 989 pronomen

174 997 253 1055 ὧν,
278 1016 322 1045 ut
343 1021 450 1046 nunc
470 1009 636 1058 legitur,
668 1010 832 1058 lapsus,
864 1021 953 1046 cum
973 1010 1213 1057 praesertim
1240 1011 1343 1044 unus
1366 1020 1415 1044 ex
1434 1007 1496 1043 his
1515 1007 1615 1044 locis

173 1090 254 1113 esse
269 1078 455 1124 potuerit,
480 1089 589 1127 quos,
619 1076 736 1113 libris
757 1076 988 1114 Aristotelis
1008 1077 1125 1113 tineis
1146 1078 1332 1121 corrosis,
1363 1074 1468 1111 male
1484 1073 1615 1123 fuisse

172 1144 398 1182 emendatos
423 1143 820 1181 Strabodestaturf‘
886 1145 943 1182 At
973 1143 1077 1181 bcne
1112 1156 1154 1180 se
1181 1142 1304 1180 habet
1332 1139 1374 1189 ἐξ
1395 1133 1473 1192 ὧν,
1505 1142 1615 1194 quod

172 1225 311 1249 omnes
334 1210 452 1249 codd.
475 1210 670 1262 praebent
698 1210 884 1262 editique,
904 1212 1067 1250 favente
1088 1211 1207 1249 etiam
1229 1213 1325 1262 Bag.
1348 1224 1440 1249 cum
1461 1215 1612 1257 vertat:

171 1293 219 1317 ex
238 1280 386 1331 quibus.
443 1277 540 1316 Non
561 1278 668 1316 enim
689 1277 740 1316 de
757 1279 845 1330 ipso
866 1279 999 1331 primo
1021 1279 1236 1329 elemento,
1265 1277 1336 1316 sed
1358 1278 1409 1316 de
1428 1277 1613 1329 corpori-

169 1347 244 1385 bu's
264 1346 421 1399 superis
440 1345 483 1383 in
502 1344 682 1397 sphaeris
702 1346 801 1385 orbe
824 1347 1090 1393 circumlatis,
1120 1347 1226 1390 sole,
1255 1347 1353 1384 luna
1384 1352 1423 1384 et
1443 1346 1614 1397 planetis

169 1428 302 1453 sermo
321 1420 392 1452 est.
429 1413 553 1451 Unde
570 1414 690 1452 etiam
712 1415 922 1466 amplexus
943 1427 1032 1452 sum
1050 1414 1266 1452 lectionem
1288 1413 1612 1466 praestantissimi

171 1481 319 1520 codicis
334 1483 396 1531 E.,
427 1481 495 1532 qui
514 1495 590 1532 pro
615 1479 831 1534 ἐγκυκλίως
861 1481 1026 1520 exhibet
1052 1478 1242 1533 ἔγκύκλω.
1299 1480 1393 1520 Ald.
1418 1478 1460 1519 ἒν
1479 1478 1613 1535 κύκλῳ

173 1550 260 1588 Cas.
278 1549 322 1586 in
343 1537 555 1600 margyff.
577 1546 618 1587 ἓν
644 1545 793 1602 κύκλῳ.
853 1549 936 1598 Qui
959 1549 1067 1586 enim
1089 1548 1232 1586 iisdem
1255 1547 1306 1586 de
1326 1547 1613 1600 Phaenomenis

172 1616 286 1666 loqui
305 1616 566 1654 Aristotelem
587 1616 902 1664 arbitrabantur,
928 1629 1029 1667 quae
1047 1616 1090 1663 Ι,
1115 1619 1141 1653 2
1171 1611 1357 1667 ἐγκύκλια
1385 1622 1614 1666 vocaverat,

170 1683 280 1721 idem
314 1682 556 1720 vocabulum
592 1682 687 1721 huic
721 1684 810 1721 loco
846 1696 1059 1734 perperam
1101 1683 1290 1721 intulere.
1354 1684 1409 1722 H.
1445 1684 1615 1735 praebet

170 1748 350 1803 τέσσαρα
378 1755 419 1788 et
448 1749 595 1788 deinde
631 1747 836 1803 τέσσαρας
874 1747 1016 1803 ἀρχάς.
1084 1750 1199 1789 Idem
1230 1764 1322 1788 cum
1352 1750 1441 1789 cod.
1469 1753 1517 1789 F.
1548 1751 1613 1789 in-
1657 1790 1663 1796 ,

171 1831 292 1857 verso
322 1817 466 1868 ordine
495 1815 631 1871 φαμὲν
660 1813 772 1857 εἶναι.
830 1818 910 1857 Pro
939 1814 1144 1870 τεττάρων
1173 1818 1227 1856 N.
1256 1817 1376 1856 habet
1404 1814 1613 1871 τεσσάρων

172 1893 212 1925 et
232 1885 378 1924 deinde
402 1899 540 1923 omnes
563 1885 679 1924 codd.
707 1891 870 1937 praeter
895 1887 942 1924 E.
971 1886 1070 1924 πᾶσι
1097 1880 1272 1932 τούτοις.
1330 1887 1378 1925 In
1397 1899 1482 1937 sqq.
1506 1881 1612 1924 αὒτά

171 1954 226 1993 Α.
252 1954 364 1993 Cam.
388 1955 461 1992 Er.
483 1953 569 1992 Cas.
589 1954 629 1991 S.
653 1955 748 2004 Bag.
769 1953 895 1992 vertit
919 1955 1024 2002 ipsa.
1065 1949 1262 2005 ἐγγύτατα
1289 1953 1425 2005 recepi
1453 1966 1505 1991 ex
1522 1952 1610 1991 cod.

169 2022 237 2070 E.,
267 2034 387 2072 quem
408 2026 565 2059 secutus
587 2027 646 2058 est
664 2021 758 2060 Ald.
778 2017 831 2059 κό
845 2034 909 2071 σμ
922 2034 942 2059 ο
955 2034 974 2067 ς
1004 2027 1062 2059 est
1082 2021 1203 2070 idem,
1223 2021 1329 2072 quod
1347 2016 1531 2074 οὐρανός,
1549 2033 1613 2058 se-

170 2087 346 2126 cundum
364 2088 530 2133 alteram
555 2089 660 2126 illam
681 2088 868 2127 vocabuli
887 2088 1238 2140 significationem,
1268 2102 1386 2140 quam
1406 2090 1443 2127 A
1455 2088 1499 2126 ri
1512 2093 1612 2125 sto-

171 2156 309 2193 teles
335 2156 378 2193 in
399 2156 488 2193 loco
508 2169 629 2206 supra
644 2156 939 2195 nobis-laudato
961 2155 1024 2209 (de
1043 2158 1150 2194 coelo
1169 2158 1201 2205 Ι,
1216 2160 1239 2195 9
1254 2156 1380 2208 med.)
1399 2155 1610 2206 proponit3

175 2227 234 2260 est
255 2223 361 2259 enim
386 2222 576 2273 quicquid
601 2229 717 2261 extra
742 2230 890 2262 terram
917 2230 1087 2274 excepta
1108 2237 1253 2274 supera
1279 2223 1350 2260 illa
1374 2222 1542 2273 sphaera
1567 2222 1612 2260 in

173 2288 326 2327 mundo
347 2290 565 2340 reperitur.
594 2291 823 2328 Secundum
846 2292 960 2329 Plac.
976 2291 1127 2340 philos.
1149 2290 1254 2341 apud
1278 2288 1611 2327 Plutarchum

174 2359 238 2406 ΙΙ,
272 2360 308 2395 1.
365 2356 583 2407 Diogen.
615 2357 788 2396 Laert.
820 2359 946 2406 VIII,
974 2357 1040 2395 48.
1070 2371 1112 2408 p.
1137 2359 1215 2394 525
1249 2354 1330 2407 (ed.
1354 2354 1610 2408 Meibom.)

175 2426 310 2463 Anon.
352 2424 395 2461 in
425 2426 494 2461 vit.
527 2423 701 2474 Pythag.
737 2425 844 2476 apud
878 2425 1023 2463 Phot.
1062 2424 1161 2461 cod.
1193 2423 1287 2475 249.
1325 2436 1367 2474 p.
1391 2427 1496 2461 1316
1528 2409 1626 2476 (eds

174 2493 216 2530 H
228 2505 251 2529 o
263 2505 312 2529 es
324 2490 451 2539 chel)
463 2519 475 2538 ,
504 2491 751 2542 Pythagoras
770 2491 846 2530 hoc
862 2492 1058 2530 vocabulo
1080 2491 1233 2541 primus
1253 2503 1346 2528 usus
1366 2496 1425 2528 est
1444 2497 1611 2543 propter

176 2559 321 2597 stellati
354 2559 451 2597 caeli
487 2559 819 2610 magnificentiam
846 2559 1113 2609 ordinemque
1145 2563 1352 2603 motuum,
1394 2559 1463 2609 qui
1490 2559 1533 2596 in
1562 2572 1609 2597 eo

178 2626 429 2664 observatur.
488 2626 545 2665 At
573 2626 886 2666 Aristotelis
914 2632 1099 2677 tempore
1119 2626 1162 2663 in
1181 2625 1324 2663 scholis
1345 2631 1497 2663 tantum
1516 2625 1611 2677 phi-

177 2693 443 2745 losophorum
469 2694 800 2746 frequentabatur
833 2694 1074 2732 vocabulum
1100 2692 1226 2739 illud,
1254 2706 1345 2731 cum
1367 2692 1607 2744 Xenoph.

181 2761 400 2799 Memorab.
431 2763 544 2800 Socr.
575 2763 622 2808 1,
652 2762 677 2799 4
708 2762 831 2800 dicat:
870 2756 891 2799 ὃ
915 2757 1161 2811 καλούμενος
1187 2755 1265 2799 ὑπὸ
1295 2761 1377 2799 τῶν
1406 2761 1610 2813 σοφιστῶν

183 2823 345 2878 κόσμος.
418 2828 627 2869 Infinitum
668 2844 752 2869 esse
789 2827 899 2867 hunc
937 2824 1090 2878 κόσμον
1127 2828 1287 2880 negavit
1324 2826 1609 2868 mathematicis

1513 2964 1527 2983 Ι
