1812 3158
436 354 659 398 LIBRUM
684 354 929 396 PRIMUM.
987 354 1108 395 GAP.
1133 354 1210 394 111.
1448 344 1542 390 351

103 488 146 527 p.
167 476 273 514 7732
301 468 437 512 πάντα
460 467 538 524 γὰρ
566 465 671 522 μετὰ
697 470 772 509 τοῦ
797 463 929 521 ἡλίου,
959 463 1193 518 διαχέαντος
1218 462 1266 507 τὸ
1283 461 1407 521 ὑγρὸν
1425 462 1452 519 ἢ
1472 463 1547 506 ἀτ-

102 539 290 593 μίζοντος
313 538 464 593 γίνεται
491 534 518 591 ἢ
549 538 838 591 συνεργοῦντος
862 535 919 582 εἷς
947 532 1022 587 τὴν
1050 531 1182 589 ἆρχήν
1209 555 1266 562 -
1292 535 1428 575 locum
1452 548 1546 574 cor-

101 615 271 661 ruptum
290 623 375 648 esse
396 607 568 660 cogitavi
588 607 658 646 vel
674 606 743 656 ita,
767 611 814 645 ut
835 601 1010 656 ἀτμίζειν
1036 605 1088 644 sit
1107 604 1345 643 mutandum
1361 604 1406 643 in
1425 599 1547 655 ἀτμί-

105 676 172 727 δα,
202 677 337 717 velut
355 678 428 730 γῆς
457 675 741 727 corrigendum
765 674 810 713 in
828 674 924 727 γῆν,
962 674 1031 711 vel
1064 672 1237 725 denique
1264 678 1311 712 ut
1338 672 1546 711 omittatur

103 741 223 796 ἔχειν,
256 745 367 798 quod
388 759 481 783 sane
508 743 732 792 arridebat,
775 756 864 782 cum
894 747 1048 780 certum
1079 742 1122 780 in
1147 740 1264 779 codd.
1294 740 1432 779 locum
1462 753 1547 779 non

104 820 298 854 servaret.
357 815 475 852 Tunc
495 811 812 852 construendum
834 811 958 850 foret:
990 806 1058 850 διὰ
1079 806 1128 850 τὸ
1158 806 1336 860 ἀτμίζειν
1364 807 1431 862 (sc.
1455 805 1548 861 γῆν)

103 879 169 920 καὶ
197 877 299 934 (διὰ)
328 877 609 932 ἀναθυμίασιν
637 881 722 932 γῆς.
786 879 1036 931 Praepositio
1066 878 1175 918 enim
1202 877 1439 930 simpliciter
1469 890 1548 929 po-

101 950 175 988 sita
203 963 324 1001 saepe
352 950 461 1002 apud
495 949 841 989 Aristotelem
878 947 931 985 ad
968 948 1085 999 plura
1118 947 1283 985 nomina
1318 945 1549 985 referenda.

102 1018 186 1056 Cfr.
206 1018 407 1069 exempla,
437 1032 538 1070 quae
559 1017 785 1070 composuit
811 1017 844 1055 Z
857 1016 929 1054 ell
954 1015 1007 1054 ad
1025 1014 1167 1054 Ethic.
1184 1016 1352 1054 Nicom.
1370 1016 1432 1064 X,
1449 1013 1492 1063 4,
1505 1015 1546 1053 5.

104 1086 225 1124 Tom.
244 1087 297 1126 II.
313 1100 354 1137 p.
370 1085 466 1133 442,
490 1086 673 1137 quamvis
688 1084 918 1137 ,pleniorem
938 1083 1156 1122 dictionem
1174 1089 1375 1135 tamquam
1396 1083 1549 1121 rectio-

100 1166 190 1192 rem
221 1153 529 1205 praeferendam
557 1160 691 1192 censet
720 1151 1024 1191 Schneider
1052 1151 1103 1190 ad
1133 1151 1261 1190 Polit.
1292 1151 1368 1200 IV,
1400 1154 1474 1199 12,
1505 1150 1546 1191 4.

103 1222 223 1261 Tom.
245 1222 301 1260 ΙΙ.
319 1233 360 1273 p.
383 1225 480 1261 270.
515 1222 589 1273 γῆν
611 1227 746 1260 autem
770 1219 1037 1272 supplendam
1067 1233 1153 1258 esse
1184 1233 1237 1259 ex
1267 1219 1448 1271 genitivo
1475 1219 1549 1271 γῆς

102 1303 184 1327 non
203 1303 297 1327 raro
317 1289 493 1328 occurrit
511 1288 620 1341 apud
638 1288 1006 1337 Aristotelem,
1036 1288 1104 1339 qui
1122 1293 1337 1339 tantopere
1355 1287 1548 1326 brevitati

100 1356 272 1403 studuit,
300 1362 346 1395 ut
361 1357 404 1395 in
422 1358 520 1396 locis
536 1356 832 1396 difficilioribus
849 1368 1033 1408 magnam
1050 1369 1168 1408 saepe
1186 1356 1329 1395 lectori
1345 1363 1467 1408 atque
1483 1356 1549 1394 in-

98 1426 268 1477 terpreti
286 1425 512 1465 molestiam
529 1425 679 1478 pariat,
709 1431 900 1464 monente
915 1424 1230 1464 Schneidero
1247 1424 1300 1463 ad
1315 1426 1344 1464 l.
1356 1426 1384 1464 l
1400 1427 1432 1474 Ι,
1451 1428 1488 1471 1,
1507 1429 1548 1465 2.

96 1497 157 1533 At
175 1493 216 1533 h.
227 1493 256 1532 l.
274 1492 377 1532 nihil
392 1494 641 1533 mutandum.
685 1494 768 1533 Cfr.
784 1493 891 1532 infra
909 1496 942 1543 I,
962 1497 1027 1541 12,
1045 1493 1093 1531 4:
1120 1490 1163 1531 ἐν
1181 1493 1239 1547 τῷ
1269 1491 1444 1544 πλησίον
1474 1493 1550 1544 τῆς

97 1563 171 1614 γῆς
200 1557 408 1641 ἆτμίζρντι
445 1576 501 1600 sc.
529 1556 659 1616 τόπω.
698 1563 740 1608 I,
767 1563 838 1599 13:
883 1559 951 1600 διὰ
979 1557 1226 1614 ψυχρότητα
1256 1558 1495 1600 συνίσταται
1525 1575 1548 1601 ο

102 1625 280 1680 ἀτμίζων
309 1626 402 1682 ἀήρ.
431 1633 482 1675 H,
500 1634 548 1668 2:
580 1626 746 1682 φέρεται
775 1625 1083 1682 διακρινόμενον
1112 1627 1180 1668 καὶ
1210 1624 1378 1679 ἇτμίζον
1400 1627 1457 1675 εἷς
1475 1642 1549 1668 τον

100 1693 185 1736 ἄνω
209 1693 358 1745 τόπον,
395 1697 468 1735 ubi
496 1693 673 1746 ἀτμίζειν
703 1695 900 1748 significat
922 1710 1126 1747 vaporem
1153 1697 1373 1735 continere.
1432 1698 1549 1748 Quae

98 1751 334 1816 significatio
351 1765 491 1803 lexicis
506 1764 692 1803 addenda
709 1770 780 1803 est.
799 1787 856 1794 --
885 1766 989 1804 Mox
1006 1779 1084 1817 pro
1101 1761 1185 1804 ἔστι
1204 1761 1282 1818 γὰρ
1302 1766 1360 1803 Μ.
1376 1763 1448 1804 καί
1463 1763 1548 1805 ἐστι

100 1830 179 1882 καί,
205 1833 336 1884 posito
363 1831 510 1871 deinde
533 1827 611 1885 γάρ
636 1838 730 1884 post
752 1829 925 1884 ἀτμίδος
940 1830 1038 1884 μέν,
1066 1834 1127 1872 uti
1146 1833 1265 1872 etiam
1283 1833 1490 1884 reperitur
1505 1833 1548 1872 in

99 1900 216 1939 codd.
244 1902 291 1940 F.
318 1900 371 1938 H.
430 1899 569 1938 Verba
597 1898 668 1939 καί
693 1897 802 1940 ἔστιν
829 1897 951 1951 ἀτμὶς
977 1899 1053 1952 μὲν
1082 1898 1252 1951 δυνάμει
1291 1895 1379 1940 οἷον
1416 1898 1546 1954 ὕδωρ,

98 1965 379 2024 ἀναθυμίασις
409 1965 454 2006 δὲ
481 1964 648 2018 δυνάμει
668 1962 755 2008 οἷον
770 1969 864 2022 πῦρ,
892 1969 936 2007 in
953 1969 1097 2022 quibus
1117 1963 1205 2008 οἷον
1221 1970 1373 2011 omittit
1388 1972 1434 2019 E,
1464 1983 1547 2008 non

97 2037 182 2075 sine
197 2037 346 2076 iniuria
362 2035 632 2075 Heracliteam
657 2037 854 2088 originem
874 2037 1063 2076 redolere
1081 2037 1276 2076 videntur
1290 2037 1546 2077 Schleier-

97 2103 346 2154 machero,
373 2118 494 2157 quem
511 2103 576 2142 adi
608 2102 830 2155 (Mus-eum
846 2105 920 2143 der
934 2103 1547 2156 Altertlzumswissenschaften

99 2164 257 2217 'rom-1.
281 2186 322 2223 p.
342 2175 424 2211 386
442 2170 561 2225 sqq.).
618 2173 742 2212 Unde
756 2174 928 2212 fortasse
946 2173 1045 2213 haec
1062 2174 1113 2212 de
1131 2174 1285 2226 duplici
1308 2186 1477 2225 vapore,
1507 2179 1549 2211 et

97 2239 307 2290 utriusque
329 2240 582 2278 facultatibus
609 2240 765 2280 theoria
790 2242 1066 2293 antiquissima
1089 2242 1244 2280 censeri
1267 2248 1419 2293 potest,
1453 2254 1547 2280 cum

98 2306 293 2344 Heracliti
321 2305 372 2343 de
386 2320 526 2345 rerum
547 2314 782 2347 cunctarum
805 2310 960 2361 origine
984 2310 1199 2348 sententias
1223 2309 1386 2347 easdem
1412 2309 1548 2358 fuisse,

98 2386 195 2424 quas
219 2372 434 2425 Orphei,
466 2375 559 2412 satis
581 2376 792 2426 colligatur
813 2391 866 2415 ex
890 2378 1124 2416 Platonis
1145 2376 1318 2428 Cratylo
1338 2390 1380 2428 p.
1401 2377 1498 2426 402,
1519 2377 1546 2415 b

98 2448 138 2480 et
164 2441 315 2479 diserte
340 2448 484 2480 auctor
510 2443 563 2480 sit
591 2443 832 2483 Clemens
862 2445 1250 2484 Alexandrinus
1287 2445 1438 2483 Strom.
1468 2446 1545 2486 VI.

95 2522 135 2561 p.
154 2511 235 2548 629
254 2511 310 2547 A:
342 2510 483 2549 σιωπῶ
506 2504 778 2564 εΗράκλειτον
805 2507 876 2551 τὸν
899 2508 1110 2565 Ἐφέσιον,
1156 2508 1204 2558 ὃς
1231 2507 1331 2566 παρ’
1361 2508 1548 2567 Ὀρφέως

96 2572 150 2615 τὰ
177 2577 346 2616 πλεῖστα
371 2574 521 2631 εἴληφε.

212 2647 277 2686 16.
305 2642 497 2701 ἀνωτέρω
526 2646 658 2685 statim
687 2646 737 2685 ab
762 2647 879 2686 initio
904 2647 1098 2699 praebent
1124 2649 1171 2686 F.
1188 2648 1241 2688 H.
1259 2648 1314 2688 N.
1346 2644 1544 2704 ἁνωτάτῳ

98 2710 150 2748 A·
165 2713 239 2751 Er.
295 2714 455 2753 Deinde
473 2712 531 2767 μὴ
558 2728 638 2753 om.
657 2700 768 2754 ciam.
796 2711 904 2755 ἔστιν
932 2729 1010 2768 pro
1029 2712 1180 2755 ’ἔνεστιν
1201 2717 1275 2758 Er.
1305 2710 1392 2756 οἷον
1410 2717 1546 2756 omisit

100 2776 196 2819 Ald.
215 2793 349 2832 neque
362 2782 406 2821 in
423 2796 496 2821 suo
511 2784 668 2835 reperit
680 2784 776 2836 Bag.
794 2789 979 2823 vertens:
999 2784 1078 2823 sed
1089 2785 1229 2836 magis
1247 2786 1374 2837 ignis.
1404 2785 1545 2825 Verba

100 2842 249 2886 οὐδὲν
283 2845 339 2888 δὲ
368 2846 553 2890 κωλύει
589 2849 672 2890 καὶ
709 2847 795 2891 διὰ
829 2847 922 2903 τὴν
951 2848 1119 2908 κύκλῳ
1150 2848 1318 2906 φορὰν
1349 2849 1543 2893 κωλύε-
