1760 3138
284 355 381 399 254
445 363 740 402 EXCERPTA
762 362 842 400 EX
861 361 1154 400 COMMENT.
1174 362 1354 409 ALEX-,
1383 363 1414 400 L
1430 363 1573 402 PHIL.

282 469 375 512 ἀλλ’
408 469 539 522 ἐπειδὴ
570 468 801 510 ἀναδίδοται
830 468 913 509 ἐκεῖ
933 468 1055 523 γλυκὺ
1084 467 1221 523 ὕδωρ,
1262 467 1317 518 ὥς
1343 468 1510 525 εἴρηται.
1566 474 1685 512 τοῦτο

281 537 326 578 δὲ
350 535 452 590 μετὰ
488 538 638 576 πολλοῦ
678 533 901 588 πνεύματος
941 533 1179 590 ἀναφέρεται
1216 537 1282 576 καὶ
1319 534 1365 577 οὗ
1403 542 1599 590 συγχωρεῖ
1636 536 1687 577 τὰ

278 602 385 658 βάρη
418 604 717 654 κατενεχθῆναι.
765 600 1011 654 ἄνωχοῦνται
1048 600 1123 655 γὰρ
1158 598 1236 643 ῧπὸ
1266 606 1339 655 τῆς
1367 606 1447 643 τοῦ
1467 601 1690 655 πνεύματος

277 670 414 721 βιαίας
442 671 585 722 φορᾶς.
635 669 1002 722 περισκορπίζονται
1025 671 1068 720 *)
1098 663 1170 709 οὖν
1199 669 1241 710 ἐν
1268 672 1326 725 τῷ
1353 666 1491 710 πλάτει
1521 668 1569 709 τὰ
1600 668 1689 716 ἔξα-

278 734 456 787 πτόμενα
486 733 639 786 σχοινία
665 737 737 774 τοῦ
764 732 931 789 βάρους.
989 735 1054 775 καὶ
1095 734 1161 776 διὰ
1193 739 1312 776 τοῦτο
1343 737 1407 776 καὶ
1436 738 1594 776 πολλῶν
1625 735 1690 774 καὶ

276 802 471 855 μεγίστων
509 801 692 853 σχοινίων
728 799 1035 854 ἐμβαλλομένων
1078 800 1125 842 οὗ
1164 801 1512 855 καταλαμβάνεται
1540 800 1585 842 τὸ
1613 799 1691 853 βά-

276 871 369 915 θος.
428 865 453 920 ἦ
493 861 563 908 οὖν
604 871 724 908 τοῦτο
759 865 784 921 ἢ
824 868 907 909 εἰπὲ
945 868 1010 908 καὶ
1049 866 1160 909 ἄλλο.
1222 872 1533 924 καταληφθῆναι
1577 867 1691 919 νομί-

280 935 412 984 ζουσιν
441 933 478 974 οἳ
508 934 596 989 περὶ
625 937 753 975 ταῦτα
792 932 1113 988 ἀπησχολημένοι
1152 933 1226 988 τὴν
1254 938 1325 989 γῆν
1363 935 1405 975 ἐκ
1433 938 1504 975 τοῦ
1534 934 1575 975 έν
1602 939 1692 981 ταῖς

274 1000 408 1052 βολίσι
436 1004 525 1048 ταῖς
551 999 650 1054 παρ’
684 999 821 1048 αὐτοῖς
857 1000 1120 1053 βαλλομένοις
1155 1000 1328 1054 ψάμμον
1360 998 1605 1056 ἀνάγεσθαι,
1650 1000 1692 1048 ἐξ

275 1059 324 1120 ἧς
353 1067 418 1107 καὶ
445 1066 540 1114 τοὺς
568 1064 790 1122 διαφόρους
817 1065 967 1114 τόπους
995 1067 1037 1108 ἐν
1058 1066 1264 1121 πελάγεσιν
1295 1066 1404 1116 ὄντες
1431 1064 1691 1118 καταλαμβά-

275 1148 401 1175 νουσι.
431 1131 582 1186 ταύτην
605 1127 676 1173 οὗν
705 1131 777 1173 οὒκ
808 1132 1003 1184 ἐνδέχεται
1032 1131 1105 1186 τήν
1133 1132 1306 1186 ψάμμον
1334 1133 1595 1186 ἀνενεχθῆναι
1625 1129 1692 1172 διὰ

275 1199 321 1242 τὸ
350 1198 407 1252 μὴ
436 1196 533 1240 εἶναι
560 1195 637 1239 ὕπὸ
669 1196 859 1252 στάθμην
888 1203 961 1240 τοῦ
989 1198 1158 1249 ὕδατος,
1197 1198 1290 1240 ἀλλ’
1319 1198 1450 1254 ὥσπερ
1475 1200 1538 1239 ἐπὶ
1567 1198 1692 1253 φρέα-

273 1282 344 1314 τος
368 1263 581 1320 ἀναβρύειν
607 1263 652 1305 τὸ
681 1262 816 1320 ὕδωρ,
848 1264 872 1320 ἢ
900 1267 935 1307 εἷ
961 1267 1027 1308 καὶ
1055 1265 1317 1321 ἀναφέρεται,
1353 1265 1690 1320 περισκορπίζεται

275 1330 344 1373 διὰ
381 1330 454 1384 τὴν
489 1331 641 1385 κίνησιν
679 1335 751 1372 τοῦ
788 1331 939 1381 ὓδατος
966 1334 1154 1386 πολυειδῆ
1190 1329 1462 1385 ὗπάρχουσαν.
1501 1331 1590 1385 περὶ
1619 1324 1691 1371 οὗν

276 1401 349 1439 τοῦ
376 1396 574 1460 μεγέθους
602 1398 691 1438 λίαν
710 1399 807 1440 εἰσὶν
827 1398 865 1440 οἷ
887 1398 1088 1453 λεγόμενοι
1101 1399 1156 1453 aex)
1179 1397 1397 1451 μυθώδεις.
1431 1396 1453 1412 ’'
1485 1411 1595 1438 ιστον
1614 1395 1690 1451 γὰρ

274 1463 448 1518 μέγεθος
471 1464 560 1518 περὶ
588 1462 686 1505 αὗτό
716 1478 817 1519 φασι
845 1467 910 1506 καὶ
930 1464 1071 1518 ὅμοιον
1090 1470 1175 1513 τοῖς
1193 1462 1291 1519 ὑπὲρ
1317 1415 1482 1517 Θούᾷ
1498 1462 1691 1510 ἀπίστοις.

274 1527 374 1585 ὑπὲρ
409 1528 571 1582 Θούλην
610 1528 651 1570 ‹5‘
676 1531 774 1571 εἰσὶν
801 1529 950 1572 ἄπιστα
977 1530 1030 1572 τὰ
1055 1529 1160 1572 πάνυ
1189 1529 1476 1584 διεψευσμένα,
1515 1529 1692 1583 λέγονται

277 1597 322 1638 δὲ
351 1595 490 1644 οὕτως.
537 1594 640 1637 διότι
669 1597 734 1637 καὶ
762 1596 814 1638 τὰ
842 1598 930 1652 περὶ
959 1601 1032 1651 τῆς
1058 1597 1183 1651 νήσου
1210 1595 1360 1650 ταύτης
1387 1593 1577 1650 λεγόμενα
1613 1609 1692 1647 μυ·-

276 1661 394 1716 θώδη
425 1662 513 1703 εἶσί.
573 1665 724 1716 Olym
737 1679 777 1716 p.
807 1666 877 1704 fol.
898 1666 964 1716 24,
983 1680 1017 1705 a.

387 1735 452 1770 21.
508 1730 609 1770 Καὶ
646 1732 739 1770 τοῦ
767 1730 961 1771 Νείλου
999 1727 1051 1771 τὸ
1081 1729 1244 1785 ῥεῦμα
1282 1733 1485 1783 πρῶτον
1523 1726 1575 1768 ἐκ
1602 1730 1691 1768 τοῦ

277 1793 536 1849 ἀργυρέου
564 1795 889 1848 καλουμένου
919 1794 1097 1850 ὄρους]
1130 1793 1180 1837 Ὁ
1205 1795 1280 1848 μὲν
1309 1790 1378 1836 οὖν
1401 1793 1690 1849 Ἀριστοτέλης,

276 1859 408 1917 ὥσπερ
439 1861 504 1901 καὶ
534 1857 842 1913 ὃΠτολεμαῖος,
873 1862 972 1916 φησὶ
1000 1861 1129 1915 πηγὰς
1157 1860 1255 1914 ἔχειν
1282 1859 1354 1902 τὸν
1379 1862 1540 1900 Νεΐλον.
1563 1857 1685 1914 ιΗρο-

278 1919 468 1983 ddrcym)
502 1927 717 1979 δὲμᾶλλον
735 1927 963 1968 πιστευτέον
992 1927 1178 1968 ἐντεῦθεν
1209 1926 1358 1981 λέγοντι
1390 1926 1432 1966 ἔκ
1458 1929 1531 1977 τῆς
1558 1923 1692 1965 ἀντοι-

277 1991 473 2046 κουμένης
491 1993 538 2046 †)
575 1992 675 2046 ἔχειν
702 1993 774 2046 τὴν
802 1992 929 2047 ἀρχὴν
958 1991 1096 2034 αὐτόν.
1147 1984 1214 2033 διὸΔ
1237 1993 1303 2033 καὶ
1326 1991 1475 2046 θέρους
1501 1994 1691 2043 πλημμυ-

277 2066 367 2115 ρεΐλ
387 2057 454 2101 ὅτε
480 2058 601 2101 έκεῖσε
627 2058 791 2112 χειμών.
832 2058 893 2100 ὅτι
923 2058 998 2114 γὰρ
1028 2058 1102 2100 οὐκ
1130 2057 1207 2100 ἀπὸ
1236 2062 1363 2113 πηγῆς
1391 2057 1453 2114 ῥεῖ
1474 2055 1690 2119 πρόδηλον.

277 2128 350 2183 τὴν
380 2127 456 2183 γὰρ
490 2126 663 2183 Μερόην
681 2126 762 2181 ††)
799 2126 899 2181 φασὶ
936 2128 1058 2179 νῆσον
1087 2123 1186 2167 εἶναι
1216 2124 1484 2178 κυκλουμένην
1511 2120 1588 2164 ὑπὸ
1618 2125 1691 2163 τοῦ

321 2263 353 2306 *)
387 2260 530 2296 Lexicis
563 2262 720 2297 addatur.
778 2259 934 2304 Simpuci
962 2260 1074 2295 verbo
1084 2285 1095 2303 ,
1132 2260 1225 2304 quod
1251 2257 1513 2301 macedonicum
1537 2266 1614 2290 esse
1638 2255 1692 2288 di-

366 2324 470 2361 cunt,
504 2317 572 2352 iam
601 2328 684 2351 usus
714 2322 767 2351 est
799 2317 835 2350 H
846 2328 866 2350 e
878 2327 897 2350 c
909 2327 930 2350 a
941 2321 955 2350 t
967 2327 987 2350 a
997 2327 1017 2350 e
1028 2328 1051 2349 u
1063 2327 1092 2350 S.
1147 2315 1222 2350 cfr.
1253 2314 1396 2349 omnino
1423 2315 1452 2347 L
1464 2323 1486 2347 ο
1497 2314 1519 2347 b
1529 2324 1549 2347 e
1561 2313 1614 2346 ck
1648 2311 1692 2344 ad

363 2374 612 2418 Phrynich.
643 2385 677 2417 p.
702 2374 782 2408 218.
845 2404 847 2407 ,

322 2435 378 2480 **)
408 2439 521 2471 Deest
542 2438 692 2471 fortasse
721 2433 835 2481 λόγοι.

322 2503 399 2547 ***)
423 2506 469 2547 ΙΙ,
495 2507 552 2538 17.
597 2505 753 2538 Eandem
779 2502 989 2548 opinionem
1003 2509 1120 2537 tuetur
1140 2502 1181 2535 M
1191 2513 1211 2535 a
1223 2509 1299 2534 cro
1309 2498 1421 2532 bins.

322 2570 359 2614 †)
396 2571 478 2605 Ald.
502 2571 560 2605 hic
585 2577 619 2605 et
645 2572 750 2616 paulo
772 2576 852 2615 post
876 2567 1151 2614 οἷντικουμένης,
1186 2567 1278 2601 unde
1301 2563 1424 2610 refingi
1451 2561 1555 2596 etiam
1576 2566 1690 2605 potest

366 2625 622 2671 ἀντικειμένης.

321 2692 390 2735 Η)
415 2693 497 2728 Ald.
521 2694 557 2727 h.
581 2695 606 2727 1.
630 2699 665 2727 et
688 2693 854 2736 deinceps
877 2687 1069 2735 ΙΙΙερόπην.
1115 2688 1180 2722 cfr.
1213 2683 1355 2720 omnino
1392 2683 1688 2716 Eratosthen.

369 2749 461 2791 apud
484 2749 694 2784 strabon.
717 2749 835 2782 XVII.
859 2746 936 2780 init.
972 2747 1118 2790 (fragm.
1141 2743 1289 2778 CXXII.
1311 2752 1344 2784 p.
1370 2738 1453 2781 106)
1477 2758 1522 2764 --
1542 2735 1689 2772 κυκλου-

365 2804 477 2846 μένην
496 2801 604 2848 νῆσον
627 2814 697 2837 non
716 2809 769 2836 est
788 2801 989 2846 tautologia,
1015 2812 1092 2833 cum
1108 2795 1210 2841 νῆσος
1232 2797 1336 2831 etiam
1358 2798 1558 2839 peninsulam
1582 2792 1689 2838 signi-
