<?xml version="1.0" encoding="UTF-8"?>
<!DOCTYPE html PUBLIC "-//W3C//DTD XHTML 1.0 Transitional//EN"
    "http://www.w3.org/TR/xhtml1/DTD/xhtml1-transitional.dtd">
<html xmlns="http://www.w3.org/1999/xhtml" xml:lang="en" lang="en">
 <head>
  <title>
</title>
<meta http-equiv="Content-Type" content="text/html;charset=utf-8" />
  <meta name='ocr-system' content='tesseract 3.04.00' />
  <meta name='ocr-capabilities' content='ocr_page ocr_carea ocr_par ocr_line ocrx_word'/>
</head>
<body>
  <div class='ocr_page' id='page_1' title='image "./meteorologicorum01arisuoft_0100.png"; bbox 0 0 1820 3158; ppageno 0'>
   <div class='ocr_carea' id='block_1_1' title="bbox 289 355 1653 408">
    <p class='ocr_par' dir='ltr' id='par_1_1' title="bbox 289 355 1653 408">
     <span class='ocr_line' id='line_1_1' title="bbox 289 355 1653 408; baseline 0.004 -12"><span class='ocrx_word' id='word_1_1' title='bbox 289 355 351 397; x_wconf 81' lang='lat'>60</span> <span class='ocrx_word' id='word_1_2' title='bbox 397 362 776 405; x_wconf 60' lang='lat' dir='ltr'>—p2-352,1›.Bekk.—</span> <span class='ocrx_word' id='word_1_3' title='bbox 809 365 958 404; x_wconf 82' lang='lat' dir='ltr'>L113.1.</span> <span class='ocrx_word' id='word_1_4' title='bbox 989 366 1230 406; x_wconf 73' lang='lat' dir='ltr'><strong>CA1›‚X1v‚</strong></span> <span class='ocrx_word' id='word_1_5' title='bbox 1288 367 1653 408; x_wconf 73' lang='lat' dir='ltr'>—1›.338,G.Cas.-</span> 
     </span>
    </p>
   </div>
   <div class='ocr_carea' id='block_1_2' title="bbox 329 470 339 484">
    <p class='ocr_par' dir='ltr' id='par_1_2' title="bbox 329 470 339 484">
     <span class='ocr_line' id='line_1_2' title="bbox 329 470 339 484; baseline 0 0"><span class='ocrx_word' id='word_1_6' title='bbox 329 470 339 484; x_wconf 63' lang='grc' dir='ltr'>ἱ</span> 
     </span>
    </p>
   </div>
   <div class='ocr_carea' id='block_1_3' title="bbox 229 470 1719 1588">
    <p class='ocr_par' dir='ltr' id='par_1_3' title="bbox 232 470 1719 858">
     <span class='ocr_line' id='line_1_3' title="bbox 232 470 1680 527; baseline 0.006 -17"><span class='ocrx_word' id='word_1_7' title='bbox 232 476 284 511; x_wconf 80' lang='lat'>28</span> <span class='ocrx_word' id='word_1_8' title='bbox 296 486 343 512; x_wconf 88' lang='grc' dir='ltr'>το</span> <span class='ocrx_word' id='word_1_9' title='bbox 367 470 493 527; x_wconf 76' lang='grc' dir='ltr'><em>ῥεῦμα</em></span> <span class='ocrx_word' id='word_1_10' title='bbox 520 475 593 513; x_wconf 79' lang='grc' dir='ltr'>τοῦ</span> <span class='ocrx_word' id='word_1_11' title='bbox 619 474 810 523; x_wconf 79' lang='grc' dir='ltr'><em>ποταμοῦ·</em></span> <span class='ocrx_word' id='word_1_12' title='bbox 829 474 1084 527; x_wconf 75' lang='grc' dir='ltr'><em>συμμιγείσης</em></span> <span class='ocrx_word' id='word_1_13' title='bbox 1109 477 1182 526; x_wconf 79' lang='grc' dir='ltr'>τῆς</span> <span class='ocrx_word' id='word_1_14' title='bbox 1202 473 1421 527; x_wconf 73' lang='grc' dir='ltr'><em>θαλάττης.</em></span> <span class='ocrx_word' id='word_1_15' title='bbox 1462 483 1527 517; x_wconf 82' lang='grc'>28.</span> <span class='ocrx_word' id='word_1_16' title='bbox 1552 478 1680 517; x_wconf 70' lang='grc' dir='ltr'><em>Φανε-</em></span> 
     </span>
     <span class='ocr_line' id='line_1_4' title="bbox 286 532 1680 594; baseline 0.003 -16"><span class='ocrx_word' id='word_1_17' title='bbox 286 536 357 591; x_wconf 86' lang='grc' dir='ltr'>ρόν</span> <span class='ocrx_word' id='word_1_18' title='bbox 387 532 458 578; x_wconf 66' lang='grc' dir='ltr'>οὖν</span> <span class='ocrx_word' id='word_1_19' title='bbox 486 537 547 579; x_wconf 81' lang='grc' dir='ltr'>ὅτι</span> <span class='ocrx_word' id='word_1_20' title='bbox 577 537 764 578; x_wconf 72' lang='grc' dir='ltr'><em>θάλαττα</em></span> <span class='ocrx_word' id='word_1_21' title='bbox 793 536 923 578; x_wconf 83' lang='grc' dir='ltr'><em>πάντα</em></span> <span class='ocrx_word' id='word_1_22' title='bbox 941 540 1015 590; x_wconf 87' lang='grc' dir='ltr'><em>μιά</em></span> <span class='ocrx_word' id='word_1_23' title='bbox 1032 543 1157 580; x_wconf 83' lang='grc' dir='ltr'><em>ταῦτα</em></span> <span class='ocrx_word' id='word_1_24' title='bbox 1178 540 1343 594; x_wconf 79' lang='grc' dir='ltr'><em>συνεχὴς</em></span> <span class='ocrx_word' id='word_1_25' title='bbox 1368 536 1430 593; x_wconf 73' lang='grc' dir='ltr'>ἧν.</span> <span class='ocrx_word' id='word_1_26' title='bbox 1463 541 1524 582; x_wconf 74' lang='grc' dir='ltr'>διὸ</span> <span class='ocrx_word' id='word_1_27' title='bbox 1546 543 1609 582; x_wconf 86' lang='grc' dir='ltr'>καὶ</span> <span class='ocrx_word' id='word_1_28' title='bbox 1630 542 1680 582; x_wconf 82' lang='grc' dir='ltr'>τὰ</span> 
     </span>
     <span class='ocr_line' id='line_1_5' title="bbox 284 602 1681 662; baseline 0.003 -20"><span class='ocrx_word' id='word_1_29' title='bbox 284 603 372 657; x_wconf 78' lang='grc' dir='ltr'><em>περὶ</em></span> <span class='ocrx_word' id='word_1_30' title='bbox 400 602 474 655; x_wconf 75' lang='grc' dir='ltr'>τὴν</span> <span class='ocrx_word' id='word_1_31' title='bbox 499 602 664 655; x_wconf 73' lang='grc' dir='ltr'><em>Λιβύην</em></span> <span class='ocrx_word' id='word_1_32' title='bbox 692 602 766 655; x_wconf 85' lang='grc' dir='ltr'>τὴν</span> <span class='ocrx_word' id='word_1_33' title='bbox 796 602 1023 655; x_wconf 73' lang='grc' dir='ltr'><em>Ἀμμωνίων</em></span> <span class='ocrx_word' id='word_1_34' title='bbox 1049 603 1187 660; x_wconf 80' lang='grc' dir='ltr'><em>χώραν</em></span> <span class='ocrx_word' id='word_1_35' title='bbox 1217 606 1473 660; x_wconf 71' lang='grc' dir='ltr'><em>ταπεινότερα</em></span> <span class='ocrx_word' id='word_1_36' title='bbox 1503 608 1681 662; x_wconf 81' lang='grc' dir='ltr'><em>φαίνεται</em></span> 
     </span>
     <span class='ocr_line' id='line_1_6' title="bbox 285 667 1684 727; baseline 0.002 -18"><span class='ocrx_word' id='word_1_37' title='bbox 285 669 351 709; x_wconf 80' lang='grc' dir='ltr'>καὶ</span> <span class='ocrx_word' id='word_1_38' title='bbox 379 667 583 722; x_wconf 83' lang='grc' dir='ltr'><em>κοιλότερα</em></span> <span class='ocrx_word' id='word_1_39' title='bbox 610 667 720 721; x_wconf 83' lang='grc' dir='ltr'><em>παρὰ</em></span> <span class='ocrx_word' id='word_1_40' title='bbox 749 668 867 723; x_wconf 86' lang='grc' dir='ltr'><em>λόγον</em></span> <span class='ocrx_word' id='word_1_41' title='bbox 886 674 959 722; x_wconf 80' lang='grc' dir='ltr'>τῆς</span> <span class='ocrx_word' id='word_1_42' title='bbox 986 668 1167 713; x_wconf 72' lang='grc' dir='ltr'><em>κάτωθεν</em></span> <span class='ocrx_word' id='word_1_43' title='bbox 1191 671 1350 727; x_wconf 80' lang='grc' dir='ltr'><em>χώρας·</em></span> <span class='ocrx_word' id='word_1_44' title='bbox 1382 675 1504 727; x_wconf 81' lang='grc' dir='ltr'><em>δῆλον</em></span> <span class='ocrx_word' id='word_1_45' title='bbox 1524 673 1600 727; x_wconf 85' lang='grc' dir='ltr'>γὰρ</span> <span class='ocrx_word' id='word_1_46' title='bbox 1630 669 1684 718; x_wconf 79' lang='grc' dir='ltr'>ὡς</span> 
     </span>
     <span class='ocr_line' id='line_1_7' title="bbox 283 732 1719 793; baseline 0.005 -20"><span class='ocrx_word' id='word_1_47' title='bbox 283 732 483 787; x_wconf 74' lang='grc' dir='ltr'><em>ἔγχώσεως</em></span> <span class='ocrx_word' id='word_1_48' title='bbox 510 733 584 785; x_wconf 75' lang='grc' dir='ltr'>μὲν</span> <span class='ocrx_word' id='word_1_49' title='bbox 610 733 819 787; x_wconf 77' lang='grc' dir='ltr'><em>γενομένης</em></span> <span class='ocrx_word' id='word_1_50' title='bbox 845 734 1021 788; x_wconf 73' lang='grc' dir='ltr'><em>ἐγένοντο</em></span> <span class='ocrx_word' id='word_1_51' title='bbox 1051 737 1166 790; x_wconf 83' lang='grc' dir='ltr'><em>λίμνη</em></span> <span class='ocrx_word' id='word_1_52' title='bbox 1197 739 1261 778; x_wconf 84' lang='grc' dir='ltr'>καὶ</span> <span class='ocrx_word' id='word_1_53' title='bbox 1278 738 1442 793; x_wconf 75' lang='grc' dir='ltr'><em>χέρσος,</em></span> <span class='ocrx_word' id='word_1_54' title='bbox 1468 738 1618 791; x_wconf 86' lang='grc' dir='ltr'><em>χρόνου</em></span> <span class='ocrx_word' id='word_1_55' title='bbox 1640 737 1684 776; x_wconf 75' lang='grc' dir='ltr'>δὲ</span> <span class='ocrx_word' id='word_1_56' title='bbox 1716 778 1719 780; x_wconf 74' lang='grc'><strong>,</strong></span> 
     </span>
     <span class='ocr_line' id='line_1_8' title="bbox 282 797 1684 858; baseline 0.002 -19"><span class='ocrx_word' id='word_1_57' title='bbox 282 799 491 852; x_wconf 75' lang='grc' dir='ltr'><em>γενομένου</em></span> <span class='ocrx_word' id='word_1_58' title='bbox 513 797 558 839; x_wconf 81' lang='grc' dir='ltr'>τὸ</span> <span class='ocrx_word' id='word_1_59' title='bbox 580 799 871 854; x_wconf 74' lang='grc' dir='ltr'><em>ἐναπολειφθὲν</em></span> <span class='ocrx_word' id='word_1_60' title='bbox 899 801 963 840; x_wconf 81' lang='grc' dir='ltr'>καὶ</span> <span class='ocrx_word' id='word_1_61' title='bbox 992 801 1186 853; x_wconf 83' lang='grc' dir='ltr'><em>λιμνάσαν</em></span> <span class='ocrx_word' id='word_1_62' title='bbox 1211 803 1320 858; x_wconf 71' lang='grc' dir='ltr'>ὕδωρ</span> <span class='ocrx_word' id='word_1_63' title='bbox 1351 804 1549 858; x_wconf 72' lang='grc' dir='ltr'><em>ξηρανθέν</em></span> <span class='ocrx_word' id='word_1_64' title='bbox 1579 804 1684 843; x_wconf 75' lang='grc' dir='ltr'><em>ἔστιν</em></span> 
     </span>
    </p>

    <p class='ocr_par' dir='ltr' id='par_1_4' title="bbox 231 861 1686 1253">
     <span class='ocr_line' id='line_1_9' title="bbox 231 861 1685 923; baseline 0.002 -18"><span class='ocrx_word' id='word_1_65' title='bbox 231 872 281 906; x_wconf 75' lang='lat'>29</span> <span class='ocrx_word' id='word_1_66' title='bbox 295 864 372 918; x_wconf 73' lang='grc' dir='ltr'>ἤδη</span> <span class='ocrx_word' id='word_1_67' title='bbox 393 867 586 919; x_wconf 79' lang='grc' dir='ltr'><em>φροῦδον.</em></span> <span class='ocrx_word' id='word_1_68' title='bbox 654 861 721 907; x_wconf 74' lang='grc'>29.</span> <span class='ocrx_word' id='word_1_69' title='bbox 754 865 877 907; x_wconf 81' lang='grc' dir='ltr'><em>Ἀλλὰ</em></span> <span class='ocrx_word' id='word_1_70' title='bbox 903 865 984 920; x_wconf 84' lang='grc' dir='ltr'>μὴν</span> <span class='ocrx_word' id='word_1_71' title='bbox 1013 868 1077 907; x_wconf 85' lang='grc' dir='ltr'>καὶ</span> <span class='ocrx_word' id='word_1_72' title='bbox 1106 868 1156 909; x_wconf 83' lang='grc' dir='ltr'>τὰ</span> <span class='ocrx_word' id='word_1_73' title='bbox 1185 870 1271 923; x_wconf 78' lang='grc' dir='ltr'><em>περὶ</em></span> <span class='ocrx_word' id='word_1_74' title='bbox 1298 869 1371 923; x_wconf 83' lang='grc' dir='ltr'>τὴν</span> <span class='ocrx_word' id='word_1_75' title='bbox 1400 873 1588 912; x_wconf 75' lang='grc' dir='ltr'><em>ΖΙἸαιῶτιν</em></span> <span class='ocrx_word' id='word_1_76' title='bbox 1626 870 1685 908; x_wconf 87' lang='grc' dir='ltr'>λί-</span> 
     </span>
     <span class='ocr_line' id='line_1_10' title="bbox 281 930 1684 987; baseline 0.003 -17"><span class='ocrx_word' id='word_1_77' title='bbox 281 947 385 984; x_wconf 87' lang='grc' dir='ltr'><em>μνην</em></span> <span class='ocrx_word' id='word_1_78' title='bbox 400 930 608 972; x_wconf 67' lang='grc' dir='ltr'><em>ἐπιδέδωκε</em></span> <span class='ocrx_word' id='word_1_79' title='bbox 625 936 675 986; x_wconf 82' lang='grc' dir='ltr'>τῇ</span> <span class='ocrx_word' id='word_1_80' title='bbox 691 932 913 987; x_wconf 75' lang='grc' dir='ltr'><em>προσχώσει</em></span> <span class='ocrx_word' id='word_1_81' title='bbox 931 937 1010 974; x_wconf 80' lang='grc' dir='ltr'>τῶν</span> <span class='ocrx_word' id='word_1_82' title='bbox 1026 938 1217 986; x_wconf 82' lang='grc' dir='ltr'><em>ποταμῶν</em></span> <span class='ocrx_word' id='word_1_83' title='bbox 1235 940 1439 986; x_wconf 81' lang='grc' dir='ltr'><em>τοσοῦτον,</em></span> <span class='ocrx_word' id='word_1_84' title='bbox 1469 935 1569 977; x_wconf 80' lang='grc' dir='ltr'><em>ὥστε</em></span> <span class='ocrx_word' id='word_1_85' title='bbox 1586 938 1684 975; x_wconf 83' lang='grc' dir='ltr'><em>πολ-</em></span> 
     </span>
     <span class='ocr_line' id='line_1_11' title="bbox 283 996 1682 1056; baseline 0.003 -18"><span class='ocrx_word' id='word_1_86' title='bbox 283 1002 339 1054; x_wconf 75' lang='grc' dir='ltr'>λῷ</span> <span class='ocrx_word' id='word_1_87' title='bbox 376 996 527 1039; x_wconf 75' lang='grc' dir='ltr'><em>ἐλάττω</em></span> <span class='ocrx_word' id='word_1_88' title='bbox 563 998 722 1051; x_wconf 72' lang='grc' dir='ltr'><em>μεγέθει</em></span> <span class='ocrx_word' id='word_1_89' title='bbox 758 1001 877 1038; x_wconf 81' lang='grc' dir='ltr'><em>πλοῖα</em></span> <span class='ocrx_word' id='word_1_90' title='bbox 914 1003 985 1040; x_wconf 80' lang='grc' dir='ltr'>νῦν</span> <span class='ocrx_word' id='word_1_91' title='bbox 1013 1001 1181 1041; x_wconf 75' lang='grc' dir='ltr'><em>εἷσπλεῖν</em></span> <span class='ocrx_word' id='word_1_92' title='bbox 1209 1001 1311 1056; x_wconf 80' lang='grc' dir='ltr'><em>πρὸς</em></span> <span class='ocrx_word' id='word_1_93' title='bbox 1344 1001 1417 1055; x_wconf 75' lang='grc' dir='ltr'>τὴν</span> <span class='ocrx_word' id='word_1_94' title='bbox 1446 1002 1631 1056; x_wconf 76' lang='grc' dir='ltr'><em>ἐργασίαν</em></span> <span class='ocrx_word' id='word_1_95' title='bbox 1659 999 1682 1053; x_wconf 82' lang='grc' dir='ltr'><em>ἢ</em></span> 
     </span>
     <span class='ocr_line' id='line_1_12' title="bbox 282 1062 1686 1123; baseline 0.001 -19"><span class='ocrx_word' id='word_1_96' title='bbox 282 1063 370 1112; x_wconf 70' lang='grc' dir='ltr'><em>ἔτος</em></span> <span class='ocrx_word' id='word_1_97' title='bbox 411 1062 646 1117; x_wconf 73' lang='grc' dir='ltr'><em>ἑξηκοστόν·</em></span> <span class='ocrx_word' id='word_1_98' title='bbox 700 1062 799 1104; x_wconf 76' lang='grc' dir='ltr'><em>ὥστ’</em></span> <span class='ocrx_word' id='word_1_99' title='bbox 833 1064 876 1104; x_wconf 73' lang='grc' dir='ltr'>ἐκ</span> <span class='ocrx_word' id='word_1_100' title='bbox 903 1064 1049 1106; x_wconf 74' lang='grc' dir='ltr'><em>τούτου</em></span> <span class='ocrx_word' id='word_1_101' title='bbox 1088 1065 1226 1123; x_wconf 77' lang='grc' dir='ltr'><em>ῥᾴδιον</em></span> <span class='ocrx_word' id='word_1_102' title='bbox 1267 1067 1587 1121; x_wconf 66' lang='grc' dir='ltr'><em>ἀναλογίσασθαι</em></span> <span class='ocrx_word' id='word_1_103' title='bbox 1624 1065 1686 1107; x_wconf 83' lang='grc' dir='ltr'>ὅτι</span> 
     </span>
     <span class='ocr_line' id='line_1_13' title="bbox 281 1128 1686 1187; baseline 0.001 -16"><span class='ocrx_word' id='word_1_104' title='bbox 281 1131 346 1171; x_wconf 81' lang='grc' dir='ltr'>καὶ</span> <span class='ocrx_word' id='word_1_105' title='bbox 375 1129 421 1171; x_wconf 84' lang='grc' dir='ltr'>τὸ</span> <span class='ocrx_word' id='word_1_106' title='bbox 449 1134 630 1184; x_wconf 81' lang='grc' dir='ltr'><em>πρῶτον,</em></span> <span class='ocrx_word' id='word_1_107' title='bbox 662 1128 792 1184; x_wconf 78' lang='grc' dir='ltr'><em>ὥσπερ</em></span> <span class='ocrx_word' id='word_1_108' title='bbox 823 1130 863 1170; x_wconf 79' lang='grc' dir='ltr'>αἱ</span> <span class='ocrx_word' id='word_1_109' title='bbox 883 1132 1025 1171; x_wconf 85' lang='grc' dir='ltr'><em>πολλαὶ</em></span> <span class='ocrx_word' id='word_1_110' title='bbox 1052 1136 1132 1173; x_wconf 82' lang='grc' dir='ltr'>τῶν</span> <span class='ocrx_word' id='word_1_111' title='bbox 1159 1136 1322 1184; x_wconf 81' lang='grc' dir='ltr'><em>λιμνῶν,</em></span> <span class='ocrx_word' id='word_1_112' title='bbox 1353 1135 1418 1174; x_wconf 83' lang='grc' dir='ltr'>καὶ</span> <span class='ocrx_word' id='word_1_113' title='bbox 1442 1132 1542 1187; x_wconf 70' lang='grc' dir='ltr'><em>αὕτη</em></span> <span class='ocrx_word' id='word_1_114' title='bbox 1573 1133 1686 1187; x_wconf 70' lang='grc' dir='ltr'><em>ἔργον</em></span> 
     </span>
     <span class='ocr_line' id='line_1_14' title="bbox 282 1196 1685 1253; baseline 0.001 -17"><span class='ocrx_word' id='word_1_115' title='bbox 282 1196 365 1237; x_wconf 74' lang='grc' dir='ltr'><em>ἐστὶ</em></span> <span class='ocrx_word' id='word_1_116' title='bbox 393 1200 472 1238; x_wconf 83' lang='grc' dir='ltr'>τῶν</span> <span class='ocrx_word' id='word_1_117' title='bbox 501 1199 705 1247; x_wconf 80' lang='grc' dir='ltr'><em>ποταμῶν,</em></span> <span class='ocrx_word' id='word_1_118' title='bbox 746 1197 810 1236; x_wconf 81' lang='grc' dir='ltr'>καὶ</span> <span class='ocrx_word' id='word_1_119' title='bbox 839 1196 885 1237; x_wconf 81' lang='grc' dir='ltr'>τὸ</span> <span class='ocrx_word' id='word_1_120' title='bbox 914 1200 1136 1238; x_wconf 74' lang='grc' dir='ltr'><em>τελευταῖον</em></span> <span class='ocrx_word' id='word_1_121' title='bbox 1165 1202 1296 1238; x_wconf 79' lang='grc' dir='ltr'><em>πᾶσαν</em></span> <span class='ocrx_word' id='word_1_122' title='bbox 1326 1197 1473 1253; x_wconf 79' lang='grc' dir='ltr'><em>ἀνάγκη</em></span> <span class='ocrx_word' id='word_1_123' title='bbox 1501 1199 1685 1253; x_wconf 70' lang='grc' dir='ltr'><em>γενέσθαι</em></span> 
     </span>
    </p>

    <p class='ocr_par' dir='ltr' id='par_1_5' title="bbox 229 1260 1685 1588">
     <span class='ocr_line' id='line_1_15' title="bbox 229 1260 1685 1319; baseline 0.001 -16"><span class='ocrx_word' id='word_1_124' title='bbox 229 1269 281 1303; x_wconf 87' lang='grc'>30</span> <span class='ocrx_word' id='word_1_125' title='bbox 293 1261 431 1317; x_wconf 78' lang='grc' dir='ltr'><em>ξηράν.</em></span> <span class='ocrx_word' id='word_1_126' title='bbox 490 1269 555 1303; x_wconf 89' lang='grc'>30.</span> <span class='ocrx_word' id='word_1_127' title='bbox 585 1261 740 1302; x_wconf 69' lang='lat' dir='ltr'>’&#39;Ett&#39;d&#39;</span> <span class='ocrx_word' id='word_1_128' title='bbox 764 1260 785 1303; x_wconf 80' lang='grc' dir='ltr'><em>ὃ</em></span> <span class='ocrx_word' id='word_1_129' title='bbox 815 1261 1029 1317; x_wconf 84' lang='grc' dir='ltr'><em>Βόσπορος</em></span> <span class='ocrx_word' id='word_1_130' title='bbox 1057 1262 1115 1304; x_wconf 79' lang='grc' dir='ltr'>ἀεὶ</span> <span class='ocrx_word' id='word_1_131' title='bbox 1142 1264 1215 1316; x_wconf 75' lang='grc' dir='ltr'>μὲν</span> <span class='ocrx_word' id='word_1_132' title='bbox 1245 1263 1307 1319; x_wconf 74' lang='grc' dir='ltr'>ῥεῖ</span> <span class='ocrx_word' id='word_1_133' title='bbox 1332 1265 1397 1305; x_wconf 77' lang='grc' dir='ltr'>διὰ</span> <span class='ocrx_word' id='word_1_134' title='bbox 1418 1265 1463 1306; x_wconf 83' lang='grc' dir='ltr'>τὸ</span> <span class='ocrx_word' id='word_1_135' title='bbox 1485 1268 1685 1318; x_wconf 79' lang='grc' dir='ltr'><em>προσχοῧ-</em></span> 
     </span>
     <span class='ocr_line' id='line_1_16' title="bbox 283 1327 1685 1382; baseline 0.001 -14"><span class='ocrx_word' id='word_1_136' title='bbox 283 1331 408 1378; x_wconf 72' lang='grc' dir='ltr'><em>σθαι,</em></span> <span class='ocrx_word' id='word_1_137' title='bbox 455 1329 520 1369; x_wconf 85' lang='grc' dir='ltr'>καὶ</span> <span class='ocrx_word' id='word_1_138' title='bbox 560 1327 664 1368; x_wconf 64' lang='grc' dir='ltr'><em>ἔστιν</em></span> <span class='ocrx_word' id='word_1_139' title='bbox 701 1328 756 1368; x_wconf 74' lang='grc' dir='ltr'>ἔτι</span> <span class='ocrx_word' id='word_1_140' title='bbox 792 1333 918 1369; x_wconf 81' lang='grc' dir='ltr'><em>ταῦτα</em></span> <span class='ocrx_word' id='word_1_141' title='bbox 957 1330 1021 1369; x_wconf 84' lang='grc' dir='ltr'>καὶ</span> <span class='ocrx_word' id='word_1_142' title='bbox 1058 1336 1142 1378; x_wconf 80' lang='grc' dir='ltr'><em>τοῖς</em></span> <span class='ocrx_word' id='word_1_143' title='bbox 1178 1329 1353 1382; x_wconf 72' lang='grc' dir='ltr'><em>ὄμμασιν</em></span> <span class='ocrx_word' id='word_1_144' title='bbox 1393 1332 1488 1372; x_wconf 76' lang='grc' dir='ltr'>ἰδεῖν</span> <span class='ocrx_word' id='word_1_145' title='bbox 1525 1330 1570 1371; x_wconf 83' lang='grc' dir='ltr'>ὅν</span> <span class='ocrx_word' id='word_1_146' title='bbox 1596 1346 1685 1371; x_wconf 84' lang='grc' dir='ltr'><em>τινα</em></span> 
     </span>
     <span class='ocr_line' id='line_1_17' title="bbox 278 1393 1682 1450; baseline 0.002 -16"><span class='ocrx_word' id='word_1_147' title='bbox 278 1395 487 1446; x_wconf 79' lang='grc' dir='ltr'><em>συμβαίνει</em></span> <span class='ocrx_word' id='word_1_148' title='bbox 516 1393 687 1449; x_wconf 85' lang='grc' dir='ltr'><em>τρόπον·</em></span> <span class='ocrx_word' id='word_1_149' title='bbox 726 1393 790 1435; x_wconf 81' lang='grc' dir='ltr'>ὅτε</span> <span class='ocrx_word' id='word_1_150' title='bbox 818 1395 893 1448; x_wconf 82' lang='grc' dir='ltr'>γὰρ</span> <span class='ocrx_word' id='word_1_151' title='bbox 930 1393 1007 1435; x_wconf 81' lang='grc' dir='ltr'>ἀπὸ</span> <span class='ocrx_word' id='word_1_152' title='bbox 1038 1395 1108 1448; x_wconf 77' lang='grc' dir='ltr'>τῆς</span> <span class='ocrx_word' id='word_1_153' title='bbox 1137 1395 1272 1444; x_wconf 84' lang='grc' dir='ltr'><em>Ἀσίας</em></span> <span class='ocrx_word' id='word_1_154' title='bbox 1309 1395 1411 1450; x_wconf 76' lang='grc' dir='ltr'><em>ᾐόνα</em></span> <span class='ocrx_word' id='word_1_155' title='bbox 1438 1396 1633 1450; x_wconf 82' lang='grc' dir='ltr'><em>ποιήσειεν</em></span> <span class='ocrx_word' id='word_1_156' title='bbox 1662 1394 1682 1437; x_wconf 84' lang='grc' dir='ltr'><em>ὃ</em></span> 
     </span>
     <span class='ocr_line' id='line_1_18' title="bbox 282 1460 1685 1516; baseline 0.001 -16"><span class='ocrx_word' id='word_1_157' title='bbox 282 1460 402 1515; x_wconf 75' lang='grc' dir='ltr'><em>ῥοῦς,</em></span> <span class='ocrx_word' id='word_1_158' title='bbox 442 1460 489 1501; x_wconf 88' lang='grc' dir='ltr'>τὸ</span> <span class='ocrx_word' id='word_1_159' title='bbox 523 1460 690 1502; x_wconf 71' lang='grc' dir='ltr'><em>ὂπίσθεν</em></span> <span class='ocrx_word' id='word_1_160' title='bbox 719 1461 835 1513; x_wconf 84' lang='grc' dir='ltr'><em>λίμνη</em></span> <span class='ocrx_word' id='word_1_161' title='bbox 868 1460 1010 1513; x_wconf 70' lang='grc' dir='ltr'><em>ἐγίνετο</em></span> <span class='ocrx_word' id='word_1_162' title='bbox 1048 1461 1172 1515; x_wconf 81' lang='grc' dir='ltr'><em>μικρὰ</em></span> <span class='ocrx_word' id='word_1_163' title='bbox 1198 1461 1244 1502; x_wconf 86' lang='grc' dir='ltr'>τὸ</span> <span class='ocrx_word' id='word_1_164' title='bbox 1274 1466 1431 1516; x_wconf 79' lang='grc' dir='ltr'><em>πρῶτον</em></span> <span class='ocrx_word' id='word_1_165' title='bbox 1441 1494 1452 1512; x_wconf 89' lang='lat'><em>,</em></span> <span class='ocrx_word' id='word_1_166' title='bbox 1489 1461 1561 1504; x_wconf 75' lang='grc' dir='ltr'>εἶτ’</span> <span class='ocrx_word' id='word_1_167' title='bbox 1595 1463 1685 1514; x_wconf 74' lang='grc' dir='ltr'><em>ἔξη-</em></span> 
     </span>
     <span class='ocr_line' id='line_1_19' title="bbox 283 1525 1680 1588; baseline 0.001 -22"><span class='ocrx_word' id='word_1_168' title='bbox 283 1525 439 1580; x_wconf 72' lang='grc' dir='ltr'><em>ράνθη,</em></span> <span class='ocrx_word' id='word_1_169' title='bbox 481 1527 584 1578; x_wconf 79' lang='grc' dir='ltr'><em>μετὰ</em></span> <span class='ocrx_word' id='word_1_170' title='bbox 613 1527 657 1567; x_wconf 72' lang='grc' dir='ltr'>δὲ</span> <span class='ocrx_word' id='word_1_171' title='bbox 684 1531 801 1567; x_wconf 83' lang='grc' dir='ltr'><em>τοῦτο</em></span> <span class='ocrx_word' id='word_1_172' title='bbox 834 1526 932 1579; x_wconf 69' lang='grc' dir='ltr'><em>ἄλλη</em></span> <span class='ocrx_word' id='word_1_173' title='bbox 969 1525 1046 1567; x_wconf 77' lang='grc' dir='ltr'>ἀπὸ</span> <span class='ocrx_word' id='word_1_174' title='bbox 1076 1526 1225 1580; x_wconf 75' lang='grc' dir='ltr'><em>ταύτης</em></span> <span class='ocrx_word' id='word_1_175' title='bbox 1252 1527 1335 1582; x_wconf 74' lang='grc' dir='ltr'>ᾐών</span> <span class='ocrx_word' id='word_1_176' title='bbox 1366 1531 1430 1570; x_wconf 76' lang='grc' dir='ltr'>καὶ</span> <span class='ocrx_word' id='word_1_177' title='bbox 1461 1530 1576 1588; x_wconf 57' lang='grc' dir='ltr'><em>λίμνη</em></span> <span class='ocrx_word' id='word_1_178' title='bbox 1608 1527 1680 1568; x_wconf 78' lang='grc' dir='ltr'>ἀπ’</span> 
     </span>
    </p>
   </div>
   <div class='ocr_carea' id='block_1_4' title="bbox 0 0 39 1460">
    <p class='ocr_par' dir='ltr' id='par_1_6' title="bbox 0 0 39 1460">
     <span class='ocr_line' id='line_1_20' title="bbox 0 0 39 1460; baseline 0 0"><span class='ocrx_word' id='word_1_179' title='bbox 0 0 39 1460; x_wconf 95' lang='lat' dir='ltr'> </span> 
     </span>
    </p>
   </div>
   <div class='ocr_carea' id='block_1_5' title="bbox 284 1591 1686 1647">
    <p class='ocr_par' dir='ltr' id='par_1_7' title="bbox 284 1591 1686 1647">
     <span class='ocr_line' id='line_1_21' title="bbox 284 1591 1686 1647; baseline 0 -14"><span class='ocrx_word' id='word_1_180' title='bbox 284 1592 420 1646; x_wconf 76' lang='grc' dir='ltr'><em>αὐτῆς.</em></span> <span class='ocrx_word' id='word_1_181' title='bbox 463 1594 526 1633; x_wconf 82' lang='grc' dir='ltr'>καὶ</span> <span class='ocrx_word' id='word_1_182' title='bbox 552 1597 671 1634; x_wconf 80' lang='grc' dir='ltr'><em>τοῦτο</em></span> <span class='ocrx_word' id='word_1_183' title='bbox 704 1592 762 1633; x_wconf 72' lang='grc' dir='ltr'>ἀεὶ</span> <span class='ocrx_word' id='word_1_184' title='bbox 788 1592 892 1634; x_wconf 66' lang='grc' dir='ltr'><em>οὕτω</em></span> <span class='ocrx_word' id='word_1_185' title='bbox 922 1593 1147 1643; x_wconf 67' lang='grc' dir='ltr'><em>συνέβαινεν</em></span> <span class='ocrx_word' id='word_1_186' title='bbox 1176 1591 1343 1646; x_wconf 78' lang='grc' dir='ltr'><em>ὁμοίως·</em></span> <span class='ocrx_word' id='word_1_187' title='bbox 1387 1594 1531 1635; x_wconf 62' lang='grc' dir='ltr'><em>τούτου</em></span> <span class='ocrx_word' id='word_1_188' title='bbox 1557 1594 1600 1634; x_wconf 78' lang='grc' dir='ltr'>δὲ</span> <span class='ocrx_word' id='word_1_189' title='bbox 1626 1609 1686 1647; x_wconf 79' lang='grc' dir='ltr'>γι-</span> 
     </span>
    </p>
   </div>
   <div class='ocr_carea' id='block_1_6' title="bbox 280 1726 1686 2831">
    <p class='ocr_par' dir='ltr' id='par_1_8' title="bbox 280 1726 1686 2831">
     <span class='ocr_line' id='line_1_22' title="bbox 282 1726 1685 1778; baseline -0.001 -14"><span class='ocrx_word' id='word_1_190' title='bbox 282 1727 381 1765; x_wconf 87' lang='lat' dir='ltr'>mari</span> <span class='ocrx_word' id='word_1_191' title='bbox 420 1726 592 1765; x_wconf 80' lang='lat' dir='ltr'>fluminis</span> <span class='ocrx_word' id='word_1_192' title='bbox 627 1726 756 1764; x_wconf 79' lang='lat' dir='ltr'>fluxus</span> <span class='ocrx_word' id='word_1_193' title='bbox 795 1732 1129 1774; x_wconf 82' lang='lat' dir='ltr'><strong>corrumperetur.</strong></span> <span class='ocrx_word' id='word_1_194' title='bbox 1203 1731 1269 1765; x_wconf 77' lang='lat'>28,</span> <span class='ocrx_word' id='word_1_195' title='bbox 1310 1728 1441 1765; x_wconf 81' lang='lat' dir='ltr'>Palam</span> <span class='ocrx_word' id='word_1_196' title='bbox 1469 1728 1590 1778; x_wconf 78' lang='lat' dir='ltr'>igitur</span> <span class='ocrx_word' id='word_1_197' title='bbox 1617 1733 1685 1774; x_wconf 82' lang='lat' dir='ltr'>est,</span> 
     </span>
     <span class='ocr_line' id='line_1_23' title="bbox 282 1792 1686 1842; baseline -0.001 -12"><span class='ocrx_word' id='word_1_198' title='bbox 282 1793 413 1830; x_wconf 82' lang='lat' dir='ltr'>omnia</span> <span class='ocrx_word' id='word_1_199' title='bbox 443 1792 538 1830; x_wconf 86' lang='lat' dir='ltr'>haec</span> <span class='ocrx_word' id='word_1_200' title='bbox 567 1805 676 1829; x_wconf 85' lang='lat' dir='ltr'>mare</span> <span class='ocrx_word' id='word_1_201' title='bbox 703 1805 827 1829; x_wconf 86' lang='lat' dir='ltr'>unum</span> <span class='ocrx_word' id='word_1_202' title='bbox 857 1792 1085 1829; x_wconf 84' lang='lat' dir='ltr'>continuum</span> <span class='ocrx_word' id='word_1_203' title='bbox 1107 1792 1236 1830; x_wconf 84' lang='lat' dir='ltr'>fuisse.</span> <span class='ocrx_word' id='word_1_204' title='bbox 1295 1794 1415 1842; x_wconf 80' lang='lat' dir='ltr'>Quod</span> <span class='ocrx_word' id='word_1_205' title='bbox 1437 1795 1551 1831; x_wconf 83' lang='lat' dir='ltr'>etiam</span> <span class='ocrx_word' id='word_1_206' title='bbox 1574 1806 1686 1830; x_wconf 81' lang='lat' dir='ltr'>causa</span> 
     </span>
     <span class='ocr_line' id='line_1_24' title="bbox 281 1856 1684 1909; baseline -0.001 -13"><span class='ocrx_word' id='word_1_207' title='bbox 281 1865 350 1907; x_wconf 81' lang='lat' dir='ltr'>est,</span> <span class='ocrx_word' id='word_1_208' title='bbox 385 1872 456 1896; x_wconf 91' lang='lat' dir='ltr'>cur</span> <span class='ocrx_word' id='word_1_209' title='bbox 476 1858 686 1896; x_wconf 86' lang='lat' dir='ltr'>Ammonia</span> <span class='ocrx_word' id='word_1_210' title='bbox 703 1858 861 1895; x_wconf 88' lang='lat' dir='ltr'>Africae</span> <span class='ocrx_word' id='word_1_211' title='bbox 880 1858 988 1907; x_wconf 87' lang='lat' dir='ltr'>regio</span> <span class='ocrx_word' id='word_1_212' title='bbox 1009 1856 1226 1907; x_wconf 83' lang='lat' dir='ltr'><strong>demissior,</strong></span> <span class='ocrx_word' id='word_1_213' title='bbox 1250 1865 1290 1896; x_wconf 84' lang='lat' dir='ltr'>et</span> <span class='ocrx_word' id='word_1_214' title='bbox 1309 1859 1428 1909; x_wconf 55' lang='lat' dir='ltr'>magis</span> <span class='ocrx_word' id='word_1_215' title='bbox 1445 1872 1550 1907; x_wconf 85' lang='lat' dir='ltr'>cava,</span> <span class='ocrx_word' id='word_1_216' title='bbox 1569 1871 1684 1909; x_wconf 86' lang='lat' dir='ltr'>quam</span> 
     </span>
     <span class='ocr_line' id='line_1_25' title="bbox 282 1923 1685 1974; baseline -0.001 -12"><span class='ocrx_word' id='word_1_217' title='bbox 282 1925 480 1963; x_wconf 83' lang='lat' dir='ltr'>inferioris</span> <span class='ocrx_word' id='word_1_218' title='bbox 509 1929 655 1961; x_wconf 87' lang='lat' dir='ltr'>tractus</span> <span class='ocrx_word' id='word_1_219' title='bbox 683 1924 782 1961; x_wconf 87' lang='lat' dir='ltr'>ratio</span> <span class='ocrx_word' id='word_1_220' title='bbox 807 1923 987 1972; x_wconf 82' lang='lat' dir='ltr'>postulat.</span> <span class='ocrx_word' id='word_1_221' title='bbox 1057 1923 1219 1960; x_wconf 85' lang='lat' dir='ltr'>Constat</span> <span class='ocrx_word' id='word_1_222' title='bbox 1253 1925 1356 1961; x_wconf 88' lang='lat' dir='ltr'>enim</span> <span class='ocrx_word' id='word_1_223' title='bbox 1389 1924 1685 1974; x_wconf 85' lang='lat' dir='ltr'>adaggeratione</span> 
     </span>
     <span class='ocr_line' id='line_1_26' title="bbox 282 1988 1684 2040; baseline -0.001 -12"><span class='ocrx_word' id='word_1_224' title='bbox 282 1991 408 2029; x_wconf 77' lang='lat' dir='ltr'>veluti</span> <span class='ocrx_word' id='word_1_225' title='bbox 426 1991 524 2028; x_wconf 87' lang='lat' dir='ltr'>facta</span> <span class='ocrx_word' id='word_1_226' title='bbox 547 1995 679 2038; x_wconf 82' lang='lat' dir='ltr'>stagna</span> <span class='ocrx_word' id='word_1_227' title='bbox 718 1994 757 2025; x_wconf 90' lang='lat' dir='ltr'>et</span> <span class='ocrx_word' id='word_1_228' title='bbox 777 1994 925 2026; x_wconf 83' lang='lat' dir='ltr'>terram</span> <span class='ocrx_word' id='word_1_229' title='bbox 948 1988 1151 2036; x_wconf 83' lang='lat' dir='ltr'>exstitisse,</span> <span class='ocrx_word' id='word_1_230' title='bbox 1179 2002 1224 2026; x_wconf 90' lang='lat' dir='ltr'>ac</span> <span class='ocrx_word' id='word_1_231' title='bbox 1244 1989 1482 2040; x_wconf 84' lang='lat' dir='ltr'><strong>procedente</strong></span> <span class='ocrx_word' id='word_1_232' title='bbox 1505 1996 1684 2040; x_wconf 86' lang='lat' dir='ltr'>tempore</span> 
     </span>
     <span class='ocr_line' id='line_1_27' title="bbox 282 2054 1683 2108; baseline -0.002 -14"><span class='ocrx_word' id='word_1_233' title='bbox 282 2070 420 2108; x_wconf 84' lang='lat' dir='ltr'>aquam</span> <span class='ocrx_word' id='word_1_234' title='bbox 442 2069 547 2104; x_wconf 85' lang='lat' dir='ltr'>eam,</span> <span class='ocrx_word' id='word_1_235' title='bbox 580 2067 678 2106; x_wconf 84' lang='lat' dir='ltr'>quae</span> <span class='ocrx_word' id='word_1_236' title='bbox 701 2055 918 2104; x_wconf 83' lang='lat' dir='ltr'>intercepta</span> <span class='ocrx_word' id='word_1_237' title='bbox 942 2054 1074 2092; x_wconf 80' lang='lat' dir='ltr'>fuerat</span> <span class='ocrx_word' id='word_1_238' title='bbox 1097 2061 1136 2092; x_wconf 88' lang='lat' dir='ltr'>et</span> <span class='ocrx_word' id='word_1_239' title='bbox 1154 2060 1421 2105; x_wconf 81' lang='lat' dir='ltr'>stagnaverat,</span> <span class='ocrx_word' id='word_1_240' title='bbox 1454 2056 1683 2093; x_wconf 81' lang='lat' dir='ltr'>exsiccatam</span> 
     </span>
     <span class='ocr_line' id='line_1_28' title="bbox 280 2120 1685 2174; baseline -0.002 -13"><span class='ocrx_word' id='word_1_241' title='bbox 280 2125 359 2161; x_wconf 84' lang='lat' dir='ltr'>iam</span> <span class='ocrx_word' id='word_1_242' title='bbox 376 2135 538 2174; x_wconf 86' lang='lat' dir='ltr'>prorsus</span> <span class='ocrx_word' id='word_1_243' title='bbox 557 2120 770 2165; x_wconf 83' lang='lat' dir='ltr'>evanuisse.</span> <span class='ocrx_word' id='word_1_244' title='bbox 826 2124 889 2158; x_wconf 75' lang='lat'>29.</span> <span class='ocrx_word' id='word_1_245' title='bbox 919 2120 1028 2168; x_wconf 86' lang='lat' dir='ltr'>Quin</span> <span class='ocrx_word' id='word_1_246' title='bbox 1047 2121 1163 2158; x_wconf 84' lang='lat' dir='ltr'>etiam</span> <span class='ocrx_word' id='word_1_247' title='bbox 1182 2121 1232 2158; x_wconf 86' lang='lat' dir='ltr'>ad</span> <span class='ocrx_word' id='word_1_248' title='bbox 1251 2123 1482 2159; x_wconf 85' lang='lat' dir='ltr'>Maeoticam</span> <span class='ocrx_word' id='word_1_249' title='bbox 1500 2121 1685 2172; x_wconf 82' lang='lat' dir='ltr'>paludem</span> 
     </span>
     <span class='ocr_line' id='line_1_29' title="bbox 283 2185 1685 2239; baseline -0.002 -12"><span class='ocrx_word' id='word_1_250' title='bbox 283 2196 388 2227; x_wconf 80' lang='lat' dir='ltr'>tanta</span> <span class='ocrx_word' id='word_1_251' title='bbox 408 2188 594 2232; x_wconf 82' lang='lat' dir='ltr'>accessio,</span> <span class='ocrx_word' id='word_1_252' title='bbox 625 2186 840 2224; x_wconf 85' lang='lat' dir='ltr'>fluviorum</span> <span class='ocrx_word' id='word_1_253' title='bbox 857 2185 1154 2239; x_wconf 82' lang='lat' dir='ltr'>adaggeratione</span> <span class='ocrx_word' id='word_1_254' title='bbox 1174 2187 1273 2224; x_wconf 86' lang='lat' dir='ltr'>facta</span> <span class='ocrx_word' id='word_1_255' title='bbox 1293 2193 1350 2224; x_wconf 89' lang='lat' dir='ltr'>est</span> <span class='ocrx_word' id='word_1_256' title='bbox 1362 2217 1373 2236; x_wconf 88' lang='lat'>‚</span> <span class='ocrx_word' id='word_1_257' title='bbox 1401 2194 1445 2225; x_wconf 91' lang='lat' dir='ltr'>ut</span> <span class='ocrx_word' id='word_1_258' title='bbox 1465 2188 1590 2225; x_wconf 89' lang='lat' dir='ltr'>multo</span> <span class='ocrx_word' id='word_1_259' title='bbox 1610 2188 1685 2224; x_wconf 88' lang='lat' dir='ltr'>mi·-</span> 
     </span>
     <span class='ocr_line' id='line_1_30' title="bbox 283 2252 1686 2304; baseline -0.002 -10"><span class='ocrx_word' id='word_1_260' title='bbox 283 2269 382 2294; x_wconf 85' lang='lat' dir='ltr'>nora</span> <span class='ocrx_word' id='word_1_261' title='bbox 408 2255 562 2304; x_wconf 82' lang='lat' dir='ltr'>navigia</span> <span class='ocrx_word' id='word_1_262' title='bbox 589 2253 688 2291; x_wconf 91' lang='lat' dir='ltr'>lucri</span> <span class='ocrx_word' id='word_1_263' title='bbox 712 2253 834 2303; x_wconf 80' lang='lat' dir='ltr'>gratia</span> <span class='ocrx_word' id='word_1_264' title='bbox 856 2252 965 2289; x_wconf 84' lang='lat' dir='ltr'>illam</span> <span class='ocrx_word' id='word_1_265' title='bbox 989 2265 1092 2289; x_wconf 89' lang='lat' dir='ltr'>nunc</span> <span class='ocrx_word' id='word_1_266' title='bbox 1118 2253 1408 2302; x_wconf 82' lang='lat' dir='ltr'>ingrediantur,</span> <span class='ocrx_word' id='word_1_267' title='bbox 1438 2267 1551 2304; x_wconf 87' lang='lat' dir='ltr'>quam</span> <span class='ocrx_word' id='word_1_268' title='bbox 1572 2266 1686 2291; x_wconf 83' lang='lat' dir='ltr'>sexa-</span> 
     </span>
     <span class='ocr_line' id='line_1_31' title="bbox 283 2317 1685 2372; baseline -0.002 -13"><span class='ocrx_word' id='word_1_269' title='bbox 283 2323 388 2372; x_wconf 81' lang='lat' dir='ltr'>ginta</span> <span class='ocrx_word' id='word_1_270' title='bbox 416 2320 558 2358; x_wconf 86' lang='lat' dir='ltr'>abhinc</span> <span class='ocrx_word' id='word_1_271' title='bbox 576 2331 718 2356; x_wconf 85' lang='lat' dir='ltr'>annos:</span> <span class='ocrx_word' id='word_1_272' title='bbox 748 2319 929 2368; x_wconf 77' lang='lat' dir='ltr'>quocirca</span> <span class='ocrx_word' id='word_1_273' title='bbox 956 2331 1007 2355; x_wconf 84' lang='lat' dir='ltr'>ex</span> <span class='ocrx_word' id='word_1_274' title='bbox 1029 2317 1103 2355; x_wconf 84' lang='lat' dir='ltr'>hac</span> <span class='ocrx_word' id='word_1_275' title='bbox 1132 2319 1215 2369; x_wconf 86' lang='lat' dir='ltr'>ipsa</span> <span class='ocrx_word' id='word_1_276' title='bbox 1242 2333 1288 2357; x_wconf 87' lang='lat' dir='ltr'>rc</span> <span class='ocrx_word' id='word_1_277' title='bbox 1313 2320 1426 2357; x_wconf 79' lang='lat' dir='ltr'>facile</span> <span class='ocrx_word' id='word_1_278' title='bbox 1455 2326 1512 2357; x_wconf 83' lang='lat' dir='ltr'>est</span> <span class='ocrx_word' id='word_1_279' title='bbox 1533 2320 1685 2357; x_wconf 82' lang='lat' dir='ltr'>ratione</span> 
     </span>
     <span class='ocr_line' id='line_1_32' title="bbox 285 2384 1684 2436; baseline -0.002 -12"><span class='ocrx_word' id='word_1_280' title='bbox 285 2387 487 2436; x_wconf 82' lang='lat' dir='ltr'>colligere,</span> <span class='ocrx_word' id='word_1_281' title='bbox 523 2385 632 2422; x_wconf 84' lang='lat' dir='ltr'>illam</span> <span class='ocrx_word' id='word_1_282' title='bbox 659 2391 703 2422; x_wconf 89' lang='lat' dir='ltr'>ut</span> <span class='ocrx_word' id='word_1_283' title='bbox 727 2384 870 2421; x_wconf 83' lang='lat' dir='ltr'>multos</span> <span class='ocrx_word' id='word_1_284' title='bbox 893 2396 1048 2434; x_wconf 88' lang='lat' dir='ltr'>quoque</span> <span class='ocrx_word' id='word_1_285' title='bbox 1072 2385 1190 2433; x_wconf 79' lang='lat' dir='ltr'>alios,</span> <span class='ocrx_word' id='word_1_286' title='bbox 1220 2385 1428 2422; x_wconf 87' lang='lat' dir='ltr'>fluminum</span> <span class='ocrx_word' id='word_1_287' title='bbox 1448 2399 1545 2436; x_wconf 88' lang='lat' dir='ltr'>opus</span> <span class='ocrx_word' id='word_1_288' title='bbox 1571 2384 1684 2422; x_wconf 87' lang='lat' dir='ltr'>initio</span> 
     </span>
     <span class='ocr_line' id='line_1_33' title="bbox 283 2451 1684 2498; baseline -0.003 -8"><span class='ocrx_word' id='word_1_289' title='bbox 283 2453 414 2498; x_wconf 82' lang='lat' dir='ltr'>fuisse,</span> <span class='ocrx_word' id='word_1_290' title='bbox 428 2465 471 2489; x_wconf 88' lang='lat' dir='ltr'>ac</span> <span class='ocrx_word' id='word_1_291' title='bbox 483 2451 641 2488; x_wconf 86' lang='lat' dir='ltr'>tandem</span> <span class='ocrx_word' id='word_1_292' title='bbox 658 2463 813 2488; x_wconf 87' lang='lat' dir='ltr'>necesse</span> <span class='ocrx_word' id='word_1_293' title='bbox 830 2463 923 2497; x_wconf 87' lang='lat' dir='ltr'>esse,</span> <span class='ocrx_word' id='word_1_294' title='bbox 942 2456 986 2487; x_wconf 91' lang='lat' dir='ltr'>ut</span> <span class='ocrx_word' id='word_1_295' title='bbox 1001 2451 1208 2488; x_wconf 89' lang='lat' dir='ltr'>universus</span> <span class='ocrx_word' id='word_1_296' title='bbox 1227 2453 1458 2489; x_wconf 81' lang='lat' dir='ltr'>exsiccetur.</span> <span class='ocrx_word' id='word_1_297' title='bbox 1491 2454 1552 2488; x_wconf 83' lang='lat'>30.</span> <span class='ocrx_word' id='word_1_298' title='bbox 1564 2451 1684 2487; x_wconf 85' lang='lat' dir='ltr'>Prae-</span> 
     </span>
     <span class='ocr_line' id='line_1_34' title="bbox 284 2514 1685 2567; baseline -0.003 -12"><span class='ocrx_word' id='word_1_299' title='bbox 284 2524 392 2555; x_wconf 83' lang='lat' dir='ltr'>terea</span> <span class='ocrx_word' id='word_1_300' title='bbox 411 2523 449 2554; x_wconf 90' lang='lat' dir='ltr'>et</span> <span class='ocrx_word' id='word_1_301' title='bbox 466 2518 662 2566; x_wconf 87' lang='lat' dir='ltr'>Bosporus</span> <span class='ocrx_word' id='word_1_302' title='bbox 675 2529 832 2566; x_wconf 87' lang='lat' dir='ltr'>semper</span> <span class='ocrx_word' id='word_1_303' title='bbox 850 2515 1008 2566; x_wconf 84' lang='lat' dir='ltr'>quidem</span> <span class='ocrx_word' id='word_1_304' title='bbox 1027 2515 1116 2554; x_wconf 89' lang='lat' dir='ltr'>fluit</span> <span class='ocrx_word' id='word_1_305' title='bbox 1133 2517 1182 2553; x_wconf 93' lang='lat' dir='ltr'>ob</span> <span class='ocrx_word' id='word_1_306' title='bbox 1202 2517 1547 2567; x_wconf 81' lang='lat' dir='ltr'>adaggerationem,</span> <span class='ocrx_word' id='word_1_307' title='bbox 1566 2514 1685 2564; x_wconf 85' lang='lat' dir='ltr'>idque</span> 
     </span>
     <span class='ocr_line' id='line_1_35' title="bbox 284 2581 1683 2633; baseline -0.003 -12"><span class='ocrx_word' id='word_1_308' title='bbox 284 2583 380 2633; x_wconf 87' lang='lat' dir='ltr'>ipsis</span> <span class='ocrx_word' id='word_1_309' title='bbox 408 2594 563 2631; x_wconf 84' lang='lat' dir='ltr'>quoque</span> <span class='ocrx_word' id='word_1_310' title='bbox 593 2583 714 2620; x_wconf 88' lang='lat' dir='ltr'>oculis</span> <span class='ocrx_word' id='word_1_311' title='bbox 738 2583 920 2632; x_wconf 85' lang='lat' dir='ltr'>quoniam</span> <span class='ocrx_word' id='word_1_312' title='bbox 941 2588 1054 2632; x_wconf 86' lang='lat' dir='ltr'>pacto</span> <span class='ocrx_word' id='word_1_313' title='bbox 1074 2583 1219 2620; x_wconf 84' lang='lat' dir='ltr'>factum</span> <span class='ocrx_word' id='word_1_314' title='bbox 1239 2583 1308 2630; x_wconf 85' lang='lat' dir='ltr'>sit,</span> <span class='ocrx_word' id='word_1_315' title='bbox 1335 2582 1428 2619; x_wconf 86' lang='lat' dir='ltr'>licet</span> <span class='ocrx_word' id='word_1_316' title='bbox 1446 2581 1683 2631; x_wconf 85' lang='lat' dir='ltr'>perspicere.</span> 
     </span>
     <span class='ocr_line' id='line_1_36' title="bbox 285 2646 1684 2697; baseline -0.004 -10"><span class='ocrx_word' id='word_1_317' title='bbox 285 2649 385 2687; x_wconf 88' lang='lat' dir='ltr'>Cum</span> <span class='ocrx_word' id='word_1_318' title='bbox 414 2647 518 2684; x_wconf 85' lang='lat' dir='ltr'>enim</span> <span class='ocrx_word' id='word_1_319' title='bbox 545 2646 674 2684; x_wconf 80' lang='lat' dir='ltr'>fluxus</span> <span class='ocrx_word' id='word_1_320' title='bbox 698 2661 749 2684; x_wconf 76' lang='lat' dir='ltr'>ex</span> <span class='ocrx_word' id='word_1_321' title='bbox 773 2649 868 2685; x_wconf 87' lang='lat' dir='ltr'>Asia</span> <span class='ocrx_word' id='word_1_322' title='bbox 893 2649 1001 2686; x_wconf 85' lang='lat' dir='ltr'>littus</span> <span class='ocrx_word' id='word_1_323' title='bbox 1029 2648 1226 2696; x_wconf 81' lang='lat' dir='ltr'>efficeret,</span> <span class='ocrx_word' id='word_1_324' title='bbox 1254 2648 1295 2684; x_wconf 82' lang='lat' dir='ltr'>id</span> <span class='ocrx_word' id='word_1_325' title='bbox 1313 2646 1418 2697; x_wconf 87' lang='lat' dir='ltr'>quod</span> <span class='ocrx_word' id='word_1_326' title='bbox 1439 2659 1461 2682; x_wconf 85' lang='lat' dir='ltr'>a</span> <span class='ocrx_word' id='word_1_327' title='bbox 1480 2652 1589 2696; x_wconf 88' lang='lat' dir='ltr'>tergo</span> <span class='ocrx_word' id='word_1_328' title='bbox 1618 2659 1684 2683; x_wconf 85' lang='lat' dir='ltr'>rc-</span> 
     </span>
     <span class='ocr_line' id='line_1_37' title="bbox 285 2711 1682 2764; baseline -0.004 -12"><span class='ocrx_word' id='word_1_329' title='bbox 285 2713 489 2761; x_wconf 85' lang='lat' dir='ltr'>manebat,</span> <span class='ocrx_word' id='word_1_330' title='bbox 519 2712 624 2749; x_wconf 80' lang='lat' dir='ltr'>lacus</span> <span class='ocrx_word' id='word_1_331' title='bbox 651 2713 824 2762; x_wconf 86' lang='lat' dir='ltr'>primum</span> <span class='ocrx_word' id='word_1_332' title='bbox 855 2715 1017 2764; x_wconf 79' lang='lat' dir='ltr'>exiguus</span> <span class='ocrx_word' id='word_1_333' title='bbox 1049 2713 1187 2762; x_wconf 87' lang='lat' dir='ltr'>fiebat,</span> <span class='ocrx_word' id='word_1_334' title='bbox 1225 2713 1368 2750; x_wconf 71' lang='lat' dir='ltr'>deinde</span> <span class='ocrx_word' id='word_1_335' title='bbox 1395 2711 1682 2748; x_wconf 82' lang='lat' dir='ltr'>exsiccabatur:</span> 
     </span>
     <span class='ocr_line' id='line_1_38' title="bbox 287 2776 1683 2831; baseline -0.002 -14"><span class='ocrx_word' id='word_1_336' title='bbox 287 2785 376 2831; x_wconf 85' lang='lat' dir='ltr'>post</span> <span class='ocrx_word' id='word_1_337' title='bbox 394 2791 491 2818; x_wconf 86' lang='lat' dir='ltr'>vcro</span> <span class='ocrx_word' id='word_1_338' title='bbox 501 2806 512 2827; x_wconf 90' lang='lat'><em>,</em></span> <span class='ocrx_word' id='word_1_339' title='bbox 543 2791 593 2815; x_wconf 83' lang='lat' dir='ltr'>cx</span> <span class='ocrx_word' id='word_1_340' title='bbox 611 2791 657 2815; x_wconf 83' lang='lat' dir='ltr'>co</span> <span class='ocrx_word' id='word_1_341' title='bbox 678 2777 782 2816; x_wconf 79' lang='lat' dir='ltr'>aliud</span> <span class='ocrx_word' id='word_1_342' title='bbox 801 2779 909 2816; x_wconf 86' lang='lat' dir='ltr'>littus</span> <span class='ocrx_word' id='word_1_343' title='bbox 938 2785 977 2817; x_wconf 87' lang='lat' dir='ltr'>et</span> <span class='ocrx_word' id='word_1_344' title='bbox 995 2780 1099 2818; x_wconf 82' lang='lat' dir='ltr'>lacus</span> <span class='ocrx_word' id='word_1_345' title='bbox 1119 2778 1347 2822; x_wconf 62' lang='lat' dir='ltr'>exsistebat:</span> <span class='ocrx_word' id='word_1_346' title='bbox 1375 2776 1492 2829; x_wconf 86' lang='lat' dir='ltr'>idque</span> <span class='ocrx_word' id='word_1_347' title='bbox 1510 2776 1560 2816; x_wconf 86' lang='lat' dir='ltr'>ad</span> <span class='ocrx_word' id='word_1_348' title='bbox 1580 2776 1683 2815; x_wconf 85' lang='lat' dir='ltr'>hunc</span> 
     </span>
    </p>
   </div>
  </div>
 </body>
</html>
