1774 3198
273 342 365 386 536
488 349 931 390 COMMENTARIUS
948 351 1015 391 >IN
1036 350 1445 394 METEOROLOG.

271 459 336 499 καὶ
365 458 405 499 ἒν
430 457 660 512 Ὀμβρικοῖς
685 456 801 512 χώρα
830 458 935 498 ἐστιν
955 457 1147 511 ἰλυώδης,
1178 453 1264 500 ἒντ
1239 477 1266 514 ῃ
1286 458 1457 512 κάλαμοι
1478 461 1542 500 καὶ
1565 467 1673 513 σχοῖ-

270 525 527 602 νοίγίνονται
557 527 744 565 πλεῖστοι.
774 521 929 564 τούτων
957 525 1133 572 καίοντες
1161 541 1197 565 οι
1226 528 1298 578 τῆς
1317 524 1455 580 χώρας
1483 526 1548 566 καὶ
1576 525 1674 567 ἀπο-

271 593 507 643 τεφροῦντες
543 591 607 630 καὶ
642 589 716 643 τὴν
749 590 899 644 τέφραν
937 591 991 637 εις
1023 589 1147 654 υδωρ
1162 590 1387 646 ἀφέψοντες
1413 590 1459 632 τὸ
1490 591 1674 645 ἒπιπαγὲν

272 654 372 701 ἅλας
399 652 637 709 εὖριᾝσκουσι
694 660 835 697 Monet
857 658 1002 696 deinde
1031 658 1341 698 Schneider:
1371 661 1478 697 Hier
1499 661 1555 696 ist
1578 659 1676 697 aber

270 737 362 759 vom
381 724 732 774 vegetabiliscken
750 725 1037 775 Langensalze
1057 725 1124 762 die
1142 721 1253 762 Rede
1262 755 1274 772 ,
1304 725 1473 762 welches
1495 738 1587 763 vom
1603 739 1677 776 ge·-

271 790 427 826 meinen
453 789 734 828 Kic'clcensalze
762 790 856 827 sehr
885 791 1148 843 versplzieden
1177 792 1241 827 ist.
1303 790 1541 840 Amfjenee·
1551 799 1677 840 passt

270 869 345 891 nur
373 855 439 892 die
462 856 696 904 Hypotlzese
721 856 789 893 des
811 856 1056 894 Aristoteles
1076 871 1157 896 von
1177 857 1264 894 dem
1280 864 1412 894 ersten
1437 857 1676 907 Ursprunge

270 921 341 958 der
367 922 551 972 salzigen
578 921 722 959 Flic'sse
750 922 837 959 und
862 923 1030 973 Qaellen
1065 937 1157 961 vom
1184 923 1330 964 Fener.
1395 923 1483 960 Huc
1508 923 1677 972 denique

267 988 440 1037 pertinet
462 988 569 1025 locus
593 988 753 1025 Plinii
788 990 948 1025 Histor.
971 997 1111 1026 natur.
1135 990 1309 1037 XXXI,
1332 989 1406 1026 40:
1438 989 1676 1038 Quicunque

267 1054 381 1103 ligno
393 1054 449 1106 fit
467 1054 543 1098 sal,
572 1055 689 1104 niger
706 1061 779 1091 est.
817 1054 947 1103 Apud
963 1054 1290 1103 Theophrastum
1307 1055 1482 1102 invenio,
1509 1055 1678 1091 Umbros

268 1119 488 1156 arundinis
507 1126 547 1156 et
563 1121 678 1155 iunci
696 1121 874 1156 cinerem
895 1120 1119 1170 decoquere
1136 1133 1249 1171 aqua
1265 1121 1423 1166 solitos,
1446 1120 1569 1158 donec
1587 1122 1678 1158 exi-

263 1198 392 1234 guam
419 1191 645 1234 superesset
667 1184 860 1221 humoris.

376 1251 442 1288 43.
479 1247 651 1299 κάλαμοι
681 1263 756 1300 pro
780 1245 960 1299 κάλαμος
991 1249 1042 1286 Η.
1071 1250 1123 1287 N.
1153 1255 1193 1287 et
1219 1250 1441 1288 Michael
1468 1250 1674 1288 Psellus

266 1317 383 1367 paulo
409 1323 500 1354 ante
533 1311 804 1354 laudatus.'-
853 1316 995 1352 τοῦτον
1025 1327 1099 1365 pro
1125 1312 1281 1353 τούτων
1303 1317 1371 1363 Ρ.,
1403 1317 1471 1367 qui
1492 1330 1580 1354 cum
1607 1329 1675 1353 co-

266 1383 352 1420 dice
374 1383 425 1421 N.
447 1383 578 1420 omisit
598 1373 678 1420 οὖν.
702 1402 751 1409 -
782 1378 1038 1419 κατακαίουσι
1063 1393 1138 1431 pro
1158 1378 1401 1421 κατακάουσι
1421 1383 1468 1419 Ε.
1487 1384 1534 1420 F.
1556 1382 1609 1420 N.
1632 1383 1672 1419 P.

266 1450 337 1486 cfr.
358 1449 408 1486 ad
429 1448 536 1497 1‚4,
563 1452 599 1486 1.
634 1467 687 1475 —-
727 1443 993 1496 ἐμβάλλοντες
1020 1459 1095 1497 pro
1123 1443 1364 1496 ἒιιβαλόντες
1391 1449 1443 1485 Η.
1473 1448 1526 1485 N.
1551 1448 1671 1486 Alex.

266 1516 374 1552 Cam.
393 1515 436 1551 P.
459 1513 498 1551 S.
522 1513 609 1551 Cas.
640 1535 692 1541 —
721 1511 881 1551 λειπωσι
901 1526 976 1563 pro
999 1510 1140 1550 λίπωσι
1158 1512 1211 1550 Ν.
1233 1534 1288 1540 -
1318 1526 1355 1550 τι
1380 1510 1502 1565 μέρος
1529 1514 1615 1568 τοῦ1
1627 1509 1674 1550 v'-

264 1579 386 1625 ὃατος
410 1580 544 1618 addito
562 1576 685 1632 μέρος
710 1580 756 1616 F.
776 1581 827 1617 H.
846 1580 898 1617 N.
927 1592 990 1630 γρ.
1022 1579 1108 1617 Cas.
1137 1579 1210 1616 cfr.
1235 1578 1270 1628 ᾧ.
1291 1577 1357 1616 41.

248 1663 250 1665 “
374 1646 440 1684 44.
473 1646 665 1695 ποταμῶν
694 1640 855 1698 αλμυρὰ
885 1641 1063 1698 ῥεύματα
1090 1650 1237 1682 mutato
1261 1644 1401 1682 ordine
1422 1647 1470 1683 F.
1498 1665 1548 1673 —
1578 1642 1675 1683 ποτὲ

262 1709 398 1764 θερμά
418 1715 466 1751 F.
497 1708 634 1764 θερμά
653 1725 695 1750 τε
714 1714 760 1751 Ε.
783 1734 833 1740 --
865 1708 1062 1761 ἠθοῦνται
1079 1711 1303 1760 scripsimus
1326 1723 1415 1748 cum
1439 1710 1486 1748 E.
1525 1711 1676 1749 Omnes

261 1779 416 1827 reliqui,
445 1778 583 1828 scripti
605 1784 644 1815 et
663 1778 772 1827 editi,
789 1777 1027 1828 διηθοῦνται
1047 1782 1086 1814 et
1107 1777 1161 1814 ita
1180 1776 1296 1814 etiam
1313 1778 1359 1814 B.
1373 1799 1422 1805 -—
1452 1778 1516 1815 De
1531 1790 1577 1814 re
1598 1777 1672 1816 cfr.

260 1845 333 1887 IV,
358 1847 428 1880 11:
458 1842 579 1881 ὃῖῆλον
601 1839 660 1881 ὅτι
680 1839 811 1881 πάντα
838 1840 890 1882 τὰ
918 1840 1086 1892 σώματα
1115 1838 1192 1879 ὅσα
1211 1835 1407 1893 ῗκατέρου
1436 1836 1572 1887 ἁπλῶς
1601 1842 1673 1880 τοῦ

261 1906 474 1958 στοιχείου,
504 1905 645 1959 ψυχρὰ
672 1905 827 1957 μᾶλλόν
854 1906 974 1955 ἔστιν,
1016 1904 1064 1946 ἂν
1091 1903 1148 1956 μὴ
1178 1904 1245 1958 ἔχῃ
1275 1903 1489 1958 ἀλλοτρίαν
1517 1904 1673 1959 θερμό-

259 1987 382 2024 τητα,
425 1968 510 2012 οἷον
537 1971 583 2012 τὸ
617 1971 700 2022 ζέον
724 1970 862 2025 ὕδωρ,
914 1969 939 2023 ἢ
968 1970 1013 2010 τὸ
1047 1968 1113 2010 διὰ
1140 1969 1290 2024 τέφρας
1317 1968 1558 2022 ἠθούμενον.
1604 1971 1671 2010 καὶ

260 2037 335 2092 γὰρ
371 2041 490 2078 τοῦτο
528 2036 603 2089 ἔχει
629 2037 702 2091 τὴν
731 2038 774 2078 ἐκ
801 2041 872 2090 τῆς
899 2036 1050 2091 τέφρας
1078 2034 1326 2090 θερμότητα.
1373 2035 1414 2076 ἐν
1445 2034 1568 2076 ἅπασι
1593 2035 1670 2089 γάρ

260 2104 343 2145 ἔστι
368 2103 575 2160 θερμότης
602 2102 628 2156 ἢ
656 2104 799 2144 πλείων
825 2101 850 2156 ἢ
883 2101 1058 2143 ἐλάττων
1085 2107 1170 2150 τοῖς
1195 2101 1504 2156 πεπυρωμένοις.
1572 2104 1671 2144 Inde

262 2172 663 2224 Theophrastus
684 2172 732 2209 de
752 2182 867 2209 caus.
883 2171 1018 2221 plant.
1036 2173 1084 2218 H,
1106 2172 1190 2218 5,1.
1221 2184 1262 2221 p.
1277 2174 1380 2209 399:
1413 2166 1490 2208 ὅσα
1505 2167 1580 2219 μὲν
1599 2162 1669 2207 οὗν

260 2234 422 2289 (ὕδατα)
454 2235 587 2291 θερμὰ
617 2236 682 2276 καὶ
707 2234 880 2289 νιτρώδη
913 2236 977 2276 καὶ
1007 2231 1286 2288 στυπτηριώόη
1317 2234 1382 2274 καὶ
1411 2233 1451 2274 εἶ’
1472 2250 1531 2280 τις
1550 2232 1669 2279 ἄλλος

259 2305 440 2350 τοιοῦτος
463 2301 591 2355 χυμός
622 2331 755 2342 .....
785 2303 891 2341 unde
911 2310 1020 2354 patet
1037 2317 1129 2340 eum
1149 2316 1285 2340 omnes
1307 2303 1389 2340 eius
1415 2302 1525 2339 modi
1552 2313 1667 2351 aquas

260 2370 401 2408 calidas
420 2370 628 2419 censuisse,
647 2383 736 2407 cum
756 2371 863 2408 calor
881 2370 929 2407 ad
948 2383 1133 2420 saporum
1153 2381 1295 2419 genera
1314 2381 1393 2406 non
1410 2367 1614 2418 pertineat.

373 2436 438 2474 45.
468 2451 510 2475 τε
527 2450 601 2487 pro
621 2434 668 2474 δέ
683 2437 736 2473 Ν.
757 2457 808 2463 -
839 2436 1020 2487 πολλαχῇ
1038 2449 1112 2486 pro
1133 2434 1336 2491 πολλαχοᾷ
1351 2422 1475 2485 Psy?
1503 2433 1587 2470 Cas.
1613 2452 1662 2456 —

257 2498 412 2551 μυχούς
428 2516 500 2553 pro
515 2498 671 2552 χυμούς
692 2502 745 2539 Ν.
774 2524 823 2529 —
853 2500 917 2539 καὶ
939 2508 1029 2539 ante
1048 2501 1209 2552 κρῆναι,
1241 2499 1348 2550 quod
1371 2511 1506 2536 omnes
1523 2497 1665 2547 reliqui

259 2581 348 2605 cum
371 2570 417 2606 B.
438 2569 641 2618 praebent,
670 2567 921 2605 omittuntE.
940 2569 1055 2606 Alex.
1076 2567 1128 2604 A.
1151 2566 1381 2617 quibuscum
1398 2577 1468 2602 nos
1488 2562 1663 2601 fecimus.

261 2655 310 2661 ——
329 2629 512 2684 Denique
536 2648 596 2685 γρ.
627 2631 692 2671 καὶ
716 2633 851 2684 χροῶν
878 2631 943 2671 καὶ
964 2632 1103 2682 χυμῶν
1129 2630 1216 2668 Cas.
1244 2644 1342 2682 quae
1362 2631 1413 2669 V.
1434 2629 1484 2667 L.
1504 2641 1554 2666 ex
1575 2629 1665 2666 Bas.

258 2700 379 2748 petita
403 2706 472 2737 est.
495 2720 544 2727 --·
575 2701 632 2738 τῶ
659 2699 859 2748 μᾶλλον
889 2696 970 2736 καὶ
999 2696 1156 2747 ἦττον
1184 2698 1255 2736 cfr.
1278 2696 1327 2734 ad
1345 2698 1375 2742 1,
1399 2693 1572 2742 4,1.--
1600 2696 1665 2733 De

257 2764 365 2813 aquis
380 2762 533 2814 χυμούς
550 2765 780 2802 habentibus
802 2765 872 2803 cfr
899 2764 989 2802 Ari
1002 2763 1229 2801 stotelem
1259 2761 1307 2798 de
1327 2773 1443 2798 sensa
1464 2766 1503 2797 et
1521 2760 1666 2797 sensili
