1774 3198
383 373 604 415 LIBRUM
633 368 959 412 SECUNDUM.
1017 367 1132 411 CAP-
1149 369 1220 412 111.
1413 360 1507 405 525

80 488 150 531 τὸν
174 486 320 541 χυμόν.
354 509 407 518 -
467 487 696 526 Articulum
724 492 819 526 ante
844 483 998 540 τέφρας
1027 483 1178 524 omittit
1202 482 1257 522 N.
1282 502 1338 511 -
1367 480 1434 521 καὶ
1461 479 1510 523 τὸ

79 557 170 612 περὶ
198 555 246 597 τὸ
276 556 334 603 εἰς
363 583 503 596 .....
536 550 824 607 συλλεγόμενον
837 555 888 594 Ε.
923 552 1061 592 addito
1092 552 1241 603 absque
1269 564 1390 590 sensu
1412 551 1514 591 arti-

81 627 187 665 culo.
210 647 266 654 —-
294 627 432 664 κῢστιν
456 623 510 664 A.
536 644 591 654 —
620 618 801 669 κύστις
825 636 898 661 seu
923 615 1219 674 οὗροδόχος
1245 614 1428 666 κύστις
1453 625 1515 658 est

81 694 215 733 vesica
242 693 382 732 urinae
405 690 718 744 receptaculum.
764 689 1043 729 Aristotel.
1073 689 1191 727 Hist.
1212 687 1392 726 animal.
1412 687 1447 738 1,
1465 691 1514 727 2:

81 762 154 800 τοῦ
184 758 229 800 δὲ
257 757 560 814 περιττώματος
590 755 708 805 ὄντος
737 756 897 806 διττοῦ,
936 753 1015 796 ὅσα
1042 753 1117 807 μὲν
1145 752 1222 806 ἔχει
1250 751 1412 800 δεκτικὰ
1438 751 1517 806 μό-

83 843 152 882 ρια
179 829 254 868 τοῦ
277 823 403 881 ὑγροῦ
432 822 754 881 περιττώματος,
784 822 861 876 ἔχει
890 822 956 864 καὶ
984 825 1057 876 τῆς
1085 823 1212 876 ξηρᾶς
1230 825 1408 878 τροφῆς·
1438 819 1518 863 ὅσα

82 894 128 935 δὲ
155 892 308 948 ταύτης
337 893 489 935 ἐκείνου
518 891 566 934 οὗ
594 890 750 934 πάντα·
798 890 860 932 διὸ
890 889 968 932 ὅσα
996 887 1136 932 κύστιν
1163 888 1240 942 ἔχει
1267 890 1334 932 καὶ
1364 891 1519 932 κοιλίαν

82 960 182 1015 ἔχει·
231 959 310 1003 ὅσα
340 961 384 1002 δὲ
412 961 566 1002 κοιλίαν
595 959 695 1013 ἔχει,
735 956 784 1001 οὗ
812 956 946 1000 πάντα
976 956 1114 1000 κύστιν
1142 956 1241 1011 ἔχει·
1282 955 1521 1012 ὀνομάζεται

82 1029 160 1085 γὰρ
189 1019 334 1082 τὸμὲν
362 1033 435 1083 τῆς
461 1026 588 1084 ιῖγρᾶς
623 1026 899 1083 περιττώσεως
934 1024 1114 1068 δεκτικὸν
1147 1024 1315 1081 μόριον,
1354 1024 1518 1075 κύστις·

18 1102 25 1106 ”
48 1103 50 1105 ’
84 1098 216 1138 κοιλία
246 1097 291 1138 δὲ
319 1095 366 1138 τὸ
394 1099 467 1150 τῆς
494 1098 633 1150 ξηρᾶς.
688 1098 771 1136 Adi
791 1097 956 1135 omnino
985 1097 1278 1136 Beckmann
1299 1095 1351 1134 ad
1370 1095 1522 1135 Anti-

84 1180 195 1218 gon.
229 1167 434 1219 Caryst.
462 1166 664 1205 LXVIII.
693 1179 733 1217 p.
760 1167 855 1204 118.
895 1170 936 1203 et
960 1163 1064 1202 adde
1091 1162 1446 1215 Theophrast.
1471 1164 1523 1202 de

86 1236 186 1286 igne
215 1235 251 1286 ᾧ.
275 1237 344 1274 45.
375 1248 416 1286 p.
439 1237 537 1273 721.
586 1233 675 1272 Cfr.
695 1237 905 1284 praeterea
924 1232 1058 1270 locum
1083 1230 1444 1284 Theophrasti
1472 1231 1524 1270 de

85 1302 271 1342 sudorib.
300 1302 336 1354 §.
357 1306 397 1341 2.
428 1314 470 1353 p.
492 1303 571 1339 811
601 1313 721 1352 supra
744 1314 767 1339 a
786 1300 901 1338 nobis
920 1299 971 1338 ad
986 1291 1050 1348 '11‚
1069 1304 1117 1349 2,
1139 1298 1192 1338 14
1221 1299 1441 1339 laudatum.
1468 1321 1525 1329 —

85 1369 294 1421 Articulus
321 1375 414 1407 ante
443 1369 579 1423 τροφῇ
606 1368 719 1407 deest
739 1368 781 1407 in
798 1368 887 1408 cod.
907 1370 955 1407 F.

200 1436 267 1476 14.
303 1437 441 1477 Verba
467 1436 502 1476 εἰ
528 1433 578 1488 δή
610 1437 658 1475 ab
686 1436 801 1474 initio
827 1435 976 1473 omittit
995 1436 1045 1474 E.
1066 1456 1124 1464 -—-
1151 1430 1280 1487 ταύτη
1300 1448 1377 1487 pro
1395 1430 1528 1474 ταῦτά

85 1507 140 1545 H.
162 1512 203 1544 et
219 1505 350 1558 prima
373 1518 494 1543 manu
511 1505 566 1543 N.
600 1504 733 1556 Reliq.
757 1516 897 1541 omnes
912 1516 1004 1541 cum
1018 1503 1206 1541 Bekkero
1227 1504 1373 1542 ταῦτα.
1403 1502 1530 1554 Quod

86 1587 160 1612 nos
187 1573 393 1623 dedimus,
430 1571 613 1624 quamvis
637 1585 689 1609 ex
713 1572 942 1609 coniectura
962 1570 1034 1620 sit,
1063 1583 1116 1608 ex
1135 1570 1354 1609 certissima
1380 1577 1527 1609 tamen.

89 1642 241 1693 Supple
262 1638 475 1692 συμβαίνει
496 1653 551 1677 sc.
573 1634 697 1690 πικρὰ
713 1634 912 1690 γίνεσθαι.
930 1660 988 1667 —
1016 1634 1208 1688 τοιαύτης
1237 1639 1390 1677 omittit
1408 1641 1457 1678 F.
1472 1660 1530 1667 -

88 1724 115 1759 η
138 1715 228 1747 ante
258 1705 300 1747 ἓν
326 1711 413 1753 τοῖς
441 1703 612 1759 ἀγγείοις
631 1705 786 1744 addunt
804 1705 855 1744 A.
877 1705 1021 1744 Alex.
1043 1705 1142 1745 Aldi
1168 1706 1240 1745 fol.
1262 1710 1330 1754 96,
1350 1719 1384 1744 a.
1414 1706 1528 1746 Cam.

88 1777 134 1815 P.
154 1777 194 1814 S.
220 1776 312 1815 Cas.
340 1795 393 1804 —-
422 1771 511 1814 τὸν
538 1774 724 1813 τοιοῦτον
751 1787 828 1825 pro
858 1770 913 1813 τὸ
942 1774 1142 1813 τοιοῦτον.
1173 1775 1216 1812 S.
1247 1774 1338 1813 Cas.
1373 1774 1442 1826 qui
1467 1780 1533 1813 tn-

89 1858 184 1882 men
204 1844 369 1882 alteram
387 1842 600 1882 lectionem
617 1841 661 1880 in
679 1842 860 1893 margine
883 1842 1228 1881 commemoravit.
1250 1864 1302 1871 —
1342 1838 1533 1893 σώματος

89 1906 215 1964 ὗγροῦ
245 1907 422 1958 ἐξιόντος
446 1911 611 1948 inverso
633 1909 777 1948 ordine
794 1909 1021 1961 omissoque
1040 1909 1209 1948 articulo
1229 1911 1275 1948 F.
1295 1910 1365 1960 qui
1386 1910 1533 1949 deinde

89 1992 167 2031 pro
185 1975 261 2018 κάν
278 1979 445 2031 praebet
462 1976 539 2017 καί.
571 1977 682 2016 Cam.
703 1977 749 2016 P.
761 1978 801 2016 S.
813 1977 942 2016 Bekk.
969 1973 1044 2016 κῖίν
1057 1977 1206 2028 absque
1225 1990 1354 2018 sensu.
1380 2001 1432 2007 —
1452 1978 1533 2017 Pro

91 2042 511 2098 συγκαταμιγνύμενον
530 2045 642 2085 Ε.Ἀ.
663 2045 859 2097 praebent
878 2041 1238 2097 καταμιγνύμενον.
1258 2045 1311 2085 Η.
1333 2057 1536 2098 συγκατα-

90 2108 344 2165 μισγόμενον.
367 2116 414 2153 F,
435 2114 549 2152 Cam.
579 2108 987 2165 συγκαταμιγόμενον.
1008 2113 1062 2152 N.
1093 2110 1533 2166 συγκατασμιγόμενον.

93 2201 149 2208 -
177 2181 236 2234 τῷ
268 2180 419 2220 omittit
445 2183 494 2220 F.
529 2176 578 2219 τὸ
607 2174 734 2232 ὗργόν
762 2179 929 2219 exhibet
955 2180 1008 2219 N.

207 2248 272 2286 15.
309 2245 357 2286 τὸ
388 2253 481 2287 ante
511 2248 699 2286 τοιοῦτον
737 2246 850 2285 deest
874 2247 919 2285 iu
947 2247 1088 2286 codice
1115 2249 1162 2288 F.
1226 2248 1302 2286 Est
1325 2253 1461 2286 autem
1490 2244 1537 2287 τὸ

95 2315 282 2353 τοιοῦτον
311 2314 339 2353 i.
362 2328 402 2366 q.
425 2309 451 2366 ἦ
470 2312 654 2365 τοιαύτη.
1226 2354 1228 2359 ,

211 2385 277 2421 16.
307 2379 356 2421 δέ
382 2382 432 2420 ab
457 2381 574 2420 initio
604 2380 755 2419 omittit
778 2381 826 2420 F.
853 2402 909 2410 —
946 2376 1099 2420 οἴονται
1127 2394 1203 2434 pro
1231 2375 1319 2421 οἷόν
1337 2395 1380 2421 τε
1404 2384 1453 2422 Ε.
1485 2405 1540 2414 «-

96 2452 162 2489 De
182 2463 258 2489 usu
277 2455 319 2488 et
337 2449 627 2501 significatione
655 2447 844 2487 vocabuli
872 2448 1034 2487 πολλο
1047 2443 1136 2488 στό
1152 2462 1173 2495 ς
1211 2450 1284 2488 cfr.
1313 2449 1539 2502 Xenoph,

96 2519 225 2557 Mem.
247 2519 316 2567 ΠΙ,
337 2520 376 2564 1,
401 2521 451 2556 6:
485 2513 550 2556 Τὰ
579 2511 747 2555 τακτικὰ
777 2512 1007 2555 πολλοστὸν
1032 2513 1158 2569 μέρος
1182 2514 1267 2556 ἐστὶ
1297 2517 1542 2570 στρατηγίας

96 2585 167 2623 ubi
195 2585 297 2624 vide·
322 2584 470 2624 Schn.
525 2583 655 2624 Balf.
682 2582 735 2621 ad
765 2582 960 2621 Cleom.
991 2583 1058 2633 11,
1082 2587 1121 2623 2.
1149 2597 1190 2636 p.
1211 2583 1307 2625 443.
1334 2585 1540 2626 Wakef.

98 2652 148 2689 ad
169 2653 242 2691 Lu
255 2659 379 2692 cret.
402 2653 474 2702 VI,
498 2655 592 2691 651.
623 2672 679 2679 —-
709 2646 837 2689 αὐτοῦ
867 2663 944 2701 pro
975 2646 1075 2690 αὐτό
1107 2650 1154 2688 Ε.
1187 2673 1242 2680 --
1291 2649 1340 2691 δέ
1364 2659 1457 2705 post
1483 2649 1542 2692 ἔτι

101 2719 213 2757 deest
236 2720 278 2758 in
304 2721 351 2759 F.
373 2720 428 2760 H.
448 2720 505 2758 N.
532 2740 587 2748 —
618 2714 711 2768 οὗχί
727 2729 804 2768 pro
828 2713 876 2755 οὐ
898 2716 1062 2756 exhibet
1081 2718 1195 2758 Cam.
1215 2740 1272 2749 —
1299 2716 1403 2774 τύχῃ
1420 2722 1469 2760 F.
1497 2720 1542 2760 in

101 2786 293 2838 margine.
311 2808 367 2816 —
397 2779 503 2827 οὖσα
533 2792 625 2839 post
654 2780 833 2824 ἐλάττων
863 2783 1019 2824 addunt
1044 2785 1099 2824 H.
1128 2785 1182 2825 N.
1221 2784 1314 2826 ἰδίει
1351 2786 1544 2827 exhibui-

102 2867 191 2892 mus
216 2867 307 2893 cum
335 2856 382 2894 E.
409 2854 463 2893 N.
491 2855 541 2894 A.
567 2853 679 2893 Cam.
710 2865 801 2890 cum
824 2852 872 2891 F.
898 2852 952 2892 Η.
984 2852 1132 2904 ubique
1158 2853 1334 2895 scribant
1358 2851 1475 2910 ἶδρίει
1502 2862 1543 2895 et
