1774 3198
379 364 595 409 LIBRUM
624 366 950 407 SECUNDUM.
984 361 990 366 ’
1007 364 1122 406 CAP.
1141 366 1212 406 VI.
1421 358 1515 401 581

93 488 164 521 est.
193 481 266 522 cfr.
286 477 337 519 ad
356 480 481 530 I,'13.
503 498 555 510 ⁰—
582 479 742 520 Deinde
766 476 990 532 ἀπαρκτίας
1017 477 1083 518 καὶ
1113 476 1319 531 θρασκιάς
1346 476 1412 517 καὶ
1441 474 1516 531 ἀρ-

90 547 233 602 γέστης
259 548 308 589 F.
336 548 391 587 H.
418 549 473 588 N.
511 548 677 600 Olymp.
701 547 767 597 44,
786 547 826 587 b.
855 553 901 587 ut
922 548 957 596 §.
976 548 1043 588 16.
1073 568 1130 576 —
1157 543 1362 599 θρασκίας
1388 546 1516 598 prima

90 630 212 655 manu
232 615 365 654 omisit
383 617 433 655 Ε.
454 639 508 645 -
538 610 563 667 ἡ
583 611 615 668 y'
630 612 739 654 αι’τία
753 617 804 654 F.

202 687 272 722 21.
302 679 514 734 ἀστραπὰς
543 680 587 721 δὲ
613 679 792 734 μάλιστα
820 680 981 722 ποιοῦσι
1010 681 1056 721 F.
1079 679 1194 720 cam.
1233 673 1449 735 ἀστραπὰς
1472 679 1518 722 δὲ

92 752 250 791 ποιοῦσι
278 747 455 802 μάλιστα
481 751 536 790 Η.
556 751 610 790 Ν.
632 751 679 790 Ρ.
697 751 738 790 S.
760 750 850 789 Cas.
910 748 1044 788 Secuti
1071 762 1206 787 sumus
1234 748 1324 788 cod.
1348 749 1398 788 Ε.
1427 761 1518 787 cum

91 822 142 858 A.
171 821 260 857 Bas.
290 820 340 857 Β.
361 807 440 869 -γῖ
468 818 556 858 Cas.
597 823 638 856 et
673 819 744 856 cfr.
774 806 1122 869 Theophra'st.
1152 817 1204 854 de
1227 818 1339 868 sign.
1368 817 1429 865 Π,
1454 819 1519 856 12.

91 900 132 938 p.
151 890 256 925 793:
296 881 547 937 ἀστραπαΐος
576 882 620 923 δὲ
648 882 852 937 θρασκίας
880 882 946 923 καὶ
977 881 1172 938 ἄργὲστης
1199 881 1265 922 καὶ
1294 879 1520 935 ἀπαρκτίας

93 952 158 993 καὶ
185 950 324 1004 μέσης.
354 971 408 980 —
439 949 592 990 ἐκεῖθεν
619 965 695 1003 pro
714 948 881 1004 ἐγγύθεν
902 951 1014 990 Cam.
1049 953 1115 990 De
1133 965 1180 990 rc
1201 952 1272 990 cfr.
1296 953 1345 1000 H,
1368 954 1406 1000 9,
1425 954 1464 990 3.

204 1024 270 1060 22.
310 1018 420 1069 Quid
457 1019 508 1057 sit
539 1015 744 1071 ἐκνεφίας,
791 1019 964 1070 explicat
994 1020 1075 1067 111,
1105 1021 1144 1056 1.
1202 1018 1285 1057 cfr.
1321 1017 1519 1069 imprimis

93 1086 446 1138 Theophrast.
473 1087 502 1124 l.
524 1087 553 1127 l.
587 1084 769 1138 γίνονται
794 1083 838 1124 δὲ
868 1083 1066 1139 ε’κνεφίαι,
1107 1081 1206 1124 ὅταν
1232 1084 1289 1131 εἷς
1318 1081 1520 1136 ἀλλήλους

94 1153 349 1205 συμπίπτωσι
378 1150 583 1199 πνέοντες,
611 1150 789 1203 μάλιστα
815 1150 891 1203 μὲν
916 1148 1168 1204 μετοπώρου,
1200 1152 1282 1190 τῶν
1300 1149 1345 1191 δὲ
1368 1150 1520 1192 λοίπων

93 1219 235 1274 ἴαροςῖ
282 1221 410 1259 Totus
427 1226 562 1259 autem
578 1221 688 1258 loeus
708 1220 803 1258 inde
824 1234 846 1257 a
871 1220 902 1271 ξ.
922 1224 973 1258 10
1002 1233 1093 1257 cum
1111 1225 1250 1257 nostro
1268 1219 1398 1271 capite
1422 1233 1520 1258 con—

91 1289 191 1328 ferri
208 1293 410 1334 meretur,
437 1300 489 1326 ex
510 1301 589 1339 quo
608 1288 755 1339 petitus
776 1293 847 1326 est.
897 1288 964 1325 De
983 1288 1134 1326 mundo
1157 1301 1192 1325 c.
1213 1286 1269 1326 4:
1294 1283 1332 1325 οἱ
1352 1284 1397 1325 δὲ
1416 1284 1519 1326 κατὰ

93 1351 205 1409 ῥῆξιν
232 1351 380 1408 νέφους
405 1351 603 1407 γινόμενοι
633 1352 697 1393 καὶ
718 1349 911 1392 ἀνάλυσιν
932 1356 1006 1393 τοῦ
1035 1351 1193 1405 πάχους
1219 1349 1324 1405 πρὸς
1352 1349 1522 1399 {av-[03³9

92 1417 322 1471 ποιούμενοι
350 1419 524 1474 ε’κνεᾳιάι
553 1421 782 1460 καλοῦνται.
842 1420 961 1459 Adde
1000 1422 1183 1460 Senec.
1224 1419 1396 1472 Quaest.
1427 1428 1518 1459 nat.

93 1491 148 1538 V,
169 1492 236 1527 12.
291 1486 422 1527 Plin.
452 1491 568 1527 Hist.
590 1495 681 1526 nat.
709 1490 760 1533 11,
778 1486 844 1525 48.
874 1507 928 1516 -—
971 1485 1141 1540 ἀργέτης
1158 1488 1236 1526 hoc
1258 1501 1416 1539 quoque
1431 1489 1522 1526 loco

93 1557 139 1595 F.
159 1556 214 1594 N.
234 1575 292 1585 --
318 1554 543 1594 Articulum
564 1561 655 1594 ante
675 1552 851 1607 ἓκνεφιάι
879 1555 1028 1593 omittit
1047 1558 1094 1593 F.
1122 1578 1172 1585 —-
1212 1551 1310 1594 ὅταν
1338 1556 1419 1594 τῶν
1448 1551 1522 1593 ἅλ-

95 1623 176 1675 λων
203 1618 425 1671 πνεόντων,
460 1621 597 1660 addito
629 1622 818 1670 articulo,
865 1622 1114 1673 simplicique
1143 1623 1272 1662 verbo
1310 1623 1354 1661 in
1388 1623 1523 1661 locum

96 1689 305 1740 compositi
322 1689 534 1727 substituto
553 1691 600 1727 F.
623 1690 672 1727 H.
693 1687 750 1728 N.
779 1690 863 1728 τῶν
878 1686 953 1739 μὲν
973 1684 1108 1728 ἄλλων
1135 1685 1383 1729 ἐκπνεόντων
1413 1689 1522 1728 Cam.

94 1745 274 1808 yQ—.Cas.
310 1778 367 1786 —
405 1753 666 1794 ἕπιπίπτωσιν
692 1769 770 1809 pro
798 1753 1048 1807 ἐμπίπτωσιν
1077 1758 1125 1795 F.
1166 1757 1234 1808 qui
1262 1757 1380 1795 etiam
1410 1756 1522 1802 dein-

96 1837 190 1875 ceps
221 1822 384 1862 exhibet
410 1820 690 1861 ἔπιπι’πτουσι.”
1101 1813 1115 1829 ⁸

207 1894 276 1930 23.
305 1886 560 1942 ἀπαρκτικῶν
585 1903 661 1942 pro
691 1883 924 1942 ἀπαρκτίων
953 1891 1002 1929 Ε.
1026 1910 1083 1920 -—-
1119 1888 1191 1929 καί
1210 1896 1302 1929 ante
1327 1886 1525 1944 ἇργὲστας

97 1958 289 1996 omittunt
310 1958 362 1996 A.
388 1959 432 1996 P.
454 1958 494 1995 S.
537 1953 707 2009 ἀργέτας
729 1958 778 1995 F.
807 1978 864 1987 -
921 1959 1037 2007 Quae
1067 1957 1111 1996 in
1140 1957 1368 2010 parenthesi
1397 1958 1527 2009 posita

97 2031 189 2063 sunt
207 2025 332 2063 verba
348 2024 391 2063 in
409 2024 592 2063 omnibus
610 2024 850 2063 editionibus
870 2019 890 2063 ὁ
910 2021 987 2077 γάρ
1007 2022 1232 2078 ἀπαρκτίας
1253 2021 1424 2079 ζέφυρός
1442 2022 1527 2064 ἔστι

99 2091 334 2130 difficillima
360 2097 454 2129 sunt
484 2091 702 2130 intellectu.
756 2092 1160 2131 vicomercatus
1192 2107 1239 2130 ea
1266 2093 1323 2131 ita
1343 2092 1528 2143 explicat,

99 2164 147 2196 ut
177 2164 338 2197 moneat
366 2171 448 2197 non
478 2158 657 2196 absolute
694 2171 779 2196 esse
809 2158 1087 2209 intelligenda,
1124 2159 1194 2197 sed
1222 2160 1273 2198 de
1300 2160 1349 2198 iis
1372 2165 1529 2198 tantum

98 2224 407 2275 interpretanda,
429 2225 498 2275 qui
519 2224 765 2262 occidentem
783 2238 924 2263 versus
951 2226 1140 2263 incolant.
1198 2225 1279 2265 Sed
1298 2232 1393 2265 tunc
1407 2239 1530 2278 pror-

100 2304 167 2329 sus
183 2290 384 2342 superflua
402 2297 517 2337 sunt,
544 2297 663 2342 atque
679 2291 830 2329 idcirco
852 2292 1126 2342 amplectimur
1146 2293 1362 2331 lectionem
1381 2293 1530 2333 codicis

101 2359 150 2397 E.
180 2358 248 2408 qui
264 2371 341 2409 pro
360 2354 583 2410 ἀπαρκτίας
604 2357 768 2395 exhibet
791 2354 978 2409 ἀρκτικός
999 2359 1094 2407 nisi,
1125 2359 1233 2411 quod
1253 2360 1379 2398 verba
1397 2365 1530 2399 trans-

101 2426 288 2475 ponimus
312 2424 421 2463 hunc
441 2425 484 2463 in
512 2425 678 2463 modum
707 2418 823 2476 ὁγὰρ
853 2422 1024 2477 ζέφυρος
1053 2421 1240 2477 ἀρκτικός
1265 2424 1362 2466 ἔστι.
1419 2427 1531 2467 Talis

103 2492 371 2542 transpositio,
398 2491 510 2529 cuius
539 2492 583 2530 in
602 2491 926 2542 Meteorologicis
961 2506 1099 2531 omnes
1130 2493 1287 2532 codices
1318 2494 1531 2533 innumera

104 2559 298 2609 praebent
321 2559 527 2609 exempla,
558 2571 639 2596 non
663 2557 781 2596 nimis
812 2558 943 2597 audax
963 2560 1150 2609 videtur,
1176 2562 1411 2612 praesertim
1437 2576 1529 2602 cum

104 2626 172 2663 via
193 2625 487 2677 depravationis
506 2625 603 2663 inde
622 2626 784 2663 eluceat.
842 2627 886 2664 Si
904 2627 1011 2664 enim
1034 2641 1131 2665 vera
1150 2633 1210 2666 est
1232 2628 1352 2667 lectio
1371 2636 1527 2669 nostra:

107 2691 232 2729 verba
250 2706 342 2730 eum
360 2693 404 2730 in
425 2693 589 2730 modum
608 2693 865 2743 transposita,
895 2706 974 2744 quo
999 2692 1243 2734 exhibentur
1267 2695 1311 2734 in
1325 2696 1462 2735 codice
1479 2698 1529 2746 E,

108 2758 260 2796 nullum
287 2765 447 2799 sensum
480 2759 678 2807 fundunt,
705 2759 816 2798 unde
839 2761 978 2812 aliquis
1006 2761 1162 2801 doctior
1190 2762 1319 2801 scriba
1344 2759 1530 2815 ἀρκτικός

109 2826 150 2863 in
169 2820 391 2878 ἀπαρκτίας
413 2828 594 2867 mutavit.
641 2826 854 2867 Caeterum
873 2828 1117 2868 conferenda
1134 2836 1228 2869 sunt
1246 2832 1369 2871 verba
1393 2833 1530 2871 Stra-
