1820 3158
308 407 396 449 122
442 414 816 456 —p-368‚b·Bekk-—
854 415 1286 456 LIB.11.cAP.VI11.
1331 416 1682 460 ——p.351,c.cas.-

301 523 443 576 γίνεται
483 522 524 562 δ’
555 521 726 574 ὀλιγάκις
762 523 826 562 καὶ
863 520 965 562 κατά
991 532 1101 570 τινας
1126 520 1295 572 τόπους,
1333 520 1416 564 οἷον
1444 521 1465 564 ὃ
1495 525 1687 580 σφυγμός,

300 587 382 630 ἄνω
411 589 475 629 καὶ
505 585 707 627 κάτωθεν·
742 586 802 628 διὸ
833 588 897 627 καὶ
925 586 1177 636 ἐλαττονάκις
1204 589 1296 629 σείει
1322 593 1465 630 τοῦτον
1491 588 1561 631 τὸν
1597 591 1692 644 τρό-

301 671 389 695 πον.
423 653 470 695 οὗ
498 651 572 706 γὰρ
602 650 740 709 ῥᾴδιον
769 651 874 694 οὕτω
902 650 1051 707 πολλὴν
1077 658 1282 696 συνελθεῖν
1310 654 1458 709 άρχήν·
1487 656 1549 696 ἐπὶ
1566 659 1691 708 μῆκος

247 724 298 761 47
308 720 382 774 γὰρ
403 719 680 759 πολλαπλασία
696 722 768 772 τῆς
796 718 873 775 άπὸ
901 725 973 761 τοῦ
999 719 1161 772 βάθους
1179 718 1204 774 ἦ
1219 719 1423 776 διάκρισις.
1482 725 1549 763 47.
1562 720 1693 763 ’Όπου

300 785 340 826 ‹5’
374 783 421 825 ἂν
456 784 613 838 γε’νηται
648 789 829 834 τοιοῦτος
865 785 1052 838 σεισμός,
1099 786 1318 837 ἐπιπολάζει
1354 791 1513 841 πλῆθος
1549 788 1692 841 λίθων,

300 850 430 905 ὥσπερ
458 854 538 892 τῶν
567 851 608 891 ἓν
634 857 718 899 τοῖς
745 853 889 900 λίκνοις
926 852 1302 906 ἀναβραττομένων·
1352 857 1492 895 τοῦτον
1518 853 1594 907 γὰρ
1622 853 1693 894 τὸν

297 918 447 973 τρόπον
483 917 692 971 γενομένου
730 923 892 970 σεισμοῦ
927 917 977 959 τὰ
1006 919 1093 972 περὶ
1123 919 1296 959 Σίπυλον
1325 917 1521 974 ἀνετράπη
1552 920 1616 960 καὶ
1645 919 1691 960 τὸ

302 987 520 1038 Φλεγραῖον
566 982 807 1036 καλούμενον
852 986 987 1025 πεδίον
1024 986 1089 1025 καὶ
1126 984 1177 1025 τὰ
1214 985 1302 1038 περὶ
1332 980 1408 1037 τὴν
1446 984 1693 1039 Λιγυστικὴν

246 1052 296 1091 48
310 1049 461 1104 χώραν.
518 1052 582 1090 48.
616 1050 682 1089 Ἑν
711 1050 754 1089 δὲ
782 1057 869 1098 ταῖς
896 1050 1030 1104 νήσοις
1057 1058 1146 1098 ταῖς
1178 1051 1354 1097 ποντίαις
1391 1044 1512 1104 ἧττον
1548 1051 1693 1104 γίνεται

299 1115 459 1168 σεισμὸς
486 1119 566 1156 τῶν
591 1117 831 1169 προσγείων·
867 1116 914 1157 τὸ
943 1117 1020 1171 γὰρ
1049 1115 1208 1170 πλῆθος
1236 1120 1306 1169 τῆς
1336 1116 1545 1169 θαλάττης
1571 1132 1694 1157 κατα-

298 1181 416 1234 ψύχει
444 1182 516 1230 τὰς
544 1180 831 1233 ἀναθυμιάσεις
858 1183 922 1223 καὶ
945 1182 1084 1223 κωλύει
1111 1186 1168 1237 τῷ
1190 1181 1304 1236 βάρει
1332 1183 1396 1222 καὶ
1426 1182 1692 1235 ἀποβιάζεται,

300 1247 355 1288 ἔτι
384 1248 427 1288 δὲ
456 1246 519 1302 ῥεῖ
540 1249 604 1288 καὶ
635 1247 681 1288 οὐ
707 1249 848 1289 σείεται
875 1249 1120 1302 κρατουμένη
1148 1245 1224 1288 ὕπὸ
1243 1251 1323 1288 τῶν
1342 1248 1598 1301 πνευμάτων·
1628 1247 1693 1289 καὶ

298 1312 363 1354 διά
383 1313 429 1354 τὸ
459 1314 584 1355 πολὺν
612 1314 758 1366 ἐπέχειν
786 1313 910 1356 τόπον
936 1315 1006 1356 οὐκ
1032 1316 1086 1361 εἷς
1114 1312 1264 1366 ταύτην
1295 1312 1384 1353 ἀλλ’
1410 1314 1452 1354 ἐκ
1475 1313 1624 1366 ταύτης
1653 1312 1694 1353 αἶ

298 1378 585 1431 ἀναθυμιάσεις
609 1382 782 1434 γίνονται
810 1382 875 1422 καὶ
899 1380 1063 1427 ταύταις
1088 1380 1380 1420 ἀκολουθοῦσιν
1399 1379 1444 1419 αἳ
1464 1379 1507 1420 ἐκ
1523 1383 1596 1432 τῆς
1611 1382 1694 1432 γῆς.

244 1451 295 1488 49
335 1450 401 1487 49.
431 1445 490 1486 Αἱ
511 1446 549 1486 δ’
574 1445 685 1500 ἐγγὺς
706 1450 776 1499 τῆς
801 1445 964 1499 ἠπείρου
984 1443 1126 1500 μόριόν
1147 1445 1229 1485 ἐστι
1247 1449 1317 1497 τῆς
1336 1445 1521 1498 ἠπείρου·
1550 1443 1596 1486 τὸ
1619 1443 1694 1498 γὰρ

296 1510 444 1565 μεταξύ
472 1511 539 1552 διὰ
565 1509 786 1566 μικρότητα
815 1511 1001 1565 οὐδεμίαν
1029 1511 1104 1563 ἔχει
1134 1509 1323 1563 δύναμιν·
1364 1508 1436 1559 τάς
1464 1511 1507 1552 δὲ
1532 1512 1695 1558 ποντίας

299 1578 371 1619 οὐκ
390 1577 471 1619 ἔστι
495 1582 647 1631 κινῆσαι
677 1575 769 1618 ἄνευ
793 1582 866 1630 τῆς
885 1577 1093 1630 θαλάττης
1109 1575 1228 1629 ὅλης,
1257 1574 1331 1631 {130²
1350 1569 1402 1629 ἧς
1427 1576 1694 1631 περιεχόμεναι

298 1717 487 1750 tremeret
507 1712 549 1748 in
568 1712 689 1749 latum
709 1719 854 1750 movet.
911 1713 978 1751 Fit
997 1725 1095 1750 vero
1119 1717 1158 1748 et
1176 1709 1406 1761 quibusdam
1427 1711 1469 1747 in
1488 1710 1583 1747 locis
1602 1722 1693 1747 raro

301 1777 442 1827 (veluti
464 1777 614 1827 pulsus)
643 1791 693 1815 ex
713 1779 842 1816 infero
862 1779 904 1815 in
924 1790 1126 1828 superum.
1154 1813 1158 1816 ,
1185 1776 1377 1825 Quocirca
1405 1782 1444 1813 et
1466 1775 1593 1813 rarius
1621 1775 1695 1812 hoc

296 1843 416 1880 modo
437 1843 676 1890 concutitur,
705 1857 793 1881 cum
822 1845 934 1882 facile
955 1854 1035 1881 no‘n
1056 1844 1123 1890 sit,
1153 1848 1296 1879 tantam
1316 1842 1496 1891 principii
1515 1841 1693 1878 multitu-

299 1910 431 1947 dinem
460 1909 503 1945 in
531 1922 654 1946 unum
683 1910 802 1947 coire.
873 1911 945 1947 Illa
976 1909 1078 1946 enim
1111 1908 1299 1953 secretio,
1338 1919 1433 1956 quae
1462 1907 1504 1943 in
1534 1907 1693 1954 longum

298 1981 416 2026 patet,
445 1975 628 2024 multiplo
649 1976 755 2012 illam
778 1981 945 2024 superat,
976 1987 1072 2024 quae
1093 1987 1123 2011 a·
1133 1972 1342 2022 profundo.
1400 1972 1464 2009 47.
1496 1972 1576 2009 Ubi
1595 1984 1693 2009 vero

301 2042 384 2079 eius
411 2040 520 2078 modi
547 2046 677 2078 motus
701 2047 861 2078 exortus
886 2040 1030 2088 fuerit,
1057 2039 1232 2089 lapidum
1258 2037 1468 2074 multitudo
1497 2037 1536 2073 in
1566 2043 1694 2074 terrae

297 2106 545 2158 superficiem
567 2106 738 2154 eiicitur,
767 2119 902 2144 eorum
921 2106 1064 2152 instar,
1092 2104 1247 2155 quaein
1272 2104 1409 2141 vannis
1437 2102 1691 2139 ventilantur.

299 2175 385 2213 Hoc
411 2173 512 2210 enim
538 2172 656 2209 modo
674 2178 802 2210 terrae
823 2178 932 2210 motu
957 2172 1058 2209 facto
1082 2171 1240 2220 Sipylus
1262 2176 1301 2207 ct
1319 2170 1386 2218 qui
1406 2169 1600 2206 Laborius
1619 2180 1695 2204 vo-

299 2246 408 2277 catur
442 2252 601 2289 campus
637 2245 884 2290 nuncupatur
912 2251 956 2274 ac
980 2234 1089 2288 regio
1120 2237 1316 2286 Ligustica
1352 2247 1489 2272 eversa
1522 2234 1694 2272 fuerunt.

300 2310 365 2344 48.
405 2307 530 2343 Porro
556 2304 597 2341 in
624 2305 780 2351 insulis,
821 2316 919 2354 quae
946 2304 989 2340 in
1019 2304 1098 2341 alto
1130 2303 1224 2340 sitae
1253 2308 1363 2350 sunt,
1401 2307 1532 2337 terrae
1566 2306 1694 2337 motus

298 2373 428 2410 minus
455 2370 711 2409 vehementes
738 2371 858 2418 fiunt,
896 2382 1015 2420 quum
1042 2370 1083 2406 in
1106 2369 1175 2412 iis,
1206 2380 1305 2417 quae
1334 2365 1546 2404 continenti
1575 2365 1694 2413 magis

299 2437 550 2488 propinquae.
607 2438 730 2475 Maris
759 2437 863 2474 enim
891 2435 1101 2473 multitudo
1132 2433 1395 2471 exhalationes
1422 2431 1629 2480 refrigerat
1656 2436 1695 2466 ct

298 2504 473 2554 pondere
494 2502 681 2553 prohibet
700 2510 814 2554 atque
835 2503 918 2541 vim
935 2502 1068 2539 insert.
1109 2500 1217 2549 Quin
1238 2506 1277 2535 et
1298 2511 1386 2535 cum
1407 2496 1559 2533 flatibus
1577 2507 1695 2544 supe-

296 2576 426 2615 ratur,
458 2568 567 2617 ssuit,
594 2582 667 2606 nec
692 2569 935 2606 concutitur:
977 2572 1016 2604 et
1044 2567 1134 2616 quia
1163 2566 1329 2602 muitum
1356 2563 1484 2599 locum
1516 2566 1691 2610 occupat,

297 2648 379 2672 non
403 2635 450 2671 ad
472 2635 620 2684 ipsum,
650 2634 717 2672 sed
748 2648 798 2671 ex
823 2635 908 2684 ipso
938 2632 1203 2670 exhalationes
1234 2628 1550 2679 proficiscuntur,
1589 2638 1694 2674 quas,

300 2714 398 2750 quae
418 2714 439 2737 e
458 2706 564 2739 terra
579 2701 756 2747 veniunt,
786 2699 1031 2737 comitantur.
1089 2697 1151 2734 49.
1183 2696 1295 2742 Quae
1314 2697 1442 2729 autem
1463 2691 1610 2727 insulae
1631 2692 1695 2728 vi-

301 2767 406 2802 cinae
426 2765 637 2811 habentur,
667 2765 748 2802 eius
765 2771 919 2814 partem
943 2763 1138 2801 efficiunt:
1167 2758 1378 2808 siquidem,
1409 2755 1515 2806 quod
1532 2757 1694 2793 interia—

302 2838 372 2877 cet,
392 2832 449 2881 ob⁸
462 2830 710 2879 exiguitatem
730 2830 874 2866 nullius
890 2828 1078 2865 momenti
1098 2830 1167 2862 est.
1201 2827 1254 2861 At
1270 2836 1367 2873 quae
1385 2824 1425 2860 in
1444 2824 1539 2860 mari
1559 2823 1694 2873 procul
