1820 3158
599 367 1014 411 PRAEFATIO.
1467 369 1534 411 XI

83 484 243 525 idcirco
283 483 586 539 provocavisse
624 491 840 525 auctorem
879 481 996 524 illius
1027 479 1242 537 opusculi,
1289 491 1335 524 ut
1364 491 1535 539 propter

82 555 316 609 genuinum
355 551 515 594 foetum
554 554 723 609 spurius
763 562 1052 609 agnoscatur3
1113 560 1157 593 ut
1199 561 1534 609 praetereamus,

85 637 169 665 non
199 637 373 679 prorsus
403 624 573 678 spurios
603 637 698 664 esse
732 621 868 664 libros
907 623 958 664 de
987 621 1171 678 plantis,
1213 623 1287 664 sed
1317 621 1449 664 multa
1479 624 1535 665 iis

83 695 226 735 inesse
257 693 415 748 absque
454 692 583 735 dubio
623 692 676 734 ab
706 691 941 735 Aristotele
972 691 1187 748 profecta:
1236 693 1535 735 contendimus

85 778 180 805 cum
212 761 501 819 Scaligero
519 762 588 818 36)
616 764 669 805 ad
699 763 1028 804 commentarios
1059 762 1110 803 de
1131 764 1332 804 meteoris
1361 765 1537 804 nomine

84 841 246 875 tantum
285 847 371 875 non
409 847 456 875 re
500 847 603 874 vera
639 834 875 889 provocari.
944 830 1061 873 Dicit
1099 833 1213 872 enim
1252 840 1397 874 auctor
1430 831 1534 875 ille:

79 900 388 957 Ἐκτεθείκαμεν
417 902 747 958 (exposuimus)
779 902 824 944 δὲ
854 902 988 950 αῗτιάς
1015 901 1105 955 περὶ
1135 905 1210 955 τῆς
1236 902 1426 957 γενέσεως
1453 907 1538 945 τῶν

82 977 221 1028 πηγῶν
255 974 322 1015 καὶ
353 976 436 1015 τῶν
464 977 662 1027 ποταμῶν
691 973 733 1014 ἐν
760 976 820 1030 τῷ
848 969 1032 1028 ἡμετέρῳ
1060 971 1211 1028 βιβλίῳ
1240 976 1299 1029 τῷ
1335 973 1426 1028 περὶ
1464 989 1538 1025 με-

82 1041 266 1098 τεώρων,
306 1042 349 1084 ἓν
380 1035 413 1100 ᾧ
443 1042 606 1097 εἴπομεν
634 1043 700 1084 καὶ
729 1042 820 1097 περὶ
850 1044 1025 1094 σεισμῶν
1063 1038 1125 1081 ὅτι
1155 1041 1352 1091 πολλάκις
1382 1042 1538 1084 δεικνύ-

85 1127 199 1153 ουσιν
229 1105 341 1154 οὗτοι
369 1110 501 1167 πηγὰς
528 1113 595 1154 καὶ
625 1109 861 1165 ποταμούς,
901 1109 947 1152 οἳ
969 1108 1170 1166 πρότερον
1199 1110 1273 1153 οὐκ
1302 1112 1537 1168 ἐφαίνοντο,

84 1177 170 1222 οἷον
208 1179 276 1223 ὅτε
319 1182 490 1234 σχίζεται
529 1179 634 1238 ἡγῆ
665 1181 709 1224 ἐκ
737 1186 811 1236 τῆς
846 1179 1180 1235 ἀναθυμιάσεως.
1255 1180 1383 1223 Talia
1423 1184 1538 1224 enim

82 1249 150 1301 Il,
181 1254 229 1302 8,
264 1265 346 1307 quo
376 1253 500 1293 unice
530 1254 668 1308 potuit
695 1253 933 1307 respicere,
974 1266 1058 1292 non
1091 1245 1384 1306 reperiuntur,
1426 1251 1538 1294 bene

83 1329 323 1375 exponente
349 1320 656 1379 Scaligero.
715 1322 914 1364 Facimus
943 1322 1073 1377 igitur
1106 1336 1201 1362 cum
1232 1320 1432 1369 Buhlio
1454 1322 1538 1377 ³⁷),

83 1390 153 1445 qui
183 1390 304 1432 dicit:
334 1392 474 1434 Ratio
494 1392 602 1435 llaec
617 1407 775 1449 parum
802 1392 910 1434 mihi
936 1397 1015 1434 aut
1042 1391 1159 1433 m'lu'l
1175 1393 1325 1434 valere
1346 1392 1538 1442 videtur,

82 1472 179 1500 nam
208 1459 413 1504 librorum
437 1462 492 1504 de
513 1468 717 1505 meteorz‘s
741 1468 1042 1520 argumentum
1069 1475 1154 1503 nou
1185 1466 1281 1504 eius
1309 1463 1428 1504 modi
1458 1468 1540 1513 est,

82 1534 131 1570 ut
147 1529 431 1585 frequentem
457 1531 716 1589 philosopho
746 1547 818 1575 eos
841 1532 1015 1574 citandi
1034 1536 1301 1574 occasionem
1319 1532 1543 1588 praebere

77 1604 291 1653 potnerit.

195 1669 282 1710 Sed
316 1679 359 1711 et
390 1670 475 1712 alia
502 1670 672 1727 prolata
708 1680 809 1713 sunt
847 1680 1126 1725 argumenta,
1172 1670 1325 1726 quibus
1355 1669 1542 1726 probare

84 1736 311 1780 voluerunt
340 1741 422 1780 viri
451 1741 565 1781 docti
594 1738 936 1795 Meteorologica
976 1754 1061 1780 non
1098 1739 1151 1781 ab
1181 1739 1414 1781 Aristotele
1444 1755 1541 1783 esse

84 1807 286 1862 profecta.
346 1807 472 1858 Quod
501 1823 587 1850 non
617 1808 844 1850 laudantur
874 1823 899 1848 a
923 1808 1171 1864 Diogene
1196 1810 1422 1852 Laertio
1453 1826 1539 1853 non

85 1879 227 1933 magni
256 1878 447 1933 profecto
479 1887 543 1920 est
573 1878 808 1920 momenti:
857 1892 983 1919 nemo
1018 1880 1133 1920 enim
1163 1882 1321 1931 nescit,
1362 1891 1541 1936 quanto-

83 1961 183 2002 pere
213 1946 348 1990 vilis
386 1947 493 1989 ille
525 1947 859 2004 compilator
883 1948 951 2002 3⁸)
981 1948 1189 1991 librorum
1219 1948 1365 1996 titulos
1397 1952 1542 1993 turba-

85 2017 192 2057 verit
221 2017 418 2074 idemque
451 2019 594 2059 omisit
633 2020 761 2059 etiam
801 2020 914 2059 inter
943 2017 1051 2060 alios
1082 2018 1346 2075 complures,
1388 2021 1543 2076 Physi-

85 2099 231 2127 corum
258 2086 387 2138 VIII,
437 2089 489 2129 de
520 2087 638 2131 caelo
668 2086 759 2139 IV,
801 2088 853 2129 de
884 2090 1157 2143 generatione
1196 2099 1238 2131 et
1269 2093 1543 2147 corruptione

84 2155 150 2206 ΙΙ,
191 2157 244 2198 de
274 2158 417 2198 anima
447 2157 533 2210 111,
575 2159 686 2199 unde
719 2156 1042 2199 Gassendus
1069 2158 1139 2213 ³⁹)
1180 2162 1437 2215 suppositios
1467 2176 1544 2203 eos

85 2239 180 2267 esse
211 2225 439 2269 concludit.
482 2217 559 2260 —'
597 2226 719 2277 Quae
749 2227 803 2269 ab
835 2225 1236 2282 Olympiodoro
1266 2230 1544 2285 proferuntur

88 2308 138 2335 ac
164 2294 413 2338 refelluntur
442 2307 718 2354 argumenta,
766 2312 818 2339 ea
856 2299 902 2339 in
939 2300 1258 2340 commentariis
1309 2303 1542 2342 maximam

86 2372 251 2419 partem
280 2367 527 2415 reiecimus3
568 2366 674 2409 illud
706 2383 854 2419 unum,
883 2368 1096 2424 quomodo
1126 2368 1310 2423 proferri
1341 2373 1542 2425 potuerit,

88 2448 175 2475 non
204 2436 309 2476 satis
338 2437 485 2477 mirari
507 2451 759 2492 possumus,
789 2439 950 2479 idcirco
980 2439 1054 2478 vix
1080 2436 1360 2480 Aristotelem
1389 2439 1543 2481 horum

179 2547 245 2592 36)
275 2553 315 2582 In
340 2551 439 2583 lIbros
463 2551 505 2583 tle
532 2554 666 2594 plantis.
703 2552 821 2590 Lutet.
848 2553 949 2587 1556.
975 2550 1008 2585 4.
1031 2552 1097 2585 sol.
1124 2554 1203 2594 157,
1227 2552 1263 2586 b.

177 2618 240 2659 37)
266 2620 321 2651 De
346 2619 509 2653 distribut.
534 2621 647 2652 libror.
671 2622 843 2653 Aristotel.
869 2623 901 2653 in
927 2622 1080 2653 exoteric.
1110 2627 1139 2653 et
1166 2625 1381 2655 acroamaiic.
1408 2635 1441 2666 p.
1456 2626 1512 2657 70.

178 2684 241 2728 38)
274 2687 470 2720 Boeckh
506 2688 548 2720 «Ie
569 2691 698 2730 platon.
725 2690 858 2722 caelest.
883 2690 1008 2730 globor.
1030 2696 1158 2732 system.
1192 2703 1226 2734 p.
1251 2693 1282 2723 3.
1335 2691 1411 2725 Nisi
1439 2693 1544 2726 fallor

87 2741 243 2778 indicem
267 2744 438 2778 librorum
466 2746 585 2789 dedit,
615 2756 705 2790 quos
730 2745 767 2779 in
793 2746 1010 2782 bibliotheca
1033 2750 1182 2792 quadam
1205 2749 1297 2785 vidit
1321 2751 1541 2785 adservatos.

89 2799 207 2835 Aliam
230 2802 437 2847 opinionem
461 2805 646 2849 profitetur
675 2805 722 2840 St
737 2807 818 2839 ahr
842 2807 867 2839 l.
888 2807 913 2840 l.
938 2807 991 2841 11.
1015 2819 1049 2851 p,
1069 2808 1127 2846 68.

180 2870 242 2914 39)
267 2874 448 2906 Exerciiai.
474 2876 673 2916 paradoxic.
700 2874 764 2917 IV,
794 2877 826 2907 2.
856 2887 892 2918 p.
918 2875 973 2910 79.
