1812 3158
426 412 646 454 LIBRUM
674 409 910 451 PRIMUM.
970 407 1087 447 CAP.
1111 407 1186 447 VI.
1426 396 1519 441 395

96 529 169 568 tita
187 533 280 567 sunt
300 540 353 566 ex
366 527 414 566 iis
437 539 538 579 quae
562 530 803 578 sequuntur:
833 518 962 577 ἐφάνη
993 518 1035 561 ἓν
1061 519 1205 574 πάγοις
1231 517 1298 560 καὶ
1326 517 1522 572 αἰθρίαις.

96 595 497 648 Theophrastus
535 595 695 635 Histor.
719 592 858 644 plant.
895 592 980 640 IV,
1011 588 1086 636 14,
1123 588 1186 628 14.
1225 602 1266 641 p.
1296 591 1375 629 169
1406 589 1524 629 dicit:

94 661 270 716 γίνονται
299 660 344 702 δὲ
373 660 411 703 οἳ
438 660 512 714 μὲν
542 657 661 714 πάγοι
689 663 778 707 ταῖς
805 657 1008 713 αἰθρίαις,
1035 654 1088 697 τὰ
1117 654 1162 696 δὲ
1192 653 1306 709 ψύχη
1331 653 1522 708 μάλιστα,

94 725 163 784 ὑφ’
189 721 287 782 ὧνῆ
309 727 514 782 ἔκπληξις,
544 725 643 769 ὅταν
671 725 840 781 αἰθρίας
867 723 991 779 οὔσης
1021 722 1063 765 αἶ
1082 723 1236 772 λεπίδες
1263 722 1527 780 καταφέρων-

96 812 176 838 ται.
205 798 320 838 Idem
340 811 457 850 saepe
478 797 679 848 coniungit
700 793 742 835 ἐν
761 791 904 848 πάγοις
923 793 989 834 καὶ
1011 791 1195 846 αἰθρίαις
1212 806 1298 832 v-c.
1318 793 1368 831 de
1388 807 1526 832 cause.

92 866 291 916 plantor.
312 867 366 916 V,
388 868 460 916 12,
481 869 522 905 2.
550 879 589 917 p.
608 866 711 905 565:
740 858 808 903 ὁτὲ
832 861 908 915 μὲν
936 889 1070 902 ......
1102 858 1263 914 αῗθριάι
1293 859 1360 900 καὶ
1388 857 1528 915 πάγων

96 930 372 986 σφοδρότητες
404 928 713 986 ἐμπηγνύουσιν.
769 933 836 970 De
849 937 1041 983 generat.
1067 930 1244 968 animal.
1274 930 1324 979 Π,
1343 933 1370 968 2
1398 930 1529 969 corri—

93 1000 268 1052 gendum
288 1014 452 1040 censeo,
489 996 535 1040 τὸ
566 997 610 1039 δὲ
641 996 800 1053 σπέρμα
827 995 877 1038 οὗ
904 994 1102 1050 πήγνυται
1129 993 1343 1047 τιθέμενον
1372 994 1414 1036 ἓν
1442 999 1529 1044 τοῖς

95 1064 239 1120 πάγοις
262 1067 328 1108 καὶ
342 1072 432 1115 ταῖς
450 1066 632 1121 αιθρίαις
649 1081 725 1119 pro
748 1066 910 1117 vulgato
941 1062 983 1105 ἓν
1010 1068 1096 1111 τοῖς
1123 1061 1266 1117 πάγοις
1293 1059 1536 1146 ὑπαίθριον»

98 1135 342 1188 Simpliciter
370 1137 476 1175 enim
505 1137 669 1176 Hister.
688 1134 863 1173 animal.
893 1134 976 1182 111,
1007 1136 1062 1172 22
1079 1132 1176 1171 fin.·
1214 1129 1262 1171 τὸ
1293 1129 1338 1171 δὲ
1367 1129 1528 1187 σπέρμα

178 1231 190 1242 .
207 1231 218 1242 .
248 1200 291 1242 ἐν
318 1207 406 1251 τοῖς
432 1200 576 1256 πάγοις
604 1199 653 1242 οὗ
671 1198 879 1255 πήγνυται.
909 1200 989 1240 Sed
1010 1199 1108 1238 haec
1126 1200 1268 1240 obiter.
1292 1221 1349 1228 —
1375 1197 1433 1253 μὴ
1452 1200 1528 1240 τοῦ

98 1266 187 1317 ἑνὸς
206 1284 283 1322 pro
301 1267 513 1323 μήτε-ἑνὸς
530 1271 579 1309 Ε.
608 1291 664 1299 -
693 1265 754 1323 ἐφ’
775 1264 946 1322 ἑσπέρας
962 1269 1016 1308 Ν.
1035 1288 1092 1296 —
1117 1270 1183 1308 De
1193 1270 1319 1309 Asteo
1339 1267 1528 1307 archonte

97 1334 181 1391 (Ol.
204 1341 298 1386 101,
317 1337 361 1391 4)
388 1339 462 1378 cfr.
487 1338 694 1378 Corsini
714 1339 834 1376 Fast.
851 1337 985 1376 Attio.
1010 1337 1126 1376 Tom.
1142 1337 1217 1376 IV.
1238 1351 1279 1389 p.
1292 1338 1327 1376 5.
1349 1338 1394 1376 E.
1406 1337 1460 1376 H.
1474 1337 1528 1376 N.

93 1401 288 1458 praebent
318 1402 476 1447 ἆστίου.
502 1409 551 1446 F.
587 1407 636 1445 A.
669 1407 712 1445 S.
746 1407 792 1445 P.
816 1406 887 1444 Er.
915 1405 1003 1444 cas.
1046 1402 1141 1456 (qui
1174 1404 1218 1442 in
1246 1405 1424 1456 margine
1449 1392 1529 1458 γ-ρ.

89 1468 286 1526 Ἀστείου)
311 1474 505 1514 exhibent
520 1470 764 1528 Ἀρισταίου,
793 1472 975 1526 quamvis
991 1472 1077 1524 ipse
1098 1471 1410 1524 Sylburgius
1437 1485 1529 1510 mo-

94 1541 256 1591 nuisset,
282 1543 394 1581 Astei
418 1557 568 1582 nomen
585 1541 691 1595 apud
714 1540 1017 1580 Pausaniam
1047 1545 1087 1578 et
1114 1539 1407 1579 Diodorum
1434 1541 1526 1592 legi.

95 1609 300 1648 Nimirum
324 1611 398 1649 cfr.
421 1610 712 1649 Diodorum
732 1608 964 1647 Siculum
989 1608 1087 1655 XV,
1108 1607 1172 1646 48.
1202 1608 1320 1646 Tom.
1340 1610 1391 1648 Π.
1411 1611 1529 1660 Ρ.39.

94 1675 306 1727 Leguntur
331 1676 430 1716 haec
446 1677 592 1717 verba:
623 1673 773 1729 ἐγένετο
790 1672 835 1714 δὲ
853 1669 878 1726 ἥ
899 1670 1050 1721 ἅλωσις
1066 1674 1282 1721 Πλαταιᾶς
1301 1670 1326 1726 ἡ
1348 1672 1527 1728 δευτέρα,

94 1738 230 1794 μάχης
263 1741 340 1794 μὲν
379 1742 503 1800 τρίτῳ
535 1742 577 1784 ἓν
606 1740 861 1796 Λεύκτροις,
904 1738 980 1782 ἔτει
1011 1739 1234 1795 πρότερον,
1274 1739 1456 1782 Ἀστείου
1484 1740 1529 1782 δὲ

90 1805 314 1862 Ἀθήνησιν
332 1808 530 1865 ἄρχοντος
546 1811 655 1864 apud
675 1810 980 1849 Pausaniam
1001 1811 1067 1851 IX
1087 1807 1287 1861 (Boeot.),
1320 1814 1357 1849 1.
1377 1813 1526 1862 p.713.

99 1879 296 1928 Quamvis
324 1879 421 1918 urbs
455 1879 525 1918 illa
554 1879 688 1918 diruta
723 1878 774 1916 sit
803 1877 1022 1917 secundum
1063 1878 1283 1917 Diodor.
1316 1879 1424 1927 XV,
1456 1877 1528 1916 46.

93 1959 136 1997 p.
158 1948 226 1985 38.
256 1946 326 1986 01.
344 1947 410 1997 CI,
432 1951 456 1986 3
477 1946 669 2000 archonte
686 1945 903 1985 Socratida.
959 1945 1028 1985 Ad
1044 1952 1227 1984 nostrum
1245 1947 1380 1986 locum
1402 1946 1531 1997 potis-

94 2013 238 2052 simum
258 2014 409 2053 faciunt
431 2015 558 2053 verba
583 2015 870 2054 Pausaniae
887 2014 971 2054 VII
999 2011 1238 2066 (Achaia),
1264 2017 1332 2054 25.
1364 2026 1402 2065 p.
1425 2015 1529 2053 589:

96 2076 246 2132 ἐγένετο
277 2078 321 2120 δὲ
343 2083 417 2133 τῆς
439 2077 600 2135 Ἑλίκης
627 2078 804 2122 ἀπώλεια
825 2076 1007 2121 Ἀστείου
1031 2078 1107 2133 μὲν
1128 2077 1352 2133 Ἀθήνησιν
1381 2077 1530 2133 ἄρχον-

96 2160 188 2196 τος,
217 2145 398 2203 τετάρτῳ
421 2147 465 2188 δὲ
490 2146 566 2189 ἔτει
588 2151 662 2201 τῆς
691 2146 856 2202 πρώτης
884 2146 1136 2200 ὀλυμπιάδος
1163 2146 1227 2188 ἐπὶ
1255 2152 1346 2195 ταῖς
1372 2144 1530 2188 ἑκατόν.

98 2213 217 2252 Adde
266 2215 438 2267 denique
483 2216 817 2255 Demosthen.
876 2217 996 2255 Orat.
1039 2218 1086 2254 in
1129 2216 1308 2255 Timoth.
1363 2230 1405 2268 p.
1448 2218 1528 2257 659

99 2279 177 2332 (=
198 2283 355 2332 p.119o
374 2283 570 2322 Reiske
598 2298 654 2319 =
679 2285 774 2323 Vol.
793 2285 870 2323 ΙΙΙ.
900 2298 941 2336 p.
964 2287 1059 2334 116,
1084 2287 1135 2323 35
1166 2281 1445 2336 Dindorfi).
1475 2304 1529 2313 —

97 2350 144 2388 F.
162 2337 243 2402 γρ-
264 2346 539 2402 προβεβηκώς.
597 2352 744 2390 Verte:
776 2360 878 2390 ante
895 2352 998 2389 solis
1017 2364 1210 2389 occasum
1227 2351 1470 2389 delitescens
1490 2357 1532 2390 et

97 2415 200 2454 adde
220 2416 462 2455 vocabulum
484 2412 651 2468 προδύω
671 2418 819 2456 lexicis.
848 2439 903 2447 —
930 2418 1134 2470 Deinceps
1155 2416 1221 2456 καὶ
1239 2414 1317 2470 γὰρ
1338 2431 1415 2469 pro
1431 2418 1531 2457 sim-

96 2483 194 2534 plici
226 2480 326 2536 γάρ,
364 2483 474 2535 quod
501 2497 668 2535 prorsus
697 2486 846 2524 omittit
868 2487 924 2534 E,
955 2484 1147 2523 exhibent
1172 2486 1224 2523 H.
1251 2485 1305 2523 N.
1334 2474 1529 2540 (jaff-ff

98 2546 197 2590 ὅσον
229 2548 452 2602 ἐνδέχεται·
501 2548 768 2604 προβεβηκὼς
794 2549 871 2606 γὰρ
901 2549 1113 2602 ἐλάχιστον
1140 2547 1390 2605 ὗπελείφθη,
1431 2566 1533 2605 quae

102 2623 164 2655 est
181 2619 409 2658 coniectura
438 2619 732 2671 Sylburgii‚
761 2621 828 2672 qui
850 2620 996 2659 edidin
1025 2616 1123 2659 ὅσον
1151 2617 1369 2670 ἐνδέχεται·
1398 2617 1534 2671 ἐλάχι-

102 2694 197 2721 στον
225 2681 299 2737 γὰρ
325 2682 550 2739 ὑπελείφθη
566 2698 576 2709 ·
608 2687 655 2725 Ρ.
675 2687 726 2740 τῇ
747 2683 790 2725 δ’
808 2681 1001 2743 &crepula
1027 2683 1152 2740 ὤφθη
1183 2683 1281 2726 ὅσον
1309 2684 1534 2738 ἐνδέχεται·

101 2746 309 2800 ἐλάχιστον
337 2750 414 2807 γὰρ
438 2749 681 2809 ὑπελείφθη.
736 2755 863 2793 Recte
887 2768 930 2794 se
948 2754 1070 2794 habet
1094 2755 1210 2794 lectio
1234 2753 1323 2794 cod.
1343 2756 1392 2794 F.
1413 2769 1532 2807 quam

102 2815 355 2858 exhibuimus
382 2835 475 2861 cum
504 2823 557 2862 A.
583 2823 694 2863 Cam.
721 2824 791 2862 Er.
819 2823 949 2862 Bekk.
1010 2825 1155 2862 Verte:
1195 2830 1400 2875 quantum
1424 2822 1534 2871 fieri

67 2864 82 2885 ⁰
96 2892 239 2933 potest
264 2885 502 2927 brevissime
530 2903 557 2927 a
574 2890 658 2929 sole
680 2889 1007 2942 relinquebatur.
1064 2891 1322 2943 Nequaquam
1341 2890 1452 2929 idem
1475 2897 1534 2929 est
