1820 3158
155 377 564 424 -p.352‚b.13ekk.-
636 377 789 417 LIBJ,
824 375 1075 417 CAp‚XIv‚
1123 370 1486 417 —p.338tc.cas.—
1534 365 1594 408 61

155 490 330 545 νομὲνου
366 489 562 539 πολλάκις
596 488 748 544 ἀνάγκη
779 485 994 545 προϊόντος
1022 490 1094 528 τοῦ
1119 484 1273 543 χρόνου
1303 484 1437 541 ὥσπερ
1470 500 1596 529 ποτο-

154 559 235 613 μὸν
263 558 466 614 γενέσθαι,
498 557 614 606 τέλος
643 557 688 598 δὲ
717 557 784 598 καὶ
812 558 959 597 τοῦτον
988 552 1125 610 ξηρόν.
1185 560 1251 596 31.
1288 552 1475 609 Φανερὸν
1503 551 1649 594 τοί-31

156 644 252 679 νυν,
291 627 374 668 ἐπεὶ
404 624 425 668 ὅ
455 641 497 666 τε
523 623 674 680 χρόνος
705 623 779 677 οὐχ
805 621 1008 664 ὑπολείπει
1039 623 1105 664 καὶ
1134 621 1181 664 τὸ
1213 621 1310 664 ὅλον
1340 621 1496 672 ἀΐδιον,
1535 618 1597 661 ὅτι

158 693 250 736 οὔτε
282 691 303 735 ὃ
333 692 487 742 Τάναϊς
514 691 700 746 ποταμὸς
730 690 821 733 οὔτε
851 688 871 732 ὃ
894 693 1044 739 Νεῖλος
1074 690 1134 732 ἀεὶ
1154 688 1286 746 ἔρρει]
1305 689 1395 731 ἀλλ*
1420 684 1471 743 ἦν
1499 687 1597 729 ποτὲ

157 761 281 818 ξηρὸς
311 758 332 802 ὃ
361 760 489 810 τόπος
519 759 619 802 ὅθεν
650 759 808 816 ῥέουσι·
849 757 896 800 τὸ
925 757 1002 814 γὰρ
1033 757 1149 814 ἔργον
1178 757 1254 811 ἔχει
1287 757 1425 799 αὐτῶν
1459 756 1598 811 πέρας,

157 828 179 871 ὃ
214 829 258 870 δὲ
291 827 443 884 χρόνος
472 826 547 869 οὐκ
576 826 666 881 ἔχει.
716 824 868 879 ὁμοίως
898 826 943 867 δὲ
971 830 1092 867 τοῦτο
1137 826 1202 867 καὶ
1242 826 1306 866 ἐπὶ
1342 828 1425 866 τῶν
1463 823 1598 865 ἄλλων

158 895 328 953 ἁρμόσει
367 899 562 950 ποταμῶν
602 895 738 950 λέγειν.
814 900 882 935 32.
922 892 1046 934 Ἀλλὰ
1073 893 1155 947 μὴν
1193 892 1301 947 εἷ’περ
1342 891 1381 934 οἶ
1409 893 1585 946 ποταμοὶ
1600 898 1652 933 32

155 966 333 1019 γίνονται
372 964 438 1004 καὶ
478 964 722 1019 φθείρονται
761 960 912 1014 καὶμὴ
946 960 1006 1001 ἀεὶ
1037 960 1075 1002 οἱ
1105 960 1221 1002 αὐτοὶ
1258 959 1376 1001 τόποι
1415 963 1489 1014 τῆς
1525 963 1598 1014 γῆς

158 1032 317 1086 ἔνυδροι
357 1031 424 1072 καὶ
456 1031 533 1084 τὴν
560 1028 777 1084 θαλάττην
813 1028 965 1083 ἀνάγκη
997 1027 1267 1080 μεταβάλλειν
1296 1024 1472 1080 ὁμοίως·
1525 1030 1599 1080 τῆς

158 1099 203 1140 δὲ
230 1097 446 1151 θαλάττης
470 1096 523 1139 τὰ
549 1097 625 1150 μὲν
655 1085 953 1149 άπολειπούσης
981 1095 1033 1136 τὰ
1055 1094 1095 1136 δ’
1121 1094 1313 1149 ἐπιούσης
1336 1094 1396 1136 ἀεὶ
1419 1093 1596 1151 φανερὸν

158 1166 220 1208 ὅτι
249 1170 324 1220 τῆς
349 1163 485 1218 πάσης
511 1168 584 1219 γῆς
612 1162 686 1205 οὒκ
714 1162 774 1205 ἀεὶ
803 1163 855 1205 τὰ
885 1162 990 1205 αὐτὰ
1018 1162 1069 1204 τὰ
1098 1162 1173 1216 μέν
1201 1162 1286 1204 ἔστι
1307 1162 1513 1215 θάλαττα,
1544 1161 1597 1204 τὰ

158 1233 199 1275 δ”
221 1232 406 1288 ἤπειρος,
440 1231 545 1272 ἀλλὰ
560 1229 806 1285 μεταβάλλει
829 1235 888 1288 τῷ
905 1230 1044 1288 χρόνῳ
1063 1229 1209 1272 πάντα.
1271 1237 1337 1273 33.
1365 1229 1487 1273 Διότι
1509 1230 1585 1284 μὲν
1599 1235 1651 1271 33

158 1295 231 1343 οὖν
263 1299 337 1342 οὐκ
367 1299 428 1348 ἀεὶ
457 1292 589 1341 ταῦτὰ
618 1297 709 1341 οὔτε
734 1298 968 1354 χερσεύεται
997 1302 1070 1352 τῆς
1098 1303 1172 1354 γῆς
1202 1297 1295 1341 οὔτε
1326 1297 1470 1340 πλωτά
1494 1298 1594 1350 ἐστι,

156 1369 223 1410 καὶ
261 1367 330 1409 διὰ
359 1366 439 1409 τίν’
472 1367 605 1408 αἰτίαν
640 1370 772 1408 ταῦτα
806 1368 1018 1420 συμβαίνει
1047 1366 1226 1423 εἴρηται·
1274 1363 1427 1421 ὁμοίως
1456 1367 1501 1409 δὲ
1530 1367 1597 1409 καὶ

157 1434 225 1476 διὰ
253 1435 296 1477 τί
321 1434 360 1477 οἱ
388 1434 467 1489 μέν’
493 1433 654 1484 ἀέναοι,
696 1434 735 1476 οἳ
763 1433 806 1476 δ’
834 1433 881 1476 οὓ
909 1438 991 1478 τῶν
1019 1438 1217 1488 ποταμῶν
1244 1435 1355 1476 εἰσίν.

157 1571 323 1611 modum
354 1586 515 1625 semper
544 1572 694 1615 evenit.
748 1573 838 1611 Hoc
867 1579 1001 1611 autem
1031 1572 1188 1624 saepius
1214 1572 1322 1610 facto
1349 1584 1508 1610 necesse
1535 1576 1596 1608 est

155 1641 352 1691 temporis
371 1653 601 1692 progressu,
625 1640 757 1679 veluti
774 1639 926 1678 flumen
945 1640 1134 1687 evadere,
1162 1640 1273 1692 quod
1292 1639 1455 1679 tandem
1474 1639 1596 1677 etiam

159 1707 434 1746 exsiccabitur.
491 1709 558 1744 31.
590 1706 793 1756 Quoniam
812 1706 936 1758 igitur
962 1719 1094 1758 neque
1118 1702 1276 1761 tempus
1294 1721 1469 1760 unquam
1489 1706 1596 1745 desi-

158 1775 219 1813 nit
238 1781 278 1812 et
297 1774 535 1813 universum
554 1774 844 1825 sempiternum
866 1780 948 1821 est,
977 1783 1131 1815 constat
1148 1790 1280 1829 neque
1300 1777 1468 1816 Tanaim
1480 1805 1491 1824 ,
1520 1788 1595 1814 ne-

160 1855 237 1894 que
250 1842 391 1880 Nilum
411 1855 570 1893 semper
589 1841 818 1892 defluxisse,
840 1841 910 1880 sed
929 1842 1066 1881 locum
1089 1844 1198 1883 unde
1223 1844 1357 1883 fluunt
1376 1843 1592 1896 aliquando

157 1910 305 1948 siccum
323 1909 459 1949 fuisse.
517 1911 670 1948 Eorum
691 1910 797 1948 enim
816 1923 916 1962 epus
932 1912 1150 1951 terminum
1169 1911 1303 1959 habet,
1331 1919 1491 1964 tempus
1509 1925 1592 1951 non

156 1976 290 2015 habet.
343 1976 502 2016 Eodem
530 1984 662 2016 autem
691 1977 812 2016 modo
846 1984 886 2016 et
907 1978 958 2016 de
979 1979 1066 2017 aliis
1085 1980 1316 2019 fluminibus
1340 1980 1474 2019 dicere
1494 1995 1594 2022 con-

157 2045 284 2084 venit.
344 2048 411 2084 32.
441 2046 575 2097 Atque
603 2046 636 2084 si
663 2045 831 2084 flumina
859 2046 1048 2085 oriuntur
1077 2054 1116 2086 et
1136 2048 1340 2087 intereunt
1357 2062 1432 2087 nec
1452 2048 1593 2087 eadem

110 2115 118 2119 ”
158 2125 318 2164 semper
350 2113 438 2150 loca
468 2112 654 2152 humecta
682 2119 774 2151 sunt
801 2119 842 2152 et
872 2127 1040 2165 aquosa,
1068 2129 1180 2154 mare
1203 2116 1426 2155 identidem
1458 2122 1593 2155 mute-

157 2186 226 2218 tur
261 2193 420 2217 necesse
454 2187 527 2219 est.
587 2182 769 2232 Cumque
790 2195 902 2220 mare
923 2183 998 2220 alia
1022 2183 1108 2222 loca
1129 2198 1290 2236 semper
1309 2184 1488 2233 deserat,
1516 2184 1594 2223 alia

157 2247 343 2295 invadat,
370 2249 628 2299 perspicuum
648 2255 728 2296 est,
758 2262 840 2287 non
859 2249 1018 2288 easdem
1046 2251 1261 2291 universae
1286 2258 1420 2291 terrae
1447 2257 1594 2304 partes,

159 2327 320 2365 semper
354 2315 448 2361 alias
482 2329 595 2353 mare
627 2329 734 2364 esse,
770 2317 864 2355 alias
893 2318 1186 2368 continentem,
1229 2333 1374 2358 verum
1407 2325 1594 2370 tempore

160 2383 293 2421 omnia
313 2382 473 2421 mutari.
512 2386 579 2421 33.
609 2384 741 2433 Quam
761 2383 881 2434 igitur
903 2384 955 2422 ob
975 2398 1130 2423 causam
1151 2399 1234 2424 non
1254 2386 1417 2424 eaedem
1433 2400 1592 2438 semper

159 2456 291 2488 terrae
320 2455 451 2500 partes
479 2455 548 2487 aut
574 2450 701 2488 siccae
729 2457 824 2489 sunt
849 2457 918 2489 aut
935 2452 1201 2503 navigabiles,
1230 2453 1452 2504 eodemque
1469 2454 1592 2492 modo

160 2530 231 2555 cur
249 2516 460 2555 fluminum
480 2517 556 2555 alia
577 2517 767 2569 perennia
784 2519 882 2568 sint,
910 2519 986 2557 alia
1008 2533 1087 2557 non
1108 2520 1206 2570 sint,
1235 2522 1385 2560 dictum
1408 2527 1476 2559 est.
