1812 3158
452 419 676 461 LIBRUM
703 419 945 460 PRIMUM.
1005 419 1124 460 CAP.
1156 422 1225 463 III.
1359 420 1366 430 '
1467 412 1563 458 357

120 534 396 574 Columell.
427 535 472 585 1,
505 537 554 578 4,
591 538 628 573 1.
668 547 709 587 p.
730 538 797 574 32.
837 534 1182 575 Ruddimann.
1209 536 1349 574 Instit.
1371 548 1558 588 gramm.

119 604 190 640 lat.
223 604 342 642 Tom.
365 604 416 642 ΙΙ.
446 616 487 654 p.
513 605 593 642 392
622 602 686 641 ed.
707 602 1005 651 Stallbaum.
1061 605 1248 642 Fortasse
1276 604 1463 657 Rupilius
1492 605 1562 644 ille

118 671 228 709 idem
251 676 331 721 est,
362 671 494 719 cuius,
524 669 665 709 infimo
689 671 780 710 loco
805 671 888 710 nati
906 670 1094 718 hominis,
1122 671 1338 711 secundam
1355 672 1560 712 fortunam

116 738 316 778 collaudat
343 738 590 778 Valerius
618 739 876 778 Maximus
906 740 978 788 VI,
1000 743 1038 779 9.
1098 740 1184 779 Cfr.
1215 740 1478 792 Sigonium
1509 741 1558 779 de

117 808 294 859 antiquo
327 808 417 845 iure
445 806 565 844 civili
593 801 708 844 Rom.
739 807 806 854 II,
837 806 876 845 4.
939 807 1168 859 Ruperti
1195 809 1313 847 Dis-⁹.
1336 809 1398 846 ad
1416 809 1460 848 V
1458 809 1557 846 aler.

115 875 304 913 Maxim.
333 887 374 925 p.
408 874 490 912 400
521 887 581 926 sq.
640 873 802 914 Deinde
828 875 975 927 regis
1002 883 1151 914 nomen
1180 876 1335 928 accepit
1362 890 1409 914 ea
1438 882 1558 927 pote-

112 947 232 990 state,
274 955 352 993 qua
386 956 505 994 saepe
537 942 647 994 apud
684 940 964 982 Horatium
1004 956 1100 981 rex
1135 943 1304 982 divitem
1345 943 1554 996 significat.

112 1009 188 1048 cfr.
217 1009 265 1046 de
282 1017 361 1048 art.
372 1011 487 1060 poe't.
517 1010 610 1049 434.
643 1011 773 1049 Satir.
796 1011 853 1057 ΙΙ,
875 1013 912 1060 3,
935 1013 1002 1050 97.
1032 1012 1189 1050 Klotz
1213 1013 1260 1050 V
1255 1011 1382 1049 indic.
1399 1012 1554 1048 Horat.

110 1091 154 1129 p.
168 1081 236 1115 60.
259 1080 353 1116 173.
387 1078 691 1117 Taubmann
718 1077 769 1116 ad
792 1078 957 1116 Plaut.
975 1079 1338 1130 Mil.glorios.IH,
1355 1081 1391 1118 6.
1406 1082 1551 1130 p.736.

109 1146 176 1183 Ex
205 1145 420 1199 Homeri
448 1143 588 1198 (Iliad.
611 1142 666 1196 β’,
689 1143 787 1196 670)
818 1145 869 1184 de
890 1144 1039 1183 Rhodo
1070 1159 1216 1184 versu:

277 1211 367 1252 Καί
392 1224 489 1267 σφιν
516 1210 736 1252 θεσπέσιον
763 1213 941 1252 πλοῦτον
971 1210 1157 1263 κατέχευε
1186 1211 1377 1266 Κρονίων

108 1278 246 1335 (quem
270 1287 405 1320 tamen
426 1281 538 1319 uncis
555 1280 717 1319 seclusit
732 1281 873 1320 Wolf
874 1279 967 1334 ius)
987 1287 1079 1319 nata
1100 1286 1161 1319 est
1178 1281 1314 1320 fabula
1334 1280 1384 1319 de
1403 1279 1551 1318 Rhodo

106 1362 230 1387 aureo
258 1349 390 1387 imbre
426 1348 612 1401 perfusa,
658 1361 776 1401 quam
815 1349 988 1401 amplius
1028 1349 1251 1388 extendere
1289 1348 1550 1388 Pindarus

110 1416 270 1468 Οζγηιρ.
299 1417 380 1457 VII
388 1445 400 1466 ,
432 1419 483 1456 63
509 1429 591 1468 sqq.
658 1417 923 1455 Claudian.
975 1418 1025 1456 de
1056 1417 1172 1456 laud.
1215 1417 1439 1458 Stilichon.
1478 1418 1548 1463 III,

105 1487 188 1523 226
206 1498 266 1536 sq.
323 1484 574 1523 Ammian.
605 1486 900 1524 Marcellin.
931 1486 1070 1532 XVH,
1093 1488 1133 1532 7,
1160 1487 1225 1523 13.
1254 1508 1311 1514 —
1368 1484 1450 1523 Sed
1468 1484 1548 1522 iam

104 1553 197 1590 satis
222 1553 517 1604 exemplorum.
575 1551 661 1591 Alii
684 1553 802 1592 aliter
822 1558 1059 1601 senserunt,
1085 1552 1216 1591 veluti
1246 1550 1549 1603 Theophra-

103 1627 212 1658 stus
240 1621 290 1658 de
310 1634 449 1660 eauss.
466 1621 660 1672 plantar.
678 1621 754 1669 III,
776 1624 842 1667 12,
869 1626 893 1659 3
919 1620 990 1658 ubi
1010 1619 1127 1658 dicit:
1158 1614 1263 1658 κατὰ
1289 1615 1366 1665 τὰς
1390 1615 1549 1673 ὀρεινὰς

104 1686 171 1727 καὶ
200 1684 419 1739 ἀνεμώὃεις
447 1714 596 1726 .....
628 1693 668 1725 et
697 1687 962 1739 Virgilius
990 1687 1143 1738 Geor-g.
1169 1689 1222 1733 H,
1243 1686 1326 1726 440
1344 1700 1430 1739 sq.=

216 1756 343 1806 Ipsae
374 1757 610 1794 Caucasiae
639 1756 806 1793 steriles
833 1756 881 1793 in
909 1756 1067 1792 vertice
1097 1754 1232 1792 silvae

219 1824 336 1874 Quas
365 1824 551 1861 animosi
578 1824 690 1860 Euri
719 1822 898 1860 adsidue
917 1822 1224 1875 franguntque
1245 1819 1475 1879 feruntque

216 1892 341 1929 Dant
370 1892 479 1928 alios
509 1891 625 1927 aliae
647 1887 809 1945 foetus,

103 1964 144 1997 et
173 1959 349 1996 Aeneid.
379 1960 450 2007 IV,
481 1957 562 1996 246
585 1971 689 2009 sqq.:

268 2045 323 2053 -—
357 2026 524 2078 iamque
553 2026 705 2063 volans
735 2026 898 2076 apicem
930 2033 971 2064 et
998 2026 1138 2064 latera
1168 2025 1310 2064 ardua
1342 2027 1478 2064 cernit

211 2093 407 2131 Atlantis
435 2093 554 2141 duri,
583 2094 746 2131 caelum
774 2095 847 2145 qui
873 2097 1029 2132 vertice
1046 2093 1208 2146 sulcit;

211 2161 428 2210 Atlantis,
467 2163 651 2199 cinctum
679 2161 856 2199 adsidue
885 2163 955 2198 eui
982 2160 1160 2199 nubibus
1190 2162 1303 2198 atris

212 2228 454 2278 Piniferum
483 2237 634 2279 caput,
663 2236 704 2266 et
723 2236 845 2267 vento
871 2227 1071 2280 pulsatur
1100 2236 1142 2266 et
1169 2228 1319 2266 imbri.-

212 2296 304 2332 Nix
335 2295 525 2332 humeros
556 2296 702 2346 infusa
731 2297 851 2346 tegit.

99 2361 290 2400 Livius
318 2362 423 2410 XL,
453 2367 506 2400 22
537 2363 587 2400 dc
613 2361 804 2414 Philippo
832 2364 1034 2401 Haemum
1068 2362 1363 2401 conscendente
1383 2362 1460 2401 ait:
1490 2371 1538 2401 ut

99 2431 216 2480 iugis
256 2428 680 2480 adpropinquabant,
732 2430 843 2480 quod
879 2443 1029 2467 rarum
1066 2433 1112 2467 in
1141 2430 1241 2467 aliis
1269 2431 1374 2468 locis
1416 2439 1535 2481 esset,

100 2498 206 2534 adeo
240 2498 382 2533 omnia
414 2504 608 2534 contecta
625 2496 791 2540 nebula,
822 2504 867 2534 ut
886 2495 1009 2534 haud
1024 2509 1141 2533 secus
1172 2508 1302 2546 quam
1331 2505 1536 2536 nocturno

99 2566 252 2601 itinere
282 2564 602 2611 impedirentur.
644 2587 694 2591 —
750 2559 814 2614 ῥεῖ
838 2561 883 2602 δὲ
912 2558 1045 2616 κύκλῳ
1075 2560 1154 2615 ἀὴρ
1183 2563 1281 2614 legit
1305 2565 1401 2615 Bag.
1427 2565 1536 2615 fluit

100 2640 241 2671 autem
262 2631 335 2669 ae‘r
365 2632 651 2669 circulariter.
683 2627 750 2668 διὰ
771 2631 842 2669 τοῦ
864 2627 1182 2682 συνεφέλκεσθαι
1203 2632 1251 2669 Ε.

215 2703 278 2738 18.
307 2699 388 2738 Pro
411 2695 707 2750 ἐκθλιβομένου
734 2697 822 2735 cod.
842 2699 890 2736 E.
919 2696 1084 2736 exhibet
1104 2695 1147 2736 ἐκ
1165 2698 1241 2736 τοῦ
1267 2695 1532 2749 θλιβομένου.

103 2790 152 2794 -—
184 2766 342 2804 Deinde
361 2780 435 2818 pro
457 2763 574 2813 ἄλλα,
605 2764 712 2818 quod
738 2764 903 2803 exhibet
919 2765 1143 2811 Bekkerus,
1160 2766 1302 2817 scripsi
1318 2762 1418 2805 ἄλλο
1441 2781 1534 2806 cum

105 2833 194 2870 Ald.
216 2835 326 2873 Cam.
347 2835 504 2875 Vicom.
525 2835 570 2873 P.
594 2835 636 2872 S.
677 2835 745 2872 Er.
775 2833 861 2871 Cas.
891 2835 986 2884 Bag.
1018 2833 1112 2870 alia
1142 2841 1284 2871 autem
1312 2855 1367 2863 —
1385 2834 1536 2887 fertur

100 2899 340 2954 (particula).
371 2899 423 2940 ἓν
454 2917 481 2952 μ
496 2900 543 2955 ἐρ
556 2916 592 2941 ει
624 2902 726 2940 sicut
753 2901 846 2940 alibi
872 2898 914 2939 ἓν
943 2902 1000 2955 τῷ
1026 2897 1158 2953 με’ρει,
1198 2897 1276 2941 ἀνὰ
1304 2898 1429 2956 μέρος
1451 2915 1533 2942 sua
