<?xml version="1.0" encoding="UTF-8"?>
<!DOCTYPE html PUBLIC "-//W3C//DTD XHTML 1.0 Transitional//EN"
    "http://www.w3.org/TR/xhtml1/DTD/xhtml1-transitional.dtd">
<html xmlns="http://www.w3.org/1999/xhtml" xml:lang="en" lang="en">
 <head>
  <title>
</title>
<meta http-equiv="Content-Type" content="text/html;charset=utf-8" />
  <meta name='ocr-system' content='tesseract 3.04.00' />
  <meta name='ocr-capabilities' content='ocr_page ocr_carea ocr_par ocr_line ocrx_word'/>
</head>
<body>
  <div class='ocr_page' id='page_1' title='image "./meteorologicorum01arisuoft_0437.png"; bbox 0 0 1812 3158; ppageno 0'>
   <div class='ocr_carea' id='block_1_1' title="bbox 416 357 1515 414">
    <p class='ocr_par' dir='ltr' id='par_1_1' title="bbox 416 357 1515 414">
     <span class='ocr_line' id='line_1_1' title="bbox 416 357 1515 414; baseline -0.011 -2"><span class='ocrx_word' id='word_1_1' title='bbox 416 370 634 414; x_wconf 90' lang='lat' dir='ltr'>LIBRUM</span> <span class='ocrx_word' id='word_1_2' title='bbox 662 370 900 412; x_wconf 81' lang='lat' dir='ltr'>PRIMUM.</span> <span class='ocrx_word' id='word_1_3' title='bbox 958 370 1075 410; x_wconf 83' lang='lat' dir='ltr'><strong>CAP.</strong></span> <span class='ocrx_word' id='word_1_4' title='bbox 1094 370 1205 412; x_wconf 59' lang='lat' dir='ltr'><strong><em>VII-</em></strong></span> <span class='ocrx_word' id='word_1_5' title='bbox 1421 357 1515 403; x_wconf 81' lang='lat'><strong><em>397</em></strong></span> 
     </span>
    </p>
   </div>
   <div class='ocr_carea' id='block_1_2' title="bbox 92 477 1581 2568">
    <p class='ocr_par' dir='ltr' id='par_1_2' title="bbox 92 477 1581 2568">
     <span class='ocr_line' id='line_1_2' title="bbox 93 477 1518 538; baseline -0.003 -14"><span class='ocrx_word' id='word_1_6' title='bbox 93 487 151 524; x_wconf 77' lang='lat' dir='ltr'><strong><em>Ila</em></strong></span> <span class='ocrx_word' id='word_1_7' title='bbox 170 483 279 536; x_wconf 84' lang='lat' dir='ltr'><strong>apud</strong></span> <span class='ocrx_word' id='word_1_8' title='bbox 307 485 647 538; x_wconf 86' lang='lat' dir='ltr'><strong>Xenophont.</strong></span> <span class='ocrx_word' id='word_1_9' title='bbox 679 485 911 536; x_wconf 81' lang='lat' dir='ltr'><strong>Cyropaed.</strong></span> <span class='ocrx_word' id='word_1_10' title='bbox 931 486 1000 535; x_wconf 76' lang='lat'><strong>111,</strong></span> <span class='ocrx_word' id='word_1_11' title='bbox 1021 487 1059 530; x_wconf 88' lang='grc'><strong><em>3,</em></strong></span> <span class='ocrx_word' id='word_1_12' title='bbox 1081 483 1155 523; x_wconf 85' lang='lat'><strong><em>45:</em></strong></span> <span class='ocrx_word' id='word_1_13' title='bbox 1199 477 1338 536; x_wconf 85' lang='grc' dir='ltr'><strong><em>μωρὸν</em></strong></span> <span class='ocrx_word' id='word_1_14' title='bbox 1364 477 1442 535; x_wconf 77' lang='grc' dir='ltr'><strong><em>γὰρ</em></strong></span> <span class='ocrx_word' id='word_1_15' title='bbox 1470 477 1518 521; x_wconf 88' lang='grc' dir='ltr'><strong><em>τὸ</em></strong></span> 
     </span>
     <span class='ocr_line' id='line_1_3' title="bbox 92 546 1520 606; baseline -0.002 -15"><span class='ocrx_word' id='word_1_16' title='bbox 92 557 252 605; x_wconf 75' lang='grc' dir='ltr'><em>κρατεῖν</em></span> <span class='ocrx_word' id='word_1_17' title='bbox 287 550 561 605; x_wconf 75' lang='grc' dir='ltr'><em>βουλομένους</em></span> <span class='ocrx_word' id='word_1_18' title='bbox 598 549 650 592; x_wconf 79' lang='grc' dir='ltr'><strong><em>τὰ</em></strong></span> <span class='ocrx_word' id='word_1_19' title='bbox 679 549 814 606; x_wconf 84' lang='grc' dir='ltr'><strong><em>τυφλὰ</em></strong></span> <span class='ocrx_word' id='word_1_20' title='bbox 853 553 926 592; x_wconf 78' lang='grc' dir='ltr'><strong><em>τοῦ</em></strong></span> <span class='ocrx_word' id='word_1_21' title='bbox 965 547 1154 602; x_wconf 85' lang='grc' dir='ltr'><strong><em>σώματος</em></strong></span> <span class='ocrx_word' id='word_1_22' title='bbox 1189 549 1256 590; x_wconf 84' lang='grc' dir='ltr'><strong><em>καὶ</em></strong></span> <span class='ocrx_word' id='word_1_23' title='bbox 1290 546 1424 589; x_wconf 72' lang='grc' dir='ltr'><strong><em>ἄοπλα</em></strong></span> <span class='ocrx_word' id='word_1_24' title='bbox 1452 548 1520 589; x_wconf 86' lang='grc' dir='ltr'><strong><em>καὶ</em></strong></span> 
     </span>
     <span class='ocr_line' id='line_1_4' title="bbox 94 611 1522 674; baseline -0.001 -16"><span class='ocrx_word' id='word_1_25' title='bbox 94 615 236 674; x_wconf 79' lang='grc' dir='ltr'><strong><em>ἄχειρα</em></strong></span> <span class='ocrx_word' id='word_1_26' title='bbox 263 622 394 660; x_wconf 77' lang='grc' dir='ltr'><strong><em>ταῦτα</em></strong></span> <span class='ocrx_word' id='word_1_27' title='bbox 423 618 583 660; x_wconf 75' lang='grc' dir='ltr'><strong><em>ἐναντία</em></strong></span> <span class='ocrx_word' id='word_1_28' title='bbox 612 616 770 660; x_wconf 82' lang='grc' dir='ltr'><strong><em>τάττειν</em></strong></span> <span class='ocrx_word' id='word_1_29' title='bbox 797 622 884 666; x_wconf 78' lang='grc' dir='ltr'><strong><em>τοῖς</em></strong></span> <span class='ocrx_word' id='word_1_30' title='bbox 909 617 1117 671; x_wconf 85' lang='grc' dir='ltr'><strong><em>πολεμίοις</em></strong></span> <span class='ocrx_word' id='word_1_31' title='bbox 1134 611 1367 671; x_wconf 71' lang='grc' dir='ltr'><strong><em>φεῦγοντας.</em></strong></span> <span class='ocrx_word' id='word_1_32' title='bbox 1396 617 1522 657; x_wconf 82' lang='lat' dir='ltr'><strong><em>Ana-</em></strong></span> 
     </span>
     <span class='ocr_line' id='line_1_5' title="bbox 95 680 1581 742; baseline -0.001 -18"><span class='ocrx_word' id='word_1_33' title='bbox 95 686 183 726; x_wconf 81' lang='lat' dir='ltr'><strong>bas.</strong></span> <span class='ocrx_word' id='word_1_34' title='bbox 202 690 274 738; x_wconf 90' lang='lat' dir='ltr'><strong>VI,</strong></span> <span class='ocrx_word' id='word_1_35' title='bbox 294 691 334 735; x_wconf 86' lang='lat'><strong>5,</strong></span> <span class='ocrx_word' id='word_1_36' title='bbox 357 690 430 727; x_wconf 82' lang='lat'><strong><em>16:</em></strong></span> <span class='ocrx_word' id='word_1_37' title='bbox 460 683 579 742; x_wconf 75' lang='grc' dir='ltr'><strong><em>δρᾶτε</em></strong></span> <span class='ocrx_word' id='word_1_38' title='bbox 600 684 671 739; x_wconf 81' lang='grc' dir='ltr'><strong><em>δή,</em></strong></span> <span class='ocrx_word' id='word_1_39' title='bbox 700 684 872 741; x_wconf 76' lang='grc' dir='ltr'><strong><em>πότερον</em></strong></span> <span class='ocrx_word' id='word_1_40' title='bbox 901 690 1080 742; x_wconf 77' lang='grc' dir='ltr'><strong><em>κρεῖττον</em></strong></span> <span class='ocrx_word' id='word_1_41' title='bbox 1109 683 1208 726; x_wconf 76' lang='grc' dir='ltr'><strong><em>ἴέναι</em></strong></span> <span class='ocrx_word' id='word_1_42' title='bbox 1237 683 1301 724; x_wconf 78' lang='grc' dir='ltr'><strong><em>ἐπὶ</em></strong></span> <span class='ocrx_word' id='word_1_43' title='bbox 1328 681 1425 731; x_wconf 84' lang='grc' dir='ltr'><strong><em>τοὺς</em></strong></span> <span class='ocrx_word' id='word_1_44' title='bbox 1451 680 1524 724; x_wconf 70' lang='grc' dir='ltr'><strong><em>ἄν·</em></strong></span> <span class='ocrx_word' id='word_1_45' title='bbox 1578 711 1581 714; x_wconf 91' lang='lat'>-</span> 
     </span>
     <span class='ocr_line' id='line_1_6' title="bbox 95 749 1526 816; baseline -0.001 -23"><span class='ocrx_word' id='word_1_46' title='bbox 95 753 218 807; x_wconf 75' lang='grc' dir='ltr'><strong><em>δρας,</em></strong></span> <span class='ocrx_word' id='word_1_47' title='bbox 248 754 630 809; x_wconf 80' lang='grc' dir='ltr'><strong><em>προσβαλλομένους</em></strong></span> <span class='ocrx_word' id='word_1_48' title='bbox 658 753 710 796; x_wconf 86' lang='grc' dir='ltr'><strong><em>τὰ</em></strong></span> <span class='ocrx_word' id='word_1_49' title='bbox 739 752 843 796; x_wconf 82' lang='grc' dir='ltr'><strong><em>ὅπλα</em></strong></span> <span class='ocrx_word' id='word_1_50' title='bbox 871 752 897 808; x_wconf 83' lang='grc' dir='ltr'>ἢ</span> <span class='ocrx_word' id='word_1_51' title='bbox 923 751 1322 816; x_wconf 62' lang='grc' dir='ltr'><strong><em>μεταβαλλομ-έν-ους,</em></strong></span> <span class='ocrx_word' id='word_1_52' title='bbox 1353 749 1526 793; x_wconf 71' lang='grc' dir='ltr'><strong><em>ὄπισθεν</em></strong></span> 
     </span>
     <span class='ocr_line' id='line_1_7' title="bbox 94 816 1529 876; baseline -0.001 -15"><span class='ocrx_word' id='word_1_53' title='bbox 94 816 210 872; x_wconf 70' lang='grc' dir='ltr'><strong><em>ἤμῶν</em></strong></span> <span class='ocrx_word' id='word_1_54' title='bbox 238 819 424 870; x_wconf 72' lang='grc' dir='ltr'><strong><em>ἐπιόντας</em></strong></span> <span class='ocrx_word' id='word_1_55' title='bbox 454 820 551 871; x_wconf 75' lang='grc' dir='ltr'><strong><em>τούς</em></strong></span> <span class='ocrx_word' id='word_1_56' title='bbox 579 823 797 876; x_wconf 86' lang='grc' dir='ltr'><strong><em>πολεμίους</em></strong></span> <span class='ocrx_word' id='word_1_57' title='bbox 823 821 1075 864; x_wconf 75' lang='grc' dir='ltr'><strong><em>θεάσασθαι.</em></strong></span> <span class='ocrx_word' id='word_1_58' title='bbox 1095 844 1151 851; x_wconf 96' lang='grc'><strong>-</strong></span> <span class='ocrx_word' id='word_1_59' title='bbox 1179 836 1243 875; x_wconf 84' lang='grc' dir='ltr'><strong><em>γρ.</em></strong></span> <span class='ocrx_word' id='word_1_60' title='bbox 1273 820 1329 868; x_wconf 82' lang='grc' dir='ltr'><strong><em>εἲς</em></strong></span> <span class='ocrx_word' id='word_1_61' title='bbox 1355 816 1403 860; x_wconf 81' lang='grc' dir='ltr'>τὸ</span> <span class='ocrx_word' id='word_1_62' title='bbox 1425 817 1529 859; x_wconf 81' lang='grc' dir='ltr'><em>ἀδύ-</em></span> 
     </span>
     <span class='ocr_line' id='line_1_8' title="bbox 97 888 1529 944; baseline 0.001 -18"><span class='ocrx_word' id='word_1_63' title='bbox 97 903 219 928; x_wconf 88' lang='grc' dir='ltr'><strong><em>νατον</em></strong></span> <span class='ocrx_word' id='word_1_64' title='bbox 246 892 294 929; x_wconf 90' lang='grc' dir='ltr'><strong><em>Ε.</em></strong></span> <span class='ocrx_word' id='word_1_65' title='bbox 324 912 374 920; x_wconf 91' lang='lat'><strong><em>—-</em></strong></span> <span class='ocrx_word' id='word_1_66' title='bbox 416 888 625 944; x_wconf 81' lang='grc' dir='ltr'><strong><em>ἀνάγωμεν</em></strong></span> <span class='ocrx_word' id='word_1_67' title='bbox 647 888 700 930; x_wconf 90' lang='grc' dir='ltr'><strong><em>Η.</em></strong></span> <span class='ocrx_word' id='word_1_68' title='bbox 722 893 775 931; x_wconf 90' lang='grc' dir='ltr'><strong><em>Ν.</em></strong></span> <span class='ocrx_word' id='word_1_69' title='bbox 800 893 867 944; x_wconf 88' lang='lat' dir='ltr'><strong><em>qui</em></strong></span> <span class='ocrx_word' id='word_1_70' title='bbox 885 892 1004 931; x_wconf 86' lang='lat' dir='ltr'><strong>etiam</strong></span> <span class='ocrx_word' id='word_1_71' title='bbox 1026 904 1123 929; x_wconf 85' lang='lat' dir='ltr'><strong><em>mox</em></strong></span> <span class='ocrx_word' id='word_1_72' title='bbox 1140 896 1189 929; x_wconf 89' lang='lat' dir='ltr'><strong><em>ut</em></strong></span> <span class='ocrx_word' id='word_1_73' title='bbox 1210 889 1407 937; x_wconf 82' lang='lat' dir='ltr'><strong>dedimus,</strong></span> <span class='ocrx_word' id='word_1_74' title='bbox 1435 902 1529 927; x_wconf 79' lang='lat' dir='ltr'><strong>sua-</strong></span> 
     </span>
     <span class='ocr_line' id='line_1_9' title="bbox 96 956 1528 1012; baseline -0.001 -17"><span class='ocrx_word' id='word_1_75' title='bbox 96 956 217 996; x_wconf 85' lang='lat' dir='ltr'><strong>dente</strong></span> <span class='ocrx_word' id='word_1_76' title='bbox 246 959 363 996; x_wconf 87' lang='lat' dir='ltr'><strong>etiam</strong></span> <span class='ocrx_word' id='word_1_77' title='bbox 385 961 769 1012; x_wconf 80' lang='lat' dir='ltr'><strong>Koenigmanno</strong></span> <span class='ocrx_word' id='word_1_78' title='bbox 793 961 944 1012; x_wconf 85' lang='lat' dir='ltr'><strong>Geogr.</strong></span> <span class='ocrx_word' id='word_1_79' title='bbox 964 959 1183 998; x_wconf 80' lang='lat' dir='ltr'><em>Aristotel.</em></span> <span class='ocrx_word' id='word_1_80' title='bbox 1203 972 1240 1010; x_wconf 88' lang='lat' dir='ltr'><strong><em>p.</em></strong></span> <span class='ocrx_word' id='word_1_81' title='bbox 1258 959 1528 997; x_wconf 85' lang='lat' dir='ltr'><strong>65.n0t.167.</strong></span> 
     </span>
     <span class='ocr_line' id='line_1_10' title="bbox 96 1022 1528 1080; baseline 0 -18"><span class='ocrx_word' id='word_1_82' title='bbox 96 1022 140 1062; x_wconf 72' lang='grc' dir='ltr'><strong><em>ἐκ</em></strong></span> <span class='ocrx_word' id='word_1_83' title='bbox 167 1026 249 1064; x_wconf 82' lang='grc' dir='ltr'><strong><em>τῶν</em></strong></span> <span class='ocrx_word' id='word_1_84' title='bbox 278 1027 348 1064; x_wconf 82' lang='grc' dir='ltr'><strong><em>νῦν</em></strong></span> <span class='ocrx_word' id='word_1_85' title='bbox 377 1024 645 1080; x_wconf 78' lang='grc' dir='ltr'><strong><em>φαινομένων.</em></strong></span> <span class='ocrx_word' id='word_1_86' title='bbox 676 1029 848 1080; x_wconf 88' lang='lat' dir='ltr'><strong>Reliqui,</strong></span> <span class='ocrx_word' id='word_1_87' title='bbox 876 1028 1020 1079; x_wconf 74' lang='lat' dir='ltr'><strong>quibus</strong></span> <span class='ocrx_word' id='word_1_88' title='bbox 1038 1027 1300 1080; x_wconf 78' lang='lat' dir='ltr'><strong>adstipulatus</strong></span> <span class='ocrx_word' id='word_1_89' title='bbox 1320 1031 1380 1064; x_wconf 89' lang='lat' dir='ltr'><strong><em>est</em></strong></span> <span class='ocrx_word' id='word_1_90' title='bbox 1399 1024 1528 1063; x_wconf 84' lang='lat' dir='ltr'><strong>Bekk.</strong></span> 
     </span>
     <span class='ocr_line' id='line_1_11' title="bbox 98 1089 1530 1148; baseline -0.001 -16"><span class='ocrx_word' id='word_1_91' title='bbox 98 1089 140 1132; x_wconf 70' lang='grc' dir='ltr'><strong><em>ἴκ</em></strong></span> <span class='ocrx_word' id='word_1_92' title='bbox 169 1107 211 1132; x_wconf 85' lang='grc' dir='ltr'><strong><em>τε</em></strong></span> <span class='ocrx_word' id='word_1_93' title='bbox 241 1096 322 1134; x_wconf 86' lang='grc' dir='ltr'><strong><em>τῶν</em></strong></span> <span class='ocrx_word' id='word_1_94' title='bbox 351 1096 422 1134; x_wconf 81' lang='grc' dir='ltr'><strong><em>νῦν</em></strong></span> <span class='ocrx_word' id='word_1_95' title='bbox 451 1109 562 1148; x_wconf 84' lang='grc' dir='ltr'><strong><em>φαιν.</em></strong></span> <span class='ocrx_word' id='word_1_96' title='bbox 592 1109 818 1147; x_wconf 83' lang='lat' dir='ltr'>perperam,</span> <span class='ocrx_word' id='word_1_97' title='bbox 848 1108 939 1133; x_wconf 90' lang='lat' dir='ltr'><strong><em>cum</em></strong></span> <span class='ocrx_word' id='word_1_98' title='bbox 959 1095 1124 1147; x_wconf 81' lang='lat' dir='ltr'>incipiat</span> <span class='ocrx_word' id='word_1_99' title='bbox 1145 1094 1341 1147; x_wconf 82' lang='lat' dir='ltr'><strong>apodosis.</strong></span> <span class='ocrx_word' id='word_1_100' title='bbox 1365 1113 1419 1122; x_wconf 93' lang='lat'><strong><em>—-</em></strong></span> <span class='ocrx_word' id='word_1_101' title='bbox 1448 1093 1530 1131; x_wconf 89' lang='lat' dir='ltr'><strong><em>Pro</em></strong></span> 
     </span>
     <span class='ocr_line' id='line_1_12' title="bbox 98 1157 1532 1215; baseline 0.001 -17"><span class='ocrx_word' id='word_1_102' title='bbox 98 1158 367 1213; x_wconf 80' lang='grc' dir='ltr'><strong><em>φαινομένων,</em></strong></span> <span class='ocrx_word' id='word_1_103' title='bbox 399 1163 507 1214; x_wconf 87' lang='lat' dir='ltr'><strong>quod</strong></span> <span class='ocrx_word' id='word_1_104' title='bbox 523 1163 669 1214; x_wconf 83' lang='lat' dir='ltr'><strong>reliqui</strong></span> <span class='ocrx_word' id='word_1_105' title='bbox 685 1163 892 1215; x_wconf 81' lang='lat' dir='ltr'><strong>praebent,</strong></span> <span class='ocrx_word' id='word_1_106' title='bbox 912 1164 959 1201; x_wconf 93' lang='lat' dir='ltr'><strong>E.</strong></span> <span class='ocrx_word' id='word_1_107' title='bbox 975 1163 1028 1202; x_wconf 91' lang='lat' dir='ltr'><strong><em>A.</em></strong></span> <span class='ocrx_word' id='word_1_108' title='bbox 1041 1164 1113 1202; x_wconf 88' lang='lat' dir='ltr'><strong>Er.</strong></span> <span class='ocrx_word' id='word_1_109' title='bbox 1145 1162 1337 1200; x_wconf 83' lang='lat' dir='ltr'>exhibent</span> <span class='ocrx_word' id='word_1_110' title='bbox 1364 1157 1532 1214; x_wconf 74' lang='grc' dir='ltr'><strong><em>λεγομέ-</em></strong></span> 
     </span>
     <span class='ocr_line' id='line_1_13' title="bbox 98 1230 1531 1282; baseline 0.001 -16"><span class='ocrx_word' id='word_1_111' title='bbox 98 1242 190 1277; x_wconf 88' lang='grc' dir='ltr'><strong><em>νων,</em></strong></span> <span class='ocrx_word' id='word_1_112' title='bbox 212 1230 321 1280; x_wconf 88' lang='lat' dir='ltr'><strong>quod</strong></span> <span class='ocrx_word' id='word_1_113' title='bbox 337 1230 587 1281; x_wconf 85' lang='lat' dir='ltr'><strong>recepissem,</strong></span> <span class='ocrx_word' id='word_1_114' title='bbox 605 1231 838 1282; x_wconf 86' lang='lat' dir='ltr'><strong>praesertim</strong></span> <span class='ocrx_word' id='word_1_115' title='bbox 859 1244 951 1269; x_wconf 86' lang='lat' dir='ltr'><strong><em>cum</em></strong></span> <span class='ocrx_word' id='word_1_116' title='bbox 967 1231 1025 1270; x_wconf 87' lang='lat' dir='ltr'><strong><em>ita</em></strong></span> <span class='ocrx_word' id='word_1_117' title='bbox 1044 1231 1187 1282; x_wconf 88' lang='lat' dir='ltr'><strong>legerit</strong></span> <span class='ocrx_word' id='word_1_118' title='bbox 1202 1230 1319 1269; x_wconf 86' lang='lat' dir='ltr'><strong>etiam</strong></span> <span class='ocrx_word' id='word_1_119' title='bbox 1329 1232 1422 1281; x_wconf 87' lang='lat' dir='ltr'><strong>Bag.</strong></span> <span class='ocrx_word' id='word_1_120' title='bbox 1433 1243 1531 1269; x_wconf 82' lang='lat' dir='ltr'><strong>ver-</strong></span> 
     </span>
     <span class='ocr_line' id='line_1_14' title="bbox 98 1297 1530 1348; baseline 0.002 -15"><span class='ocrx_word' id='word_1_121' title='bbox 98 1301 207 1336; x_wconf 86' lang='lat' dir='ltr'><strong>tens:</strong></span> <span class='ocrx_word' id='word_1_122' title='bbox 237 1310 298 1335; x_wconf 85' lang='lat' dir='ltr'><strong>ex</strong></span> <span class='ocrx_word' id='word_1_123' title='bbox 326 1297 417 1348; x_wconf 85' lang='lat' dir='ltr'><strong>iis,</strong></span> <span class='ocrx_word' id='word_1_124' title='bbox 447 1310 575 1348; x_wconf 89' lang='lat' dir='ltr'><strong>quae</strong></span> <span class='ocrx_word' id='word_1_125' title='bbox 603 1311 738 1336; x_wconf 88' lang='lat' dir='ltr'><strong>nunc</strong></span> <span class='ocrx_word' id='word_1_126' title='bbox 766 1298 1016 1337; x_wconf 85' lang='lat' dir='ltr'><strong><em>dicuntur</em></strong></span> <span class='ocrx_word' id='word_1_127' title='bbox 1046 1305 1085 1338; x_wconf 90' lang='lat' dir='ltr'><strong>et</strong></span> <span class='ocrx_word' id='word_1_128' title='bbox 1103 1299 1530 1339; x_wconf 85' lang='lat' dir='ltr'><strong>Vicomercatus:</strong></span> 
     </span>
     <span class='ocr_line' id='line_1_15' title="bbox 99 1362 1534 1417; baseline 0.001 -16"><span class='ocrx_word' id='word_1_129' title='bbox 99 1376 162 1401; x_wconf 87' lang='lat' dir='ltr'><strong>ex</strong></span> <span class='ocrx_word' id='word_1_130' title='bbox 188 1362 280 1411; x_wconf 77' lang='lat' dir='ltr'><strong>his,</strong></span> <span class='ocrx_word' id='word_1_131' title='bbox 312 1378 435 1417; x_wconf 81' lang='lat' dir='ltr'><strong>quae</strong></span> <span class='ocrx_word' id='word_1_132' title='bbox 463 1379 597 1404; x_wconf 88' lang='lat' dir='ltr'><strong>nunc</strong></span> <span class='ocrx_word' id='word_1_133' title='bbox 626 1365 887 1413; x_wconf 84' lang='lat' dir='ltr'><strong>dicuntur,</strong></span> <span class='ocrx_word' id='word_1_134' title='bbox 914 1367 991 1404; x_wconf 85' lang='lat' dir='ltr'><strong>nisi</strong></span> <span class='ocrx_word' id='word_1_135' title='bbox 1010 1373 1150 1407; x_wconf 83' lang='lat' dir='ltr'><strong>contra</strong></span> <span class='ocrx_word' id='word_1_136' title='bbox 1166 1373 1288 1406; x_wconf 84' lang='lat' dir='ltr'><strong>staret</strong></span> <span class='ocrx_word' id='word_1_137' title='bbox 1308 1366 1534 1405; x_wconf 86' lang='lat' dir='ltr'><strong>Alexan-</strong></span> 
     </span>
     <span class='ocr_line' id='line_1_16' title="bbox 99 1428 1537 1488; baseline 0.002 -19"><span class='ocrx_word' id='word_1_138' title='bbox 99 1430 193 1470; x_wconf 86' lang='lat' dir='ltr'><strong><em>der</em></strong></span> <span class='ocrx_word' id='word_1_139' title='bbox 220 1431 292 1471; x_wconf 84' lang='lat' dir='ltr'><strong>fol.</strong></span> <span class='ocrx_word' id='word_1_140' title='bbox 319 1435 387 1479; x_wconf 87' lang='lat'><strong><em>80,</em></strong></span> <span class='ocrx_word' id='word_1_141' title='bbox 411 1446 457 1471; x_wconf 85' lang='lat' dir='ltr'><strong><em>a:</em></strong></span> <span class='ocrx_word' id='word_1_142' title='bbox 496 1430 541 1472; x_wconf 69' lang='grc' dir='ltr'><strong><em>ἐκ</em></strong></span> <span class='ocrx_word' id='word_1_143' title='bbox 568 1434 651 1472; x_wconf 78' lang='grc' dir='ltr'><strong><em>τῶν</em></strong></span> <span class='ocrx_word' id='word_1_144' title='bbox 678 1434 750 1472; x_wconf 83' lang='grc' dir='ltr'><strong><em>νῦν</em></strong></span> <span class='ocrx_word' id='word_1_145' title='bbox 781 1429 1011 1473; x_wconf 76' lang='grc' dir='ltr'><strong><em>δοκούντων</em></strong></span> <span class='ocrx_word' id='word_1_146' title='bbox 1038 1448 1080 1473; x_wconf 90' lang='grc' dir='ltr'><strong><em>τε</em></strong></span> <span class='ocrx_word' id='word_1_147' title='bbox 1109 1432 1176 1474; x_wconf 84' lang='grc' dir='ltr'><strong><em>καὶ</em></strong></span> <span class='ocrx_word' id='word_1_148' title='bbox 1205 1430 1460 1488; x_wconf 78' lang='grc' dir='ltr'><strong><em>φαινομένων</em></strong></span> <span class='ocrx_word' id='word_1_149' title='bbox 1487 1428 1537 1485; x_wconf 74' lang='grc' dir='ltr'><strong><em>ἧ-</em></strong></span> 
     </span>
     <span class='ocr_line' id='line_1_17' title="bbox 98 1494 1536 1554; baseline 0.002 -17"><span class='ocrx_word' id='word_1_150' title='bbox 98 1501 182 1548; x_wconf 86' lang='grc' dir='ltr'><strong><em>μῒν,</em></strong></span> <span class='ocrx_word' id='word_1_151' title='bbox 213 1494 346 1545; x_wconf 75' lang='grc' dir='ltr'><strong><em>οὕτως</em></strong></span> <span class='ocrx_word' id='word_1_152' title='bbox 372 1494 575 1551; x_wconf 80' lang='grc' dir='ltr'><strong><em>ὖπολάβοι</em></strong></span> <span class='ocrx_word' id='word_1_153' title='bbox 603 1514 665 1546; x_wconf 85' lang='grc' dir='ltr'><strong><em>τις</em></strong></span> <span class='ocrx_word' id='word_1_154' title='bbox 694 1497 794 1551; x_wconf 64' lang='grc' dir='ltr'><strong><em>ἔχειν</em></strong></span> <span class='ocrx_word' id='word_1_155' title='bbox 822 1498 875 1540; x_wconf 84' lang='grc' dir='ltr'><strong><em>τὰ</em></strong></span> <span class='ocrx_word' id='word_1_156' title='bbox 897 1498 981 1541; x_wconf 81' lang='grc' dir='ltr'><strong><em>κατ’</em></strong></span> <span class='ocrx_word' id='word_1_157' title='bbox 1006 1498 1123 1551; x_wconf 80' lang='grc' dir='ltr'><strong><em>αὗτὰ,</em></strong></span> <span class='ocrx_word' id='word_1_158' title='bbox 1152 1498 1178 1553; x_wconf 76' lang='grc' dir='ltr'>ἢ</span> <span class='ocrx_word' id='word_1_159' title='bbox 1206 1499 1251 1541; x_wconf 77' lang='grc' dir='ltr'><strong><em>ἐκ</em></strong></span> <span class='ocrx_word' id='word_1_160' title='bbox 1278 1503 1360 1541; x_wconf 86' lang='grc' dir='ltr'><strong><em>τῶν</em></strong></span> <span class='ocrx_word' id='word_1_161' title='bbox 1389 1515 1536 1554; x_wconf 83' lang='grc' dir='ltr'><strong><em>φαινο-</em></strong></span> 
     </span>
     <span class='ocr_line' id='line_1_18' title="bbox 98 1562 1535 1621; baseline 0.003 -17"><span class='ocrx_word' id='word_1_162' title='bbox 98 1563 232 1616; x_wconf 80' lang='grc' dir='ltr'><strong><em>με’νων</em></strong></span> <span class='ocrx_word' id='word_1_163' title='bbox 263 1580 306 1605; x_wconf 85' lang='grc' dir='ltr'><strong><em>τε</em></strong></span> <span class='ocrx_word' id='word_1_164' title='bbox 334 1565 402 1605; x_wconf 83' lang='grc' dir='ltr'><strong><em>ταὶ</em></strong></span> <span class='ocrx_word' id='word_1_165' title='bbox 432 1562 647 1621; x_wconf 78' lang='grc' dir='ltr'><strong><em>ὁρωμένων</em></strong></span> <span class='ocrx_word' id='word_1_166' title='bbox 675 1566 766 1621; x_wconf 82' lang='grc' dir='ltr'><strong><em>περὶ</em></strong></span> <span class='ocrx_word' id='word_1_167' title='bbox 795 1565 928 1608; x_wconf 73' lang='grc' dir='ltr'><strong><em>αὐτῶν</em></strong></span> <span class='ocrx_word' id='word_1_168' title='bbox 960 1565 1091 1615; x_wconf 71' lang='grc' dir='ltr'><strong><em>οὕτως</em></strong></span> <span class='ocrx_word' id='word_1_169' title='bbox 1120 1565 1170 1608; x_wconf 76' lang='grc' dir='ltr'><strong><em>ἂν</em></strong></span> <span class='ocrx_word' id='word_1_170' title='bbox 1198 1563 1395 1619; x_wconf 73' lang='grc' dir='ltr'><strong><em>ὕπολάβει</em></strong></span> <span class='ocrx_word' id='word_1_171' title='bbox 1433 1566 1535 1621; x_wconf 87' lang='lat' dir='ltr'><strong>(scr.</strong></span> 
     </span>
     <span class='ocr_line' id='line_1_19' title="bbox 100 1628 1538 1689; baseline 0.003 -17"><span class='ocrx_word' id='word_1_172' title='bbox 100 1628 320 1686; x_wconf 72' lang='grc' dir='ltr'><strong><em>ὑπολάβοι)</em></strong></span> <span class='ocrx_word' id='word_1_173' title='bbox 348 1648 410 1682; x_wconf 85' lang='grc' dir='ltr'><strong><em>τις</em></strong></span> <span class='ocrx_word' id='word_1_174' title='bbox 437 1634 622 1687; x_wconf 72' lang='grc' dir='ltr'><strong><em>γίνεσθαι</em></strong></span> <span class='ocrx_word' id='word_1_175' title='bbox 650 1632 704 1674; x_wconf 86' lang='grc' dir='ltr'><strong><em>τὰ</em></strong></span> <span class='ocrx_word' id='word_1_176' title='bbox 730 1631 815 1675; x_wconf 78' lang='grc' dir='ltr'><strong><em>κατ’</em></strong></span> <span class='ocrx_word' id='word_1_177' title='bbox 850 1631 970 1675; x_wconf 77' lang='grc' dir='ltr'><strong><em>αὐτά.</em></strong></span> <span class='ocrx_word' id='word_1_178' title='bbox 1021 1636 1143 1676; x_wconf 86' lang='lat' dir='ltr'><strong>Adde</strong></span> <span class='ocrx_word' id='word_1_179' title='bbox 1170 1636 1538 1689; x_wconf 78' lang='lat' dir='ltr'><strong>Olympiodor-</strong></span> 
     </span>
     <span class='ocr_line' id='line_1_20' title="bbox 101 1697 1540 1758; baseline 0.001 -17"><span class='ocrx_word' id='word_1_180' title='bbox 101 1701 173 1741; x_wconf 81' lang='lat' dir='ltr'><strong>fol.</strong></span> <span class='ocrx_word' id='word_1_181' title='bbox 192 1701 256 1751; x_wconf 81' lang='lat'><strong>14,</strong></span> <span class='ocrx_word' id='word_1_182' title='bbox 276 1715 320 1741; x_wconf 81' lang='lat' dir='ltr'><strong><em>a:</em></strong></span> <span class='ocrx_word' id='word_1_183' title='bbox 359 1697 607 1753; x_wconf 78' lang='grc' dir='ltr'><strong><em>ἣάπόδειξις</em></strong></span> <span class='ocrx_word' id='word_1_184' title='bbox 634 1698 683 1741; x_wconf 75' lang='grc' dir='ltr'><strong><em>ἂν</em></strong></span> <span class='ocrx_word' id='word_1_185' title='bbox 706 1699 784 1756; x_wconf 78' lang='grc' dir='ltr'><strong><em>γάρ</em></strong></span> <span class='ocrx_word' id='word_1_186' title='bbox 814 1714 915 1757; x_wconf 86' lang='grc' dir='ltr'><strong><em>φησι</em></strong></span> <span class='ocrx_word' id='word_1_187' title='bbox 945 1701 1012 1742; x_wconf 79' lang='grc' dir='ltr'><strong><em>καὶ</em></strong></span> <span class='ocrx_word' id='word_1_188' title='bbox 1041 1700 1105 1742; x_wconf 72' lang='grc' dir='ltr'><strong><em>ἐπὶ</em></strong></span> <span class='ocrx_word' id='word_1_189' title='bbox 1134 1705 1216 1744; x_wconf 82' lang='grc' dir='ltr'><strong><em>τῶν</em></strong></span> <span class='ocrx_word' id='word_1_190' title='bbox 1244 1706 1316 1744; x_wconf 78' lang='grc' dir='ltr'><strong><em>νῦν</em></strong></span> <span class='ocrx_word' id='word_1_191' title='bbox 1343 1701 1540 1758; x_wconf 75' lang='grc' dir='ltr'><strong><em>φαινομέ-</em></strong></span> 
     </span>
     <span class='ocr_line' id='line_1_21' title="bbox 103 1765 1541 1824; baseline 0.003 -17"><span class='ocrx_word' id='word_1_192' title='bbox 103 1782 205 1818; x_wconf 89' lang='grc' dir='ltr'><strong><em>νων,</em></strong></span> <span class='ocrx_word' id='word_1_193' title='bbox 246 1766 430 1809; x_wconf 77' lang='grc' dir='ltr'><strong><em>τουτέστι</em></strong></span> <span class='ocrx_word' id='word_1_194' title='bbox 457 1771 532 1809; x_wconf 82' lang='grc' dir='ltr'><strong><em>τοῧ</em></strong></span> <span class='ocrx_word' id='word_1_195' title='bbox 569 1766 749 1822; x_wconf 81' lang='grc' dir='ltr'><strong><em>κομήτου</em></strong></span> <span class='ocrx_word' id='word_1_196' title='bbox 790 1765 942 1822; x_wconf 80' lang='grc' dir='ltr'><strong><em>ὁμοίως</em></strong></span> <span class='ocrx_word' id='word_1_197' title='bbox 968 1785 1030 1818; x_wconf 87' lang='grc' dir='ltr'><strong><em>τις</em></strong></span> <span class='ocrx_word' id='word_1_198' title='bbox 1058 1766 1262 1823; x_wconf 74' lang='grc' dir='ltr'><strong><em>ὗπολάβοι.</em></strong></span> <span class='ocrx_word' id='word_1_199' title='bbox 1271 1802 1286 1821; x_wconf 88' lang='lat'><strong>,</strong></span> <span class='ocrx_word' id='word_1_200' title='bbox 1328 1771 1541 1824; x_wconf 76' lang='grc' dir='ltr'><strong><em>συμβαίνει</em></strong></span> 
     </span>
     <span class='ocr_line' id='line_1_22' title="bbox 104 1832 1540 1890; baseline 0.004 -16"><span class='ocrx_word' id='word_1_201' title='bbox 104 1834 171 1874; x_wconf 82' lang='grc' dir='ltr'><strong><em>καὶ</em></strong></span> <span class='ocrx_word' id='word_1_202' title='bbox 200 1834 290 1890; x_wconf 81' lang='grc' dir='ltr'><strong><em>περὶ</em></strong></span> <span class='ocrx_word' id='word_1_203' title='bbox 318 1833 466 1877; x_wconf 81' lang='grc' dir='ltr'><strong><em>τούτου</em></strong></span> <span class='ocrx_word' id='word_1_204' title='bbox 496 1832 648 1889; x_wconf 82' lang='grc' dir='ltr'><strong><em>ὁμοίως</em></strong></span> <span class='ocrx_word' id='word_1_205' title='bbox 678 1833 787 1890; x_wconf 75' lang='grc' dir='ltr'><strong><em>ἡμᾶς</em></strong></span> <span class='ocrx_word' id='word_1_206' title='bbox 813 1833 1138 1890; x_wconf 72' lang='grc' dir='ltr'><strong><em>ὑπολαμβάνειν,</em></strong></span> <span class='ocrx_word' id='word_1_207' title='bbox 1180 1836 1243 1879; x_wconf 89' lang='grc' dir='ltr'><strong><em>ὅτι</em></strong></span> <span class='ocrx_word' id='word_1_208' title='bbox 1273 1836 1404 1887; x_wconf 70' lang='grc' dir='ltr'><strong><em>οὕτως</em></strong></span> <span class='ocrx_word' id='word_1_209' title='bbox 1432 1838 1540 1880; x_wconf 74' lang='grc' dir='ltr'><strong><em>ἐστὶν</em></strong></span> 
     </span>
     <span class='ocr_line' id='line_1_23' title="bbox 103 1897 1542 1960; baseline 0.003 -19"><span class='ocrx_word' id='word_1_210' title='bbox 103 1897 129 1954; x_wconf 75' lang='grc' dir='ltr'>ἡ</span> <span class='ocrx_word' id='word_1_211' title='bbox 157 1900 307 1955; x_wconf 78' lang='grc' dir='ltr'><strong><em>γένεσις</em></strong></span> <span class='ocrx_word' id='word_1_212' title='bbox 335 1901 517 1957; x_wconf 80' lang='grc' dir='ltr'><strong><em>κομήτου</em></strong></span> <span class='ocrx_word' id='word_1_213' title='bbox 546 1904 612 1944; x_wconf 80' lang='grc' dir='ltr'><strong><em>καὶ</em></strong></span> <span class='ocrx_word' id='word_1_214' title='bbox 643 1902 718 1945; x_wconf 74' lang='grc' dir='ltr'><strong><em>οὐκ</em></strong></span> <span class='ocrx_word' id='word_1_215' title='bbox 745 1902 899 1953; x_wconf 73' lang='grc' dir='ltr'><strong><em>ἄλλως·</em></strong></span> <span class='ocrx_word' id='word_1_216' title='bbox 940 1903 1059 1946; x_wconf 73' lang='grc' dir='ltr'><strong><em>οὐδὲν</em></strong></span> <span class='ocrx_word' id='word_1_217' title='bbox 1094 1903 1171 1960; x_wconf 79' lang='grc' dir='ltr'><strong><em>γὰρ</em></strong></span> <span class='ocrx_word' id='word_1_218' title='bbox 1210 1904 1414 1948; x_wconf 77' lang='grc' dir='ltr'><strong><em>ἀδύνατον</em></strong></span> <span class='ocrx_word' id='word_1_219' title='bbox 1452 1911 1542 1955; x_wconf 81' lang='grc' dir='ltr'><strong><em>ταῖς</em></strong></span> 
     </span>
     <span class='ocr_line' id='line_1_24' title="bbox 102 1964 1542 2029; baseline 0.006 -21"><span class='ocrx_word' id='word_1_220' title='bbox 102 1964 347 2011; x_wconf 71' lang='grc' dir='ltr'><strong><em>ὓποθέσεσιν</em></strong></span> <span class='ocrx_word' id='word_1_221' title='bbox 375 1968 502 2012; x_wconf 76' lang='grc' dir='ltr'><strong><em>αὐτοῦ</em></strong></span> <span class='ocrx_word' id='word_1_222' title='bbox 523 1969 671 2013; x_wconf 68' lang='grc' dir='ltr'><strong><em>ἕπεται.</em></strong></span> <span class='ocrx_word' id='word_1_223' title='bbox 701 1969 862 2013; x_wconf 73' lang='lat' dir='ltr'><strong>Philo·</strong></span> <span class='ocrx_word' id='word_1_224' title='bbox 866 1988 903 2026; x_wconf 88' lang='lat' dir='ltr'><strong><em>p.</em></strong></span> <span class='ocrx_word' id='word_1_225' title='bbox 928 1975 999 2014; x_wconf 89' lang='lat' dir='ltr'><strong>fol.</strong></span> <span class='ocrx_word' id='word_1_226' title='bbox 1022 1978 1086 2024; x_wconf 83' lang='lat'><strong>97,</strong></span> <span class='ocrx_word' id='word_1_227' title='bbox 1109 1976 1156 2014; x_wconf 82' lang='lat' dir='ltr'><strong><em>b:</em></strong></span> <span class='ocrx_word' id='word_1_228' title='bbox 1186 1974 1222 2015; x_wconf 83' lang='grc' dir='ltr'><strong><em>εἷ</em></strong></span> <span class='ocrx_word' id='word_1_229' title='bbox 1242 1968 1315 2015; x_wconf 74' lang='grc' dir='ltr'><strong><em>οὗν</em></strong></span> <span class='ocrx_word' id='word_1_230' title='bbox 1335 1978 1457 2016; x_wconf 79' lang='grc' dir='ltr'><strong><em>τοῦτο</em></strong></span> <span class='ocrx_word' id='word_1_231' title='bbox 1477 1974 1542 2029; x_wconf 81' lang='grc' dir='ltr'><strong><em>γε’-</em></strong></span> 
     </span>
     <span class='ocr_line' id='line_1_25' title="bbox 104 2036 1543 2096; baseline 0.004 -20"><span class='ocrx_word' id='word_1_232' title='bbox 104 2051 237 2087; x_wconf 83' lang='grc' dir='ltr'><strong><em>νοιτο,</em></strong></span> <span class='ocrx_word' id='word_1_233' title='bbox 277 2039 554 2091; x_wconf 80' lang='grc' dir='ltr'><strong><em>συμβαίνοντα</em></strong></span> <span class='ocrx_word' id='word_1_234' title='bbox 582 2044 669 2087; x_wconf 80' lang='grc' dir='ltr'><strong><em>τοῖς</em></strong></span> <span class='ocrx_word' id='word_1_235' title='bbox 697 2036 956 2095; x_wconf 75' lang='grc' dir='ltr'><strong><em>φαινομένοις</em></strong></span> <span class='ocrx_word' id='word_1_236' title='bbox 986 2040 1172 2094; x_wconf 77' lang='grc' dir='ltr'><strong><em>λε’ξομεν,</em></strong></span> <span class='ocrx_word' id='word_1_237' title='bbox 1208 2058 1261 2083; x_wconf 87' lang='lat' dir='ltr'><strong>ne</strong></span> <span class='ocrx_word' id='word_1_238' title='bbox 1287 2045 1444 2096; x_wconf 86' lang='lat' dir='ltr'><strong>reliqua</strong></span> <span class='ocrx_word' id='word_1_239' title='bbox 1481 2045 1543 2083; x_wconf 90' lang='lat' dir='ltr'><strong><em>af—</em></strong></span> 
     </span>
     <span class='ocr_line' id='line_1_26' title="bbox 105 2105 1546 2162; baseline 0.006 -20"><span class='ocrx_word' id='word_1_240' title='bbox 105 2105 230 2144; x_wconf 79' lang='lat' dir='ltr'><strong>feram</strong></span> <span class='ocrx_word' id='word_1_241' title='bbox 250 2108 388 2147; x_wconf 81' lang='lat' dir='ltr'><strong>verba.</strong></span> <span class='ocrx_word' id='word_1_242' title='bbox 423 2105 646 2160; x_wconf 76' lang='grc' dir='ltr'><strong><em>λεγομένων</em></strong></span> <span class='ocrx_word' id='word_1_243' title='bbox 661 2116 801 2161; x_wconf 86' lang='lat' dir='ltr'><strong>aperte</strong></span> <span class='ocrx_word' id='word_1_244' title='bbox 815 2111 1012 2162; x_wconf 80' lang='lat' dir='ltr'><strong>glossema</strong></span> <span class='ocrx_word' id='word_1_245' title='bbox 1029 2118 1101 2150; x_wconf 85' lang='lat' dir='ltr'><strong>est.</strong></span> <span class='ocrx_word' id='word_1_246' title='bbox 1118 2132 1174 2138; x_wconf 88' lang='lat'><strong><em>—-</em></strong></span> <span class='ocrx_word' id='word_1_247' title='bbox 1203 2113 1418 2151; x_wconf 87' lang='lat' dir='ltr'><strong>Caeterum</strong></span> <span class='ocrx_word' id='word_1_248' title='bbox 1438 2113 1546 2150; x_wconf 86' lang='lat' dir='ltr'><strong>inter</strong></span> 
     </span>
     <span class='ocr_line' id='line_1_27' title="bbox 108 2173 1560 2230; baseline 0.007 -22"><span class='ocrx_word' id='word_1_249' title='bbox 108 2173 394 2223; x_wconf 80' lang='lat' dir='ltr'><strong>explicationes</strong></span> <span class='ocrx_word' id='word_1_250' title='bbox 416 2176 466 2213; x_wconf 82' lang='lat' dir='ltr'><strong><em>ab</em></strong></span> <span class='ocrx_word' id='word_1_251' title='bbox 488 2176 818 2225; x_wconf 85' lang='lat' dir='ltr'><strong>interpretatibus</strong></span> <span class='ocrx_word' id='word_1_252' title='bbox 841 2178 1007 2226; x_wconf 85' lang='lat' dir='ltr'><strong>adlatas,</strong></span> <span class='ocrx_word' id='word_1_253' title='bbox 1045 2180 1175 2230; x_wconf 90' lang='lat' dir='ltr'><strong>placet</strong></span> <span class='ocrx_word' id='word_1_254' title='bbox 1198 2180 1398 2230; x_wconf 87' lang='lat' dir='ltr'><strong>posterior</strong></span> <span class='ocrx_word' id='word_1_255' title='bbox 1421 2180 1560 2218; x_wconf 85' lang='lat' dir='ltr'><strong>Ale-·</strong></span> 
     </span>
     <span class='ocr_line' id='line_1_28' title="bbox 106 2237 1546 2296; baseline 0.007 -21"><span class='ocrx_word' id='word_1_256' title='bbox 106 2239 254 2277; x_wconf 84' lang='lat' dir='ltr'><strong>xandri</strong></span> <span class='ocrx_word' id='word_1_257' title='bbox 280 2241 399 2280; x_wconf 79' lang='lat' dir='ltr'><strong>ratio.</strong></span> <span class='ocrx_word' id='word_1_258' title='bbox 431 2264 483 2271; x_wconf 90' lang='lat'><strong><em>-—</em></strong></span> <span class='ocrx_word' id='word_1_259' title='bbox 512 2237 718 2282; x_wconf 67' lang='grc' dir='ltr'><strong><em>ὑπόκειται</em></strong></span> <span class='ocrx_word' id='word_1_260' title='bbox 746 2239 854 2295; x_wconf 74' lang='grc' dir='ltr'><strong><em>ἣμῖν.</em></strong></span> <span class='ocrx_word' id='word_1_261' title='bbox 899 2246 1046 2284; x_wconf 80' lang='lat' dir='ltr'><strong>Verte:</strong></span> <span class='ocrx_word' id='word_1_262' title='bbox 1077 2255 1139 2284; x_wconf 77' lang='lat' dir='ltr'><strong>est</strong></span> <span class='ocrx_word' id='word_1_263' title='bbox 1159 2247 1237 2284; x_wconf 76' lang='lat' dir='ltr'><strong><em>illa</em></strong></span> <span class='ocrx_word' id='word_1_264' title='bbox 1256 2249 1358 2296; x_wconf 80' lang='lat' dir='ltr'><strong>ipsa</strong></span> <span class='ocrx_word' id='word_1_265' title='bbox 1378 2261 1464 2296; x_wconf 68' lang='lat' dir='ltr'><strong>reS,</strong></span> <span class='ocrx_word' id='word_1_266' title='bbox 1496 2248 1546 2285; x_wconf 84' lang='lat' dir='ltr'><strong>de</strong></span> 
     </span>
     <span class='ocr_line' id='line_1_29' title="bbox 110 2306 1548 2365; baseline 0.007 -22"><span class='ocrx_word' id='word_1_267' title='bbox 110 2318 198 2356; x_wconf 82' lang='lat' dir='ltr'><strong><em>qua</em></strong></span> <span class='ocrx_word' id='word_1_268' title='bbox 218 2306 340 2345; x_wconf 79' lang='lat' dir='ltr'><strong>nobis</strong></span> <span class='ocrx_word' id='word_1_269' title='bbox 362 2311 521 2360; x_wconf 79' lang='lat' dir='ltr'><strong>agitur.</strong></span> <span class='ocrx_word' id='word_1_270' title='bbox 577 2311 668 2348; x_wconf 91' lang='lat' dir='ltr'><strong><em>Hoc</em></strong></span> <span class='ocrx_word' id='word_1_271' title='bbox 684 2312 792 2350; x_wconf 87' lang='lat' dir='ltr'><strong>enim</strong></span> <span class='ocrx_word' id='word_1_272' title='bbox 808 2325 925 2350; x_wconf 82' lang='lat' dir='ltr'><strong>sensu</strong></span> <span class='ocrx_word' id='word_1_273' title='bbox 941 2314 1128 2364; x_wconf 80' lang='lat' dir='ltr'><strong>usurpari</strong></span> <span class='ocrx_word' id='word_1_274' title='bbox 1149 2315 1251 2352; x_wconf 82' lang='lat' dir='ltr'><strong>solet</strong></span> <span class='ocrx_word' id='word_1_275' title='bbox 1269 2310 1316 2352; x_wconf 85' lang='grc' dir='ltr'><strong><em>τὸ</em></strong></span> <span class='ocrx_word' id='word_1_276' title='bbox 1335 2308 1548 2365; x_wconf 74' lang='grc' dir='ltr'><strong><em>ὑποκείμε-</em></strong></span> 
     </span>
     <span class='ocr_line' id='line_1_30' title="bbox 110 2373 1549 2434; baseline 0.008 -24"><span class='ocrx_word' id='word_1_277' title='bbox 110 2386 194 2411; x_wconf 92' lang='grc' dir='ltr'><strong><em>νον.</em></strong></span> <span class='ocrx_word' id='word_1_278' title='bbox 233 2373 408 2414; x_wconf 72' lang='lat' dir='ltr'><strong>Rhetor.</strong></span> <span class='ocrx_word' id='word_1_279' title='bbox 432 2378 470 2424; x_wconf 92' lang='lat' dir='ltr'><strong>I,</strong></span> <span class='ocrx_word' id='word_1_280' title='bbox 492 2377 528 2415; x_wconf 90' lang='lat'><strong>1.</strong></span> <span class='ocrx_word' id='word_1_281' title='bbox 558 2390 598 2428; x_wconf 90' lang='lat' dir='ltr'><strong>p.</strong></span> <span class='ocrx_word' id='word_1_282' title='bbox 617 2380 745 2427; x_wconf 85' lang='lat'><strong>1355,</strong></span> <span class='ocrx_word' id='word_1_283' title='bbox 763 2392 805 2417; x_wconf 78' lang='lat' dir='ltr'><strong><em>a:</em></strong></span> <span class='ocrx_word' id='word_1_284' title='bbox 835 2376 888 2418; x_wconf 81' lang='grc' dir='ltr'><strong><em>τὰ</em></strong></span> <span class='ocrx_word' id='word_1_285' title='bbox 905 2374 1146 2430; x_wconf 68' lang='grc' dir='ltr'><strong><em>ὑποκείμενα</em></strong></span> <span class='ocrx_word' id='word_1_286' title='bbox 1163 2377 1384 2434; x_wconf 80' lang='grc' dir='ltr'><strong><em>πράγματα</em></strong></span> <span class='ocrx_word' id='word_1_287' title='bbox 1403 2388 1444 2420; x_wconf 86' lang='lat' dir='ltr'><strong>et</strong></span> <span class='ocrx_word' id='word_1_288' title='bbox 1461 2396 1549 2421; x_wconf 75' lang='lat' dir='ltr'><strong>sae-</strong></span> 
     </span>
     <span class='ocr_line' id='line_1_31' title="bbox 109 2440 1548 2500; baseline 0.007 -23"><span class='ocrx_word' id='word_1_289' title='bbox 109 2440 210 2491; x_wconf 88' lang='lat' dir='ltr'><strong>pius,</strong></span> <span class='ocrx_word' id='word_1_290' title='bbox 241 2446 285 2478; x_wconf 89' lang='lat' dir='ltr'><strong><em>ut</em></strong></span> <span class='ocrx_word' id='word_1_291' title='bbox 301 2441 410 2492; x_wconf 86' lang='lat' dir='ltr'><strong>apud</strong></span> <span class='ocrx_word' id='word_1_292' title='bbox 429 2442 763 2495; x_wconf 87' lang='lat' dir='ltr'><strong>Theophrast.</strong></span> <span class='ocrx_word' id='word_1_293' title='bbox 781 2447 830 2484; x_wconf 83' lang='lat' dir='ltr'><strong>de</strong></span> <span class='ocrx_word' id='word_1_294' title='bbox 848 2459 983 2485; x_wconf 67' lang='lat' dir='ltr'><strong>cauas.</strong></span> <span class='ocrx_word' id='word_1_295' title='bbox 998 2448 1191 2497; x_wconf 81' lang='lat' dir='ltr'><strong>plantar.</strong></span> <span class='ocrx_word' id='word_1_296' title='bbox 1201 2450 1274 2497; x_wconf 90' lang='lat' dir='ltr'><strong>VI,</strong></span> <span class='ocrx_word' id='word_1_297' title='bbox 1286 2450 1322 2497; x_wconf 90' lang='lat'><strong>5,</strong></span> <span class='ocrx_word' id='word_1_298' title='bbox 1336 2450 1374 2488; x_wconf 84' lang='lat'><strong>5.</strong></span> <span class='ocrx_word' id='word_1_299' title='bbox 1392 2463 1432 2500; x_wconf 89' lang='lat' dir='ltr'><strong>p.</strong></span> <span class='ocrx_word' id='word_1_300' title='bbox 1446 2449 1548 2489; x_wconf 80' lang='lat'>594:</span> 
     </span>
     <span class='ocr_line' id='line_1_32' title="bbox 112 2502 1548 2568; baseline 0.009 -24"><span class='ocrx_word' id='word_1_301' title='bbox 112 2502 216 2545; x_wconf 76' lang='grc' dir='ltr'><strong><em>ἄλλα</em></strong></span> <span class='ocrx_word' id='word_1_302' title='bbox 245 2502 320 2560; x_wconf 76' lang='grc' dir='ltr'><strong><em>γὰρ</em></strong></span> <span class='ocrx_word' id='word_1_303' title='bbox 348 2510 477 2548; x_wconf 82' lang='grc' dir='ltr'><strong><em>ταῦτα</em></strong></span> <span class='ocrx_word' id='word_1_304' title='bbox 505 2508 580 2561; x_wconf 77' lang='grc' dir='ltr'><strong><em>μὲν</em></strong></span> <span class='ocrx_word' id='word_1_305' title='bbox 609 2508 708 2558; x_wconf 84' lang='grc' dir='ltr'><strong><em>ι’σως</em></strong></span> <span class='ocrx_word' id='word_1_306' title='bbox 738 2509 801 2550; x_wconf 70' lang='grc' dir='ltr'><strong><em>ἐπὶ</em></strong></span> <span class='ocrx_word' id='word_1_307' title='bbox 832 2510 954 2552; x_wconf 78' lang='grc' dir='ltr'><strong><em>πλέον</em></strong></span> <span class='ocrx_word' id='word_1_308' title='bbox 982 2511 1137 2566; x_wconf 72' lang='grc' dir='ltr'><strong><em>εἴρηται</em></strong></span> <span class='ocrx_word' id='word_1_309' title='bbox 1166 2517 1247 2554; x_wconf 84' lang='grc' dir='ltr'><strong><em>τῶν</em></strong></span> <span class='ocrx_word' id='word_1_310' title='bbox 1264 2511 1548 2568; x_wconf 74' lang='grc' dir='ltr'><strong><em>υποκειμένων.</em></strong></span> 
     </span>
    </p>
   </div>
   <div class='ocr_carea' id='block_1_3' title="bbox 111 2573 1547 2637">
    <p class='ocr_par' dir='ltr' id='par_1_3' title="bbox 111 2573 1547 2637">
     <span class='ocr_line' id='line_1_33' title="bbox 111 2573 1547 2637; baseline 0.009 -25"><span class='ocrx_word' id='word_1_311' title='bbox 111 2573 231 2613; x_wconf 88' lang='lat' dir='ltr'><strong>Adde</strong></span> <span class='ocrx_word' id='word_1_312' title='bbox 260 2576 371 2615; x_wconf 90' lang='lat' dir='ltr'><strong>Zell</strong></span> <span class='ocrx_word' id='word_1_313' title='bbox 400 2577 451 2615; x_wconf 92' lang='lat' dir='ltr'><strong><em>ad</em></strong></span> <span class='ocrx_word' id='word_1_314' title='bbox 480 2578 694 2617; x_wconf 85' lang='lat' dir='ltr'><strong>Aristot.</strong></span> <span class='ocrx_word' id='word_1_315' title='bbox 727 2580 871 2619; x_wconf 75' lang='lat' dir='ltr'><strong>Etkic.</strong></span> <span class='ocrx_word' id='word_1_316' title='bbox 896 2582 1152 2637; x_wconf 69' lang='lat' dir='ltr'><strong>Nic-emach.</strong></span> <span class='ocrx_word' id='word_1_317' title='bbox 1171 2586 1220 2633; x_wconf 89' lang='lat' dir='ltr'><strong><em>H,</em></strong></span> <span class='ocrx_word' id='word_1_318' title='bbox 1236 2588 1274 2633; x_wconf 86' lang='lat'><strong>2,</strong></span> <span class='ocrx_word' id='word_1_319' title='bbox 1292 2588 1331 2624; x_wconf 91' lang='grc'><strong><em>2.</em></strong></span> <span class='ocrx_word' id='word_1_320' title='bbox 1353 2599 1395 2637; x_wconf 90' lang='lat' dir='ltr'><strong>p.</strong></span> <span class='ocrx_word' id='word_1_321' title='bbox 1409 2589 1476 2624; x_wconf 88' lang='grc'><strong><em>63.</em></strong></span> <span class='ocrx_word' id='word_1_322' title='bbox 1497 2609 1547 2614; x_wconf 91' lang='lat'><strong><em>--</em></strong></span> 
     </span>
    </p>
   </div>
   <div class='ocr_carea' id='block_1_4' title="bbox 112 2638 997 2735">
    <p class='ocr_par' dir='ltr' id='par_1_4' title="bbox 112 2638 997 2735">
     <span class='ocr_line' id='line_1_34' title="bbox 112 2638 997 2698; baseline 0.01 -20"><span class='ocrx_word' id='word_1_323' title='bbox 112 2640 216 2678; x_wconf 83' lang='lat' dir='ltr'><strong><em>Mox</em></strong></span> <span class='ocrx_word' id='word_1_324' title='bbox 242 2638 353 2681; x_wconf 70' lang='grc' dir='ltr'><strong><em>ἔσται</em></strong></span> <span class='ocrx_word' id='word_1_325' title='bbox 382 2658 459 2695; x_wconf 91' lang='lat' dir='ltr'><strong>pro</strong></span> <span class='ocrx_word' id='word_1_326' title='bbox 489 2642 573 2683; x_wconf 76' lang='grc' dir='ltr'><strong><em>ἐστι</em></strong></span> <span class='ocrx_word' id='word_1_327' title='bbox 602 2646 654 2683; x_wconf 92' lang='grc' dir='ltr'><strong><em>Ν.</em></strong></span> <span class='ocrx_word' id='word_1_328' title='bbox 672 2653 712 2684; x_wconf 87' lang='lat' dir='ltr'><strong>et</strong></span> <span class='ocrx_word' id='word_1_329' title='bbox 730 2661 791 2698; x_wconf 93' lang='lat' dir='ltr'><strong><em>pr.</em></strong></span> <span class='ocrx_word' id='word_1_330' title='bbox 813 2651 997 2687; x_wconf 87' lang='lat' dir='ltr'><strong>manuF.</strong></span> 
     </span>
     <span class='ocr_line' id='line_1_35' title="bbox 228 2713 250 2735; baseline 0 -1"><span class='ocrx_word' id='word_1_331' title='bbox 228 2713 250 2735; x_wconf 70' lang='grc' dir='ltr'><em>η</em></span> 
     </span>
    </p>
   </div>
   <div class='ocr_carea' id='block_1_5' title="bbox 114 2706 1579 2906">
    <p class='ocr_par' dir='ltr' id='par_1_5' title="bbox 114 2706 1579 2906">
     <span class='ocr_line' id='line_1_36' title="bbox 225 2706 1579 2768; baseline 0.01 -21"><span class='ocrx_word' id='word_1_332' title='bbox 225 2737 265 2748; x_wconf 77' lang='grc'><strong><em>...</em></strong></span> <span class='ocrx_word' id='word_1_333' title='bbox 295 2706 398 2762; x_wconf 76' lang='grc' dir='ltr'><strong><em>αὐτη</em></strong></span> <span class='ocrx_word' id='word_1_334' title='bbox 425 2709 472 2750; x_wconf 78' lang='grc' dir='ltr'><strong><em>δέ</em></strong></span> <span class='ocrx_word' id='word_1_335' title='bbox 488 2713 677 2752; x_wconf 86' lang='lat' dir='ltr'><strong>omittunt</strong></span> <span class='ocrx_word' id='word_1_336' title='bbox 697 2714 745 2752; x_wconf 89' lang='lat' dir='ltr'><strong><em>A.</em></strong></span> <span class='ocrx_word' id='word_1_337' title='bbox 760 2716 830 2754; x_wconf 92' lang='lat' dir='ltr'><strong>Er.</strong></span> <span class='ocrx_word' id='word_1_338' title='bbox 849 2717 894 2754; x_wconf 94' lang='lat' dir='ltr'><strong>P.</strong></span> <span class='ocrx_word' id='word_1_339' title='bbox 911 2717 953 2754; x_wconf 89' lang='lat' dir='ltr'><strong>S.</strong></span> <span class='ocrx_word' id='word_1_340' title='bbox 986 2713 1089 2768; x_wconf 72' lang='grc' dir='ltr'><strong><em>αὕτη</em></strong></span> <span class='ocrx_word' id='word_1_341' title='bbox 1110 2731 1152 2756; x_wconf 86' lang='grc' dir='ltr'><strong><em>τε</em></strong></span> <span class='ocrx_word' id='word_1_342' title='bbox 1174 2717 1245 2757; x_wconf 88' lang='grc' dir='ltr'><strong><em>καί</em></strong></span> <span class='ocrx_word' id='word_1_343' title='bbox 1267 2720 1377 2759; x_wconf 87' lang='lat' dir='ltr'><strong>Cam.</strong></span> <span class='ocrx_word' id='word_1_344' title='bbox 1398 2721 1520 2760; x_wconf 43' lang='lat' dir='ltr'><strong><em>Cass</em></strong></span> <span class='ocrx_word' id='word_1_345' title='bbox 1507 2735 1551 2761; x_wconf 89' lang='lat' dir='ltr'><strong>m</strong></span> <span class='ocrx_word' id='word_1_346' title='bbox 1576 2762 1579 2765; x_wconf 77' lang='grc'>,</span> 
     </span>
     <span class='ocr_line' id='line_1_37' title="bbox 115 2776 1551 2836; baseline 0.011 -23"><span class='ocrx_word' id='word_1_347' title='bbox 115 2776 313 2826; x_wconf 80' lang='lat' dir='ltr'><strong>margine:</strong></span> <span class='ocrx_word' id='word_1_348' title='bbox 338 2778 552 2830; x_wconf 77' lang='lat' dir='ltr'><strong>Interpres</strong></span> <span class='ocrx_word' id='word_1_349' title='bbox 570 2782 702 2819; x_wconf 80' lang='lat' dir='ltr'><strong>etiam</strong></span> <span class='ocrx_word' id='word_1_350' title='bbox 719 2789 837 2820; x_wconf 72' lang='lat' dir='ltr'><strong>vetus</strong></span> <span class='ocrx_word' id='word_1_351' title='bbox 865 2780 1027 2836; x_wconf 75' lang='grc' dir='ltr'><strong><em>θερμήν</em></strong></span> <span class='ocrx_word' id='word_1_352' title='bbox 1040 2795 1050 2805; x_wconf 90' lang='grc'><em>·</em></span> <span class='ocrx_word' id='word_1_353' title='bbox 1081 2781 1208 2836; x_wconf 75' lang='grc' dir='ltr'><strong><em>αὐτὴν</em></strong></span> <span class='ocrx_word' id='word_1_354' title='bbox 1228 2783 1274 2825; x_wconf 73' lang='grc' dir='ltr'><strong><em>δὲ</em></strong></span> <span class='ocrx_word' id='word_1_355' title='bbox 1294 2786 1374 2827; x_wconf 81' lang='grc' dir='ltr'><strong><em>καὶ.</em></strong></span> <span class='ocrx_word' id='word_1_356' title='bbox 1403 2789 1454 2827; x_wconf 84' lang='lat' dir='ltr'><strong>al.</strong></span> <span class='ocrx_word' id='word_1_357' title='bbox 1476 2785 1551 2828; x_wconf 81' lang='grc' dir='ltr'><strong><em>αὒ-</em></strong></span> 
     </span>
     <span class='ocr_line' id='line_1_38' title="bbox 114 2837 1550 2906; baseline 0.013 -28"><span class='ocrx_word' id='word_1_358' title='bbox 114 2837 190 2891; x_wconf 75' lang='grc' dir='ltr'><strong><em>τήν</em></strong></span> <span class='ocrx_word' id='word_1_359' title='bbox 208 2855 251 2881; x_wconf 81' lang='grc' dir='ltr'><strong><em>τε</em></strong></span> <span class='ocrx_word' id='word_1_360' title='bbox 277 2849 317 2882; x_wconf 88' lang='lat' dir='ltr'><strong>et</strong></span> <span class='ocrx_word' id='word_1_361' title='bbox 339 2858 437 2883; x_wconf 83' lang='lat' dir='ltr'><strong><em>mox</em></strong></span> <span class='ocrx_word' id='word_1_362' title='bbox 460 2844 821 2900; x_wconf 73' lang='grc' dir='ltr'><strong><em>συμπεριάγεσθαι.</em></strong></span> <span class='ocrx_word' id='word_1_363' title='bbox 853 2847 956 2902; x_wconf 78' lang='grc' dir='ltr'><strong><em>αὗτή</em></strong></span> <span class='ocrx_word' id='word_1_364' title='bbox 977 2865 1020 2891; x_wconf 86' lang='grc' dir='ltr'><strong><em>τε</em></strong></span> <span class='ocrx_word' id='word_1_365' title='bbox 1040 2853 1195 2892; x_wconf 80' lang='lat' dir='ltr'><strong>omissis</strong></span> <span class='ocrx_word' id='word_1_366' title='bbox 1215 2850 1319 2906; x_wconf 73' lang='grc' dir='ltr'><strong><em>αὕτη</em></strong></span> <span class='ocrx_word' id='word_1_367' title='bbox 1342 2852 1391 2895; x_wconf 77' lang='grc' dir='ltr'><strong><em>δέ</em></strong></span> <span class='ocrx_word' id='word_1_368' title='bbox 1417 2857 1460 2895; x_wconf 90' lang='lat' dir='ltr'><strong><em>in</em></strong></span> <span class='ocrx_word' id='word_1_369' title='bbox 1478 2870 1550 2896; x_wconf 87' lang='lat' dir='ltr'><strong>suo</strong></span> 
     </span>
    </p>
   </div>
  </div>
 </body>
</html>
