1820 3158
150 364 367 418 —p.340,b'.
390 371 552 406 Bekk.-
614 370 1006 411 LIB.I.CAP.111.
1073 367 1302 412 —p.327‚D.
1324 366 1454 403 cas.-
1507 362 1562 405 11

121 486 235 540 χείου
265 485 401 544 κύκλῳ
431 486 497 527 καὶ
525 487 608 526 τῶν
635 482 678 525 ἓν
707 481 820 540 αὐτῷ
849 480 1065 536 σωμάτων,
1103 480 1151 524 τὸ
1181 481 1375 538 προσεχὲς
1402 479 1464 523 ἀεὶ
1492 485 1570 522 τοῦ

127 551 238 596 κάτω
267 553 425 607 κόσμου
453 553 520 596 καὶ
547 551 738 606 σώματος
766 554 816 608 τῇ
846 549 997 605 κινήσει
1028 547 1331 604 διακρινόμενον
1368 549 1570 605 ἐκπυροῦ-

127 638 195 663 ται
226 624 292 664 καὶ
322 621 518 676 ποιεῖτὴν
535 617 801 676 θερμότητα·
834 619 899 660 δεῖ
922 617 967 660 δὲ
998 623 1104 659 νοεῖν
1133 615 1266 666 οὕτως
1290 618 1357 659 καὶ
1384 617 1572 659 ἐντεῦθεν

127 687 394 745 ἀρξαμένους.
423 689 470 733 τὸ
490 689 569 748 γὰρ
599 687 679 731 ὑπὸ
707 686 783 741 τὴν
813 686 898 729 ἄνω
926 684 1156 743 περιφορὰν
1175 690 1295 740 σῶμα
1313 682 1399 746 οἷον
1417 684 1495 740 ὕλη
1511 702 1574 735 τις

128 751 233 800 οὖσα
263 759 328 800 καὶ
359 757 525 812 δυνάμει
555 755 694 814 θερμὴ
724 756 791 798 καὶ
811 753 956 809 ψυχρὰ
977 755 1043 796 καὶ
1063 753 1166 809 ξηρὰ
1187 755 1254 796 καὶ
1274 751 1379 809 ῧγρὰ
1410 755 1476 796 καὶ
1493 753 1574 796 ὅσα

126 824 232 868 ἄλλα
259 825 420 876 τούτοις
450 827 678 869 ἀκολουθεῖ
703 822 822 877 πάθη
837 853 847 872 ,
888 823 1037 878 γίνεται
1070 822 1241 878 τοιαύτη
1273 824 1338 864 καὶ
1362 822 1469 864 ἔστιν
1491 820 1572 864 ὑπὸ

125 892 321 948 κινήσεώς
346 912 388 937 τε
411 896 479 937 καὶ
498 894 731 948 ἀκινησίας,
763 886 815 947 ἧς
842 891 918 946 τὴν
949 892 1082 933 αἰτίαν
1110 892 1178 932 καὶ
1206 890 1282 945 τὴν
1310 889 1442 945 ἀρχὴν
1462 889 1569 946 529⁷}-

124 978 252 1015 καμεν
280 962 490 1019 πρότερον.
568 966 634 1004 14.
670 961 759 1006 Ἐπὶ
787 961 863 1014 μὲν
894 954 966 1001 οὗν
997 962 1072 1000 τοῦ
1106 958 1236 1016 με’σρυ
1276 959 1343 1000 καὶ
1381 959 1472 1015 περὶ
1513 958 1560 1000 τὸ
1575 956 1628 994 14

125 1029 252 1083 μέσον
280 1030 328 1072 τὸ
358 1029 595 1087 βαρύτατόν
625 1029 710 1071 ἐστι
750 1029 817 1070 καὶ
845 1024 1113 1082 ψυχρότατον
1143 1025 1482 1083 ἀποκεκριμένον,
1519 1032 1571 1084 γῆ

127 1100 194 1140 καὶ
223 1097 360 1156 ὕδωρ·
398 1099 489 1154 περὶ
519 1097 565 1139 δὲ
591 1100 724 1139 ταῦτα
753 1097 819 1138 καὶ
848 1095 902 1137 τὰ
932 1094 1104 1149 ἐχόμενα
1129 1094 1312 1149 τούτων,
1345 1095 1425 1154 ἀήρ
1443 1113 1486 1139 τε
1504 1098 1573 1139 καὶ

127 1164 151 1209 ὃ
184 1166 251 1209 διὰ
278 1166 502 1223 συνήθειαν
531 1170 733 1220 καλοῦμεν
753 1167 860 1217 πῦρ,
901 1162 976 1205 οὐκ
1005 1162 1090 1205 ἔστι
1120 1164 1166 1206 δὲ
1192 1169 1273 1221 πῦρ
1290 1178 1300 1188 ·
1361 1162 1570 1222 ὑπερβολὴ

125 1233 203 1290 γὰρ
234 1238 396 1291 θερμοῦ
422 1236 489 1277 καὶ
521 1231 608 1277 οἷον
640 1234 742 1286 ζέσις
765 1232 848 1274 ἐστὶ
878 1231 925 1274 τὸ
948 1235 1043 1288 πῦρ.
1108 1237 1174 1274 15.
1199 1231 1323 1275 Ἀλλᾶ
1337 1234 1403 1275 ὁεΐ
1414 1237 1560 1288 νοῆσαι
1577 1240 1628 1277 15

124 1306 198 1344 τοῦ
224 1303 444 1359 ’λεγομένου
471 1301 545 1360 ὑφ’
570 1300 687 1358 ἡμῶν
718 1300 837 1357 ἀέρος
854 1300 902 1342 τὸ
921 1301 997 1355 μὲν
1017 1300 1108 1356 περὶ
1131 1299 1208 1354 τὴν
1229 1305 1303 1356 γῆν
1331 1299 1419 1344 οἷον
1447 1300 1574 1359 ῧγρὸν

123 1371 192 1413 καὶ
220 1371 382 1425 θερμὸν
410 1370 509 1414 εἶναι
540 1370 607 1413 διὰ
625 1370 673 1412 τὸ
695 1369 873 1423 ἀτμίζειν
892 1386 935 1411 τε
961 1370 1027 1411 καὶ
1053 1367 1334 1423 ἀναθυμίασιν
1363 1370 1466 1425 ἔχειν
1487 1375 1575 1427 γῆς,

124 1438 170 1480 τὸ
234 1438 245 1454 ’
267 1437 369 1496 ὑπὲρ
401 1444 524 1483 τοῦτο
555 1437 717 1496 θερμὸν
745 1437 824 1493 ἤδη
854 1438 921 1479 καὶ
943 1435 1078 1493 ξηρόν.
1108 1436 1192 1479 ἔστι
1210 1438 1288 1494 γὰρ
1309 1438 1482 1494 ἀτμίδος
1497 1440 1574 1494 μὲν

123 1505 249 1563 φύσις
274 1505 399 1565 ὑγρὸν
428 1509 496 1551 καὶ
522 1506 696 1564 θερμόν,
728 1504 1048 1559 ἀναθυμιάσεως
1075 1505 1121 1548 δὲ
1141 1507 1301 1561 θερμὸν
1330 1503 1405 1549 καῖ
1426 1507 1592 1564 ξηρόν·-

123 1576 195 1616 καί
219 1575 328 1619 ἐστιν
357 1576 478 1631 ἀτμὶς
503 1576 579 1630 μὲν
610 1574 778 1628 δυνάμει
809 1571 896 1616 οἷον
917 1572 1046 1628 ὕδωρ,
1078 1572 1359 1628 ἀναθυμίασις
1382 1576 1428 1617 δὲ
1448 1575 1574 1616 δυνά-

125 1658 191 1695 μει
220 1640 308 1686 οἷον
345 1648 440 1700 πῦρ.
511 1650 577 1685 16.
621 1646 710 1685 Τοῦ
738 1642 815 1696 μὲν
843 1636 916 1683 οὗν
945 1641 988 1682 ἐν
1015 1644 1075 1697 τῷ
1105 1640 1191 1683 ἄνω
1220 1642 1338 1699 τόπῳ
1363 1642 1421 1697 μὴ
1451 1644 1629 1685 συνί-16

126 1779 338 1829 feruntur,
378 1793 423 1818 ea
450 1779 592 1818 mundi
621 1785 662 1818 et
685 1779 892 1819 inferioris
920 1778 1104 1830 corporis
1142 1792 1244 1831 quae
1275 1780 1353 1832 ipsi
1386 1782 1575 1833 proxima

127 1860 220 1899 pars
252 1848 423 1887 discreta
455 1847 686 1886 incenditur
715 1854 756 1886 et
784 1848 958 1886 calorem
991 1854 1202 1898 provocat.
1273 1849 1382 1887 Hinc
1414 1863 1576 1902 quoque

127 1914 297 1953 ex'ordio
316 1923 469 1965 sumto,
498 1917 554 1955 sic
573 1930 661 1955 rem
681 1916 817 1954 animo
836 1916 1051 1966 concipere
1071 1915 1130 1954 fas
1153 1922 1224 1955 est.
1284 1918 1446 1970 Corpus
1466 1920 1575 1957 enim

125 1983 231 2022 infra
251 1983 440 2036 superam
456 1985 646 2023 lationem
667 1998 758 2022 cum
783 1984 913 2023 veluti
934 1984 1121 2039 materies
1140 1986 1335 2036 quaedam
1355 1986 1418 2036 sit,
1446 1987 1576 2026 facul-

126 2056 210 2089 tate
227 2052 411 2103 praedita
430 2052 557 2091 calida
577 2058 616 2090 et
634 2052 791 2104 frigida,
822 2053 923 2091 sicca
945 2057 986 2091 et
1003 2050 1171 2090 humida
1191 2060 1231 2092 et
1246 2054 1427 2106 reliqui8‚
1455 2061 1576 2106 quot—

129 2126 228 2171 quot
257 2133 310 2158 ex
334 2119 397 2159 his
427 2126 750 2172 consequuntur,
789 2119 1085 2169 affectionibus,
1123 2122 1211 2160 talis
1236 2122 1428 2161 redditur
1455 2130 1576 2175 atque

131 2188 286 2226 exsistit
325 2189 473 2240 partim
500 2194 634 2236 motu,
674 2189 824 2240 partim
859 2189 1017 2240 quiete,
1048 2189 1160 2227 cuius
1182 2191 1243 2229 rei
1273 2204 1430 2229 causam
1455 2197 1577 2243 atque

129 2254 327 2305 originem
347 2270 471 2307 supra
490 2256 762 2308 exposuimus.
822 2256 889 2294 14.
918 2257 968 2294 In
987 2256 1123 2295 medio
1142 2258 1266 2310 igitur
1297 2264 1337 2297 et
1358 2258 1464 2297 circa
1488 2273 1577 2297 me-

131 2321 243 2360 dium
263 2324 496 2373 gravissima
514 2330 555 2362 et
574 2324 840 2376 frigidissima,
863 2330 973 2362 terra
994 2330 1035 2362 et
1051 2338 1165 2376 aqua,
1196 2335 1347 2366 secreta
1367 2328 1575 2367 residunt:

129 2390 236 2427 circa
271 2388 369 2428 haec
409 2397 450 2428 et
485 2404 587 2442 quae
623 2392 704 2430 illis
745 2391 1170 2443 comprehenduntur,
1220 2399 1290 2433 aet
1320 2402 1360 2434 et
1384 2396 1428 2434 id
1467 2397 1578 2448 quod

129 2457 300 2508 ignem
328 2470 478 2496 vocare
505 2459 698 2507 solemus,
737 2459 847 2511 quod
875 2465 1011 2498 autem
1044 2473 1092 2498 re
1119 2474 1219 2499 vera
1250 2463 1353 2514 ignis
1383 2477 1468 2502 non
1501 2471 1575 2505 est.

130 2525 286 2564 Caloris
306 2525 413 2563 enim
435 2527 717 2577 exsuperantia
736 2533 776 2565 et
795 2528 907 2579 quasi
923 2528 1067 2566 fervor
1086 2534 1147 2566 est
1161 2529 1276 2580 ignis.
1322 2534 1386 2570 15.
1409 2532 1490 2570 Sed
1509 2533 1577 2572 in-

129 2588 391 2644 telligendum
416 2599 475 2632 est
494 2594 599 2642 eius,
625 2608 744 2646 quem
766 2599 902 2633 aetem
922 2594 1115 2641 dicimus,
1144 2603 1302 2648 partem
1329 2605 1464 2639 terrae
1493 2601 1576 2640 cir-

131 2661 353 2700 cumfusum
381 2675 466 2700 esse
493 2661 702 2700 humidam
732 2668 773 2700 et
793 2663 987 2711 calidam,
1017 2676 1108 2702 cum
1131 2670 1264 2704 terrae
1291 2666 1504 2707 humidum
1535 2675 1576 2707 et

129 2729 279 2766 siccum
305 2741 499 2781 vaporem
529 2729 749 2779 contineat,
785 2731 1038 2782 superiorem
1061 2738 1220 2783 partem
1248 2735 1415 2773 calidam
1438 2743 1478 2774 ct
1497 2737 1576 2775 sic-

130 2809 237 2834 cam:
271 2798 409 2847 aquosi
429 2799 536 2836 enim
556 2789 721 2850 vaporis
736 2803 878 2837 natura
896 2805 955 2836 est
970 2797 1137 2839 humida
1156 2807 1201 2839 et
1211 2802 1352 2852 calida,
1371 2803 1465 2841 sicci
1478 2805 1575 2843 cali-

131 2865 180 2904 da
203 2871 244 2902 et
261 2865 380 2913 sicca3
400 2865 471 2904 ille
486 2866 675 2917 qualitate
692 2879 762 2905 sua
781 2879 906 2918 aquae
926 2866 1090 2916 accedit,
1113 2867 1179 2906 hic
1195 2870 1289 2920 igni.
1350 2873 1417 2909 16.
1451 2869 1575 2922 Q‘uod
