1820 3158
320 357 409 399 116
456 342 1019 407 —12-367‚a.Benla—LIB'JI.
1051 365 1283 403 CARVIH.
1333 374 1407 406 -ρ,
1425 363 1558 404 35o‚13.
1583 361 1706 396 cas.-

261 479 312 513 22
325 471 618 525 ἆπωθουμένου
648 471 775 523 ἀέρος.
835 477 900 511 22.
921 469 1008 511 ’Έτι
1035 470 1081 510 τὸ
1109 471 1288 523 γίνεσθαι
1315 469 1386 511 τὸν
1414 471 1525 524 ἣλιον
1553 470 1709 523 ἀχλυώ-

315 540 363 592 δη
393 540 458 580 καὶ
486 536 759 591 ἀμαυρότερον
788 534 880 576 ἄνευ
906 535 1073 590 νέφους,
1117 536 1181 575 καὶ
1209 534 1286 588 πρὸ
1315 539 1395 576 τῶν
1424 535 1603 589 ὀρθρίων
1631 550 1710 576 σει-

315 609 425 657 σμῶν
454 604 575 643 ἐνίοτε
603 602 788 653 νηνεμίαν
816 617 858 641 τε
886 601 950 641 καὶ
979 598 1099 654 κρύος
1128 601 1305 654 ἰσχυρόν,
1336 607 1497 654 σημεῖον
1515 605 1586 654 τῆς
1606 603 1711 654 εἰρη-

258 676 310 711 23
321 671 441 722 μένης
470 668 598 714 αἰτίας
626 667 744 707 ἐστίν.
819 673 886 707 23.
929 665 1012 707 Τόν
1039 683 1080 707 τε
1108 666 1183 720 γὰρ
1211 666 1323 720 ἥλιον
1352 666 1536 720 ἀχλυώδη
1576 667 1640 707 καὶ
1664 665 1711 706 ἀ-

309 733 465 787 μαυρὸν
503 732 715 786 ἀναγκαῖον
752 730 848 774 εἶναι
883 730 1113 774 ὕπονοστεΐν
1143 732 1363 787 ἀρχομένου
1391 737 1464 774 τοῦ
1492 731 1715 785 πνεύματος.

311 801 366 847 εἷς
391 799 465 852 τὴν
491 802 564 852 γῆν
595 802 665 839 τοῦ
696 798 928 846 διαλύοντος
964 797 1033 839 τὸν
1070 798 1167 853 ἀέρα
1205 799 1270 838 καὶ
1308 800 1596 853 διακρίνοντος,
1647 798 1712 838 καὶ

311 863 412 920 πρὸς
444 864 518 918 τὴν
555 864 606 905 ἕω
644 865 708 904 καὶ
743 866 830 920 περὶ
858 864 952 911 τοὺς
980 864 1162 920 ὄρθρους
1188 865 1373 917 νηνεμίαν
1404 881 1446 905 τε
1476 866 1538 905 καὶ
1566 868 1710 916 ψῦχος.

258 934 311 972 24
350 935 416 972 24.
453 930 539 983 Τὴν
566 930 638 982 μὲν
667 930 741 984 γὰρ
770 931 955 984 νηνεμίαν
985 929 1197 984 ἀναγκαῖον
1227 927 1280 978 ὡς
1308 931 1368 970 ε’πὶ
1398 929 1443 970 τὸ
1473 929 1573 970 πολὺ
1616 941 1712 980 συμ-

311 999 473 1049 βαίνειν,
504 995 688 1050 καθάπερ
718 996 868 1050 εἴρηται
898 997 961 1036 καὶ
990 995 1207 1050 πρότερον,
1247 993 1331 1037 οἷον
1358 996 1595 1050 μεταρροίας
1622 994 1713 1035 εἴσω

310 1062 515 1118 γινομένης
542 1066 614 1103 τοῦ
642 1061 887 1114 πνεύματος,
928 1063 993 1102 καὶ
1027 1066 1180 1114 μᾶλλον
1210 1061 1286 1117 πρὸ
1315 1066 1394 1103 τῶν
1421 1060 1608 1114 μειζόνων
1638 1075 1714 1112 σει-

312 1131 444 1182 σμῶν·
481 1128 537 1181 μὴ
569 1126 840 1180 διασπώμενον
877 1126 952 1181 γὰρ
989 1127 1033 1168 τὸ
1073 1128 1147 1178 μὲν
1185 1127 1265 1176 ἔξω
1301 1127 1347 1169 τὸ
1378 1126 1419 1168 δ’
1444 1126 1575 1178 ἐντός,
1618 1124 1709 1166 ἀλλ’

258 1193 477 1250 25ἆθρόον
506 1192 725 1249 φερόμενον
755 1193 966 1247 ἀναγκαῖον
995 1191 1141 1244 ἰσχύειν
1163 1196 1329 1245 μᾶλλον.
1389 1199 1453 1234 25.
1491 1192 1547 1233 Τὸ
1570 1192 1612 1232 δὲ
1632 1194 1714 1243 ψῦ-

307 1277 381 1314 χος
418 1261 623 1313 συμβαίνει
661 1258 728 1299 διὰ
762 1258 808 1299 τὸ
845 1258 918 1311 τὴν
955 1257 1226 1311 ἀναθυμίασιν
1263 1258 1354 1299 εἴσω
1394 1258 1711 1312 περιτρέπεσθαι,

315 1326 430 1382 φύσει
484 1325 641 1380 θερμὴν
683 1319 806 1365 οὖσαν
844 1323 942 1365 καθ’
977 1321 1112 1376 αὗτήν.
1143 1323 1216 1365 ὀὗ
1245 1326 1405 1365 δοκοῦσι
1435 1323 1475 1364 δ’
1510 1323 1547 1363 οἳ
1577 1321 1713 1374 ἄνεμοι

313 1390 410 1434 εἶναι
437 1393 585 1445 θερμοὶ
617 1390 682 1432 διὰ
711 1390 757 1431 τὸ
788 1395 902 1431 κινεῖν
930 1389 1000 1430 τὸν
1029 1389 1127 1444 ἀέρα
1163 1389 1294 1444 πλήρη
1334 1393 1496 1442 ψυχρᾶς
1525 1387 1622 1428 ὄντα
1649 1388 1714 1428 καὶ

313 1461 463 1510 πολλῆς
491 1457 678 1510 ἀτμίδος,
722 1455 853 1510 ὥσπερ
882 1455 928 1496 τὸ
959 1460 1113 1507 πνεῦμα
1141 1455 1186 1496 τὸ
1218 1455 1284 1500 διὰ
1310 1459 1381 1496 τοῦ
1410 1447 1715 1508 στόματοςῐφυ-

259 1529 310 1564 26
323 1522 513 1574 σώμενον.
600 1529 664 1563 26.
711 1523 793 1562 Καὶ
829 1522 904 1575 γὰρ
944 1526 1063 1562 τοῦτο
1105 1520 1270 1575 ἐγγύθεν
1308 1521 1380 1573 μέν
1419 1521 1500 1561 ε’στι
1542 1518 1714 1571 θερμόν,

314 1587 447 1643 ὥσπερ
487 1589 551 1629 καὶ
587 1587 683 1629 ὅταν
725 1581 927 1640 ἇάζωμεν,
983 1587 1085 1628 ἀλλὰ
1121 1586 1175 1627 δι’
1210 1586 1420 1641 ὀλιγότητα
1459 1585 1531 1638 οὐχ
1570 1583 1717 1637 ὁμοίως

315 1722 515 1773 funditur)
542 1723 684 1773 partim
701 1728 868 1772 propter
890 1721 1003 1769 atiris,
1026 1723 1091 1772 qui
1109 1721 1329 1772 repellitur,
1362 1721 1541 1769 exiguam
1562 1717 1715 1768 quanti-

316 1794 447 1826 tatem.
505 1792 570 1827 22.
602 1788 670 1825 Sol
694 1794 920 1838 praeterea,
952 1787 1019 1837 qui
1038 1787 1266 1836 caliginosus
1287 1786 1333 1823 fit
1352 1793 1390 1823 et
1409 1784 1612 1822 obscurior
1633 1783 1717 1820 sine

314 1855 430 1901 nube,
455 1853 636 1903 atirisque
662 1853 863 1890 interdum
889 1859 979 1890 ante
999 1853 1210 1889 matutinos
1225 1858 1356 1888 terrae
1375 1857 1503 1888 motus
1524 1842 1716 1898 trainquil-

314 1920 401 1957 litas
429 1926 467 1956 et
486 1920 609 1968 frigus
631 1918 855 1966 vehemens,
887 1932 971 1955 eam
991 1931 1089 1968 quae
1108 1917 1210 1954 dicta
1230 1923 1296 1962 est,
1327 1929 1479 1954 causam
1503 1914 1715 1951 declarant.

313 1989 378 2023 23.
409 1985 508 2022 Cum
531 1985 634 2021 enim
663 1984 822 2034 spiritus
849 1988 979 2021 aiirem
1009 1983 1224 2020 dissolvens
1255 1988 1370 2031 atque
1397 1981 1586 2033 dissipans
1613 1979 1716 2016 intra

313 2056 459 2088 terram
477 2050 665 2087 recedere
681 2050 840 2100 incipit,
870 2054 909 2086 et
925 2049 1052 2085 solum
1071 2048 1321 2097 caliginosum
1344 2053 1382 2084 et
1399 2047 1606 2083 obscurum
1628 2044 1717 2082 fieri

315 2122 353 2154 et
379 2116 428 2161 ad
458 2130 640 2154 auroram
671 2122 785 2166 atque
816 2114 1032 2152 diluculum
1066 2114 1384 2163 tranquillitatem
1418 2119 1457 2149 et
1483 2112 1605 2161 frigus
1634 2123 1716 2148 esse

315 2195 472 2219 necesse
494 2188 564 2221 est.
620 2185 685 2219 24.
716 2180 1056 2230 Tranquillitatem
1082 2180 1185 2216 enim
1214 2185 1257 2216 ut
1285 2179 1500 2229 plurimum
1529 2175 1717 2224 accidere,

315 2248 645 2298 quemadmodum
678 2254 716 2286 et
741 2247 851 2298 prius
887 2245 1080 2292 diximus,
1119 2250 1296 2295 oportet,
1338 2243 1497 2295 spiritus
1532 2241 1719 2281 videlicet

315 2314 415 2351 intra
436 2320 584 2352 terram
604 2313 784 2351 refluxu:
821 2318 934 2361 atque
962 2311 1004 2348 id
1033 2311 1280 2361 potissimum
1316 2315 1406 2346 ante
1432 2315 1562 2345 terrae
1589 2313 1717 2344 motus

316 2379 641 2418 vehementiores.
666 2380 767 2417 Nam
781 2391 866 2416 cum
884 2378 1043 2428 spiritus
1061 2390 1143 2414 non
1161 2377 1304 2426 partim
1327 2382 1439 2412 extra
1459 2374 1598 2424 partim
1615 2374 1717 2409 intra

315 2445 562 2493 distrahitur,
592 2446 662 2483 sed
679 2445 887 2483 universus
917 2443 1064 2491 fertur,
1106 2443 1192 2492 plus
1225 2442 1369 2479 virium
1396 2440 1535 2477 habeat
1562 2450 1717 2475 necesse

317 2512 384 2549 est.
456 2513 520 2549 25.
561 2511 701 2560 Frigus
738 2516 867 2547 autem
899 2508 1062 2556 accidit,
1102 2522 1188 2544 cum
1222 2506 1416 2544 exhalatio
1446 2517 1543 2553 quae
1581 2508 1716 2552 suapte

317 2583 453 2614 natura
474 2577 597 2614 calida
617 2583 696 2623 est,
724 2577 830 2613 intro
851 2574 1109 2612 convertitur.
1169 2572 1294 2610 Calidi
1315 2583 1411 2608 vero
1430 2583 1511 2606 nou
1528 2569 1716 2606 videntur

315 2655 397 2678 esse
411 2643 538 2689 venti,
567 2643 655 2691 quia
677 2641 810 2679 aiirem
838 2639 983 2689 frigido
1006 2653 1049 2676 ac
1074 2638 1200 2676 multo
1231 2649 1377 2686 vapore
1405 2635 1600 2684 repletum
1628 2647 1717 2670 mo-

315 2712 436 2752 vent,
468 2707 664 2756 quomodo
694 2714 733 2744 et
761 2707 919 2757 spiritus
938 2706 1023 2753 ille,
1053 2705 1119 2754 qui
1139 2716 1211 2753 per
1228 2715 1270 2738 os
1290 2700 1457 2737 efflatur.
1515 2704 1580 2737 26.
1611 2700 1715 2737 Nam

317 2777 356 2809 et
381 2770 444 2809 hic
467 2785 490 2807 e
516 2772 738 2821 propinquo
769 2771 926 2821 quidem
958 2770 1102 2808 calidus
1130 2774 1205 2815 est,
1245 2766 1365 2816 qualis
1397 2767 1513 2804 etiam
1542 2772 1598 2803 cst
1626 2778 1713 2802 cum
