1774 3198
262 320 355 364 616
476 329 923 368 COMMENTARIUS
951 329 1012 370 IN
1040 330 1446 369 METEOROLOG.

261 441 310 478 tit
336 442 382 478 E.
427 460 475 467 --
515 438 636 489 δηλοῖ
656 436 700 477 δὲ
727 438 794 477 καί
816 439 952 478 addito
981 438 1049 478 καί
1075 440 1127 478 Ν.
1168 438 1288 490 ὁηλοῖ
1312 435 1398 490 δ”ἥ
1429 438 1584 491 εῗρησία
1610 441 1662 479 A.

262 506 379 544 Alex.
407 505 600 551 fol..111·‚
624 504 663 542 b.
695 527 750 534 —
791 506 964 558 τριηρῶν
991 506 1133 543 omisso
1162 506 1327 544 articulo
1358 506 1464 544 Cam.

375 596 438 629 10.
468 593 532 630 De
558 592 866 643 Empedocle
894 594 965 632 cfr.
988 594 1134 632 Sturz
1152 592 1665 644 Empedoel.Agrigentin.

261 657 300 708 ⁸1).
331 661 408 696 339
436 672 494 708 sq.
560 659 788 709 Exponitur
821 660 903 697 eius
932 661 1122 698 sententia
1156 660 1262 711 apud
1293 659 1563 698 stobaeum
1591 660 1615 696 l.
1638 660 1666 697 l.

260 738 302 775 p.
331 728 431 762 592:
475 721 742 775 Ἐμπεδοκλῆς
776 721 976 776 ἔμπτωσιν
1006 723 1142 779 φωτὸς
1170 725 1224 771 εἷς
1251 722 1388 778 νέφος,
1429 723 1671 776 ἐξείργοντος

261 786 330 828 τὸν
360 786 594 829 ἀνθεστῶτα
632 787 755 844 ἀέρα,
804 783 852 831 οἷ)
889 789 960 843 τήν
997 790 1071 843 μὲν
1109 789 1243 842 σβέσιν
1282 790 1346 830 καὶ
1385 786 1455 842 τὴν
1493 792 1670 843 θραῦσιν

262 852 410 894 κτύπον
438 852 750 908 ἀπεργάζεσθαι,
788 854 860 909 τὴν
894 855 938 896 δὲ
966 855 1122 908 λάμψιν
1151 854 1370 911 ἀστραπήν.
1407 854 1597 909 κεραυνὸν
1628 853 1672 894 δὲ

261 917 332 960 τὸν
359 923 430 972 τῆς
459 919 664 975 ἀστραπῆς
690 920 822 963 τόνον.
848 944 903 968 «-
958 924 1292 975 Anaxagorae
1320 924 1510 961 sententia
1542 936 1672 974 expo-

261 987 370 1025 nitur
396 989 502 1039 apud
529 989 698 1027 eundem
729 990 1004 1029 stobaeum
1032 992 1056 1029 1.
1077 991 1103 1029 l.
1144 987 1410 1041 Ἀναξαγόρας
1447 985 1544 1027 ὅταν
1572 990 1672 1040 θερ-

259 1050 338 1102 μὸν
367 1052 422 1099 εἷς
449 1050 494 1093 τὸ
523 1052 682 1108 ψυχρὸν
711 1053 861 1110 ἐμπέσῃ
892 1054 1028 1107 (τοῦτο
1060 1053 1099 1095 δ’
1125 1056 1230 1095 ἐστὶν
1261 1045 1442 1107 αἵθ-ἔριον
1469 1052 1591 1107 μέρος
1619 1053 1674 1099 εἷς

261 1115 471 1170 ἀερῶδες),
502 1122 560 1174 τῷ
587 1119 661 1171 μὲν
689 1117 814 1174 ψόφῳ
843 1120 1019 1174 βροντὴν
1049 1120 1253 1162 ἀποτελεῖ·
1284 1124 1341 1175 τῷ
1371 1118 1413 1159 δὲ
1445 1117 1572 1172 (παρὰ
1599 1117 1673 1170 τὴν

259 1183 466 1234 μελανειάν
494 1187 567 1224 τοῦ
594 1183 762 1238 νέφους)
790 1184 1000 1238 χρώματι,
1038 1187 1111 1239 τὴν
1142 1184 1374 1241 ἀστραπήν·
1409 1188 1466 1240 τῷ
1498 1184 1541 1224 δὲ
1570 1181 1673 1236 πλή-

259 1250 326 1288 θει
354 1249 418 1288 καὶ
446 1248 604 1302 μεγέθει
631 1254 704 1290 τοῦ
734 1250 886 1305 φωτός,
924 1250 994 1292 τὸν
1022 1251 1233 1306 κεραυνόν
1270 1256 1327 1308 τῷ
1360 1252 1403 1292 δὲ
1429 1253 1674 1301 πολυσωμα-

259 1312 420 1369 τωτέρῳ
450 1316 557 1366 πυρί,
588 1314 659 1356 τὸν
687 1315 875 1370 τυφῶνα·
903 1321 960 1373 τῷ
991 1317 1034 1358 δὲ
1058 1321 1315 1373 νεφελομιγεῖ,
1345 1316 1415 1358 τὸν
1443 1319 1670 1370 πρηστῆρα.

259 1381 409 1419 Eadem
428 1389 518 1420 sunt
545 1383 651 1434 apud
678 1384 1010 1423 Plutarchum
1040 1387 1067 1424 1.
1087 1387 1114 1424 l.
1137 1401 1177 1438 p.
1199 1391 1266 1425 79.
1323 1385 1441 1423 Adde
1457 1385 1671 1434 Diogen.

260 1435 435 1486 Lae'rt.
465 1449 527 1496 II,
546 1452 582 1487 9.
612 1463 649 1500 p.
673 1452 724 1488 85
767 1450 827 1489 ed.
857 1451 1101 1498 Meibom,
1144 1453 1208 1503 qui
1238 1453 1364 1490 refert
1394 1452 1672 1500 Anaxagoram

260 1514 454 1551 censuisse
481 1512 657 1567 βροντὰς
687 1511 825 1567 [εἶναι]
855 1515 1091 1571 σύγκρουσιν
1117 1519 1269 1571 νεφῶν,
1309 1513 1518 1569 ἀστραπὰς
1546 1513 1673 1567 ἔκτρι-

261 1586 335 1628 ψιν
362 1581 504 1632 νεφῶν.
547 1604 596 1609 -
622 1576 624 1578 ’
649 1579 976 1635 ἐμπεριεχομένου
1015 1598 1086 1635 pro
1125 1579 1571 1636 ε’μπεριλαμβανομένου
1607 1595 1672 1632 pr.

260 1658 380 1683 manu
409 1647 453 1684 F.
492 1647 887 1700 περιλαμβανομένου
923 1651 1057 1689 laudat
1094 1652 1302 1690 Heeren
1340 1651 1389 1688 ad
1419 1649 1555 1687 Stob.
1594 1649 1673 1687 1.1.

260 1724 300 1761 p.
333 1713 425 1751 593.
459 1733 514 1741 -—
556 1717 683 1760 κεῖνος
722 1716 949 1767 scripsimus
991 1731 1081 1755 cum
1117 1719 1162 1756 Ε.
1200 1718 1272 1756 cfr.
1305 1717 1354 1754 ad
1380 1719 1418 1765 1,
1444 1717 1516 1763 11,
1551 1718 1586 1752 1-
1621 1734 1671 1740 -

263 1777 412 1815 Omnes
441 1780 585 1830 reliqui
613 1794 702 1819 cum
732 1785 778 1821 B.
821 1780 986 1832 ἐκεῖνος,
1035 1790 1203 1834 excepto
1233 1784 1277 1821 F.
1313 1783 1381 1833 qui
1410 1781 1572 1819 exhibet
1600 1777 1665 1819 κά-

261 1845 398 1888 κεῖνος.

372 1921 436 1957 11.
478 1922 551 1958 τοῦ
578 1919 763 1961 τοιούτου
800 1922 928 1976 πυρὸς
963 1922 1172 1978 ἀστραπὴν
1211 1922 1308 1963 εἶναι
1343 1927 1391 1965 F.
1416 1926 1525 1963 Cam.
1554 1925 1598 1962 P.
1629 1921 1671 1961 S.

260 1983 347 2021 Cas.
386 1980 595 2038 ἀστραπὴν
633 1984 731 2027 εἶναι
766 1986 840 2040 τὴν
875 1987 1022 2030 τούτου
1057 1993 1128 2030 τοῦ
1157 1987 1285 2040 πυρός
1323 1992 1372 2029 Η.
1403 1989 1457 2028 Ν.
1501 2003 1672 2040 quorum

259 2051 458 2099 posterior
496 2052 679 2105 deinceps
717 2052 1106 2108 ἕναποσβεννυμένου
1144 2064 1235 2109 post
1273 2054 1337 2095 καὶ
1363 2053 1435 2107 τὴν
1465 2054 1565 2102 σιξιν
1595 2069 1673 2106 po-

259 2115 339 2152 nit:
375 2123 415 2154 et
442 2124 532 2156 ante
560 2115 744 2171 γινόμενα
773 2120 845 2171 (ita
874 2124 978 2162 enim
1007 2124 1168 2162 exhibet
1196 2137 1268 2175 pro
1301 2118 1522 2174 γινόμενον)
1552 2119 1673 2160 omit-

260 2180 310 2218 tit
345 2179 424 2220 καί.
469 2203 523 2212 —-
585 2188 768 2238 Denique
807 2181 932 2228 οὖσαν
971 2186 1044 2241 τὴν
1087 2186 1294 2242 ἀστραπήν
1337 2195 1486 2227 mutato
1533 2188 1672 2227 ordine

260 2247 304 2284 F·
332 2248 385 2285 H.
415 2249 467 2286 N.

371 2326 435 2362 12.
466 2325 536 2365 καί
560 2335 649 2368 ante
680 2327 919 2384 ἀμφοτέρως
942 2332 1092 2371 addunt
1118 2335 1166 2372 F.
1188 2333 1307 2371 Alex.
1328 2331 1438 2371 Cam.
1464 2332 1510 2370 P.
1530 2333 1567 2369 S.
1584 2331 1669 2369 Cas.

262 2407 315 2464 -'·
342 2386 568 2468 ἐπινέφελον
594 2393 668 2444 μὲν
695 2389 721 2449 ᾖ
751 2398 885 2436 addito
909 2396 983 2448 μέν
1003 2401 1050 2438 F.
1072 2419 1125 2426 -—
1155 2396 1238 2437 ἀλλ’
1264 2395 1310 2438 οὗ
1341 2399 1529 2437 omittunt
1546 2399 1596 2436 H.
1615 2395 1670 2434 N.

262 2466 348 2503 ουχι
375 2469 450 2506 pro
479 2456 526 2497 οὗ
556 2460 744 2500 exhibent
771 2467 822 2503 A.
846 2465 956 2504 Cam.
979 2466 1098 2504 Alex.
1117 2467 1161 2504 P.
1185 2466 1273 2504 Cas.

372 2544 436 2583 13.
478 2547 626 2586 Sereno
659 2552 770 2589 coelo
799 2567 929 2604 neque
957 2554 1109 2605 fulgere
1135 2567 1264 2605 neque
1290 2559 1428 2591 tonare
1460 2551 1575 2589 etiam
1603 2551 1668 2587 alii

260 2617 472 2661 negarunt,
513 2615 636 2654 veluti
662 2618 940 2657 Lucretius
971 2621 1051 2667 VI,
1081 2619 1184 2658 247Ξ

528 2712 582 2719 -
637 2714 695 2723 -ν
747 2708 846 2733 nam
875 2697 990 2733 caelo
1020 2697 1136 2734 nulla
1165 2705 1305 2733 sereno

423 2752 511 2790 Nec
542 2757 685 2796 leviter
714 2762 852 2799 densis
880 2764 1100 2799 mittantur
1127 2759 1299 2799 nubibus
1326 2772 1516 2810 nmquam.
