1820 3158
121 402 341 447 —1’·368‚⁸·
360 401 525 436 Bekk·—
571 403 747 442 LIB.11.
777 397 1411 443 CAP.V111.—p.350,11.ca=.—
1462 392 1556 436 119

116 513 166 556 οὔ
205 512 431 568 δυνάμενον
471 514 702 563 διεξελθεῖν.
782 517 850 554 35.
893 509 975 553 Διὸ
1012 508 1203 565 καθάπερ
1243 510 1285 552 ἓν
1314 508 1475 563 σώματι
1504 508 1544 551 οἱ
1558 513 1610 552 35

115 583 294 638 σφυγμοὶ
324 580 399 623 οὐκ
427 580 619 636 ἐξαίφνης
645 577 831 628 παύοντα
859 576 954 620 οὐδὲ
982 577 1157 630 ταχέως,
1198 575 1293 618 ἀλλ’
1323 577 1368 620 ἐκ
1395 590 1555 632 προσα-

113 653 245 704 γωγῆς
281 647 368 703 ἅμα
407 646 813 703 καταμαραινομένου
847 650 924 688 τοῦ
952 644 1145 695 πάθους,
1184 645 1252 687 καὶ
1279 642 1307 700 ἦ
1339 644 1444 700 ἀρχὴ
1472 643 1550 700 ἀφ’

111 709 207 771 ἧςῆ
231 715 509 770 ἀναθυμίασις
530 715 683 770 ἐγένετο
713 715 781 756 καὶ
800 711 828 768 ’ἦ
847 711 954 769 ὁρμὴ
983 717 1059 755 τοῦ
1086 711 1318 766 πνεύματος
1346 713 1472 768 δῆλον
1492 710 1556 754 ὅτι

114 783 190 834 οὐκ
208 783 336 833 εὐθὺς
355 782 520 825 ἅπασαν
540 781 724 825 ἀνάλωσε
742 781 817 836 τὴν
832 780 948 838 ὕλην,
970 781 1013 831 ἐξ
1028 774 1078 835 ἧς
1097 781 1259 835 ἐποίησε
1286 779 1362 822 τὸν
1390 778 1556 833 ἄνεμον,

112 850 160 894 ὃν
189 855 389 904 καλοῦμεν
418 849 599 905 σεισμόν.
657 856 724 892 36.
747 847 855 898 “Em
872 847 922 890 ἂν
937 843 1011 891 οὖν
1040 847 1242 904 ἀναλωθῇ
1259 846 1313 890 τὰ
1340 845 1547 901 ὑπόλοιπα
1558 852 1610 889 36

110 917 282 970 τούτων,
322 917 479 973 ἀνάγκη
510 919 651 970 σειέιν,
689 917 956 973 ἠρεμαίτερον
986 916 1032 957 δὲ
1059 917 1125 957 καὶ
1153 914 1272 970 μέχρι
1299 914 1451 957 τούτου
1479 914 1558 964 ἕως

111 985 161 1027 ἂν
190 985 359 1028 ἔλαττον
386 981 414 1042 ᾖ
441 986 489 1028 τὸ
519 984 863 1039 ἀναθυμιώμενον
890 982 916 1038 ἢ
946 982 1049 1025 ὥστε
1082 981 1291 1024 δύνασθαι
1321 989 1442 1025 κινεῖν
1471 982 1556 1023 ἐπι-

111 1052 258 1108 δήλως.
317 1060 384 1096 37.
413 1056 539 1095 Ποιεῖ
562 1053 608 1094 δὲ
635 1053 702 1094 καὶ
731 1051 830 1100 τοὺς
856 1050 1025 1107 ψόφους
1053 1050 1150 1099 τοὺς
1178 1049 1258 1092 ὑπὸ
1290 1049 1367 1105 τὴν
1389 1054 1466 1105 γῆν
1483 1065 1546 1105 γι-
1558 1055 1610 1091 37

110 1121 305 1175 νομένους
331 1120 379 1162 τὸ
401 1124 573 1174 πνεῦμα,
602 1121 669 1161 καὶ
698 1120 796 1168 τοὺς
823 1118 903 1175 πρὸ
931 1122 1016 1160 τῶν
1046 1122 1245 1172 σεισμῶν·
1286 1119 1354 1161 καὶ
1385 1116 1480 1159 ἄνευ
1509 1116 1556 1159 δὲ

111 1192 285 1242 σεισμῶν
312 1187 393 1243 ἤδη
421 1205 503 1230 που
529 1186 737 1244 γεγόνασιν
762 1184 844 1229 ὕπὸ
873 1190 961 1242 γῆν.
1011 1184 1147 1240 ὥσπερ
1177 1185 1255 1242 γὰρ
1287 1185 1556 1243 ραπιζόμενος

110 1254 132 1298 ὅ
150 1255 231 1312 ἀὴρ
258 1255 545 1304 παντοδαποὺς
574 1254 718 1311 ἀφίησι
742 1254 932 1311 ψόφους,
964 1251 1097 1302 οὕτως
1125 1255 1193 1295 καὶ
1211 1252 1376 1296 τύπτων
1400 1252 1550 1302 αὐτός·

109 1322 236 1366 οὐθέν
263 1323 342 1379 γὰρ
371 1323 573 1379 διαφέρει·
613 1322 661 1365 τὸ
690 1322 768 1379 γὰρ
797 1321 952 1364 τύπτον
982 1320 1069 1376 ἅμα
1107 1323 1174 1383 καὶ
1218 1321 1319 1365 αὐτὸ
1359 1320 1554 1364 τύπτεται

108 1394 201 1433 πᾶν.
261 1397 329 1433 38.
359 1390 614 1446 Προέρχεται
643 1389 685 1432 δ’
718 1387 740 1433 ὃ
771 1389 943 1446 ψόφους
968 1393 1045 1443 τῆς
1072 1387 1268 1443 κινήσεως
1296 1388 1366 1431 διὰ
1394 1388 1442 1431 τὸ
1478 1391 1543 1430 λε-
1556 1393 1609 1429 38

107 1458 425 1514 πτομερέστερον
453 1457 551 1501 εἶναι
581 1459 647 1500 καὶ
675 1461 834 1512 μᾶλλον
859 1456 928 1499 διὰ
957 1457 1111 1506 παντὸς
1139 1457 1239 1499 ἴέναι
1268 1461 1344 1499 τοῦ
1372 1455 1554 1510 πνεύμα-

107 1542 180 1575 τος
207 1526 280 1568 τὸν
306 1524 463 1582 ψόφον.
513 1524 614 1568 ὅταν
643 1525 684 1567 ‹5'
718 1525 888 1568 ἔλαττον
915 1520 942 1581 ᾖ
974 1523 998 1579 ἢ
1029 1523 1133 1567 ὥστε
1170 1529 1331 1578 κινῆσαι
1369 1524 1446 1579 τὴν
1480 1526 1554 1578 γῆν

109 1593 176 1635 διὰ
199 1592 447 1647 λεπτότητα,
479 1593 548 1635 διὰ
574 1593 649 1646 μὲν
678 1592 725 1635 τὸ
757 1591 911 1651 ῥᾳδίως
940 1594 1183 1646 διηθεῖσθαι
1214 1590 1263 1633 οὐ
1293 1590 1463 1633 δύναται
1495 1607 1554 1632 κι-

110 1730 312 1780 angustiiS,
337 1743 450 1766 more
472 1742 607 1779 aquae,
632 1743 733 1780 quae
756 1729 870 1767 exire
890 1729 1044 1780 nequit,
1074 1727 1371 1766 intercludatur
1391 1741 1554 1766 necesse

111 1802 183 1834 est.
242 1799 308 1835 35.
342 1796 564 1846 Quocirca,
591 1802 636 1834 ut
656 1797 700 1834 in
727 1809 900 1847 corpore
926 1809 1002 1834 nec
1029 1796 1235 1846 celeriter,
1276 1809 1351 1834 nec
1381 1800 1553 1847 repente

110 1863 248 1915 pulsus
274 1863 488 1913 sedantur,
521 1863 593 1901 sed
613 1864 824 1914 paulatim,
862 1876 943 1902 una
974 1863 1202 1902 tabescente
1230 1862 1460 1910 affectione,
1499 1863 1553 1901 ita

109 1932 366 1983 perspicuum
396 1938 471 1978 est,
510 1931 779 1983 principium,
809 1944 832 1969 a
855 1944 936 1982 quo
966 1931 1166 1970 exhalatio
1196 1937 1286 1970 orta
1312 1936 1392 1979 est,
1429 1930 1552 1982 apiri-

109 2005 251 2049 tusque
279 1999 476 2050 impetum
503 2012 587 2036 non
607 2013 695 2038 eam
717 2012 878 2037 omnem
902 1998 1013 2037 illico
1035 1999 1265 2044 materiam,
1297 2012 1320 2036 e
1341 2012 1418 2050 qua
1446 2011 1550 2036 ven·

109 2073 207 2114 tum,
239 2079 358 2117 quem
382 2072 515 2105 terrae
542 2073 695 2105 motum
726 2067 999 2113 nominamus,
1030 2067 1244 2114 excitavit,
1275 2066 1551 2109 consumsisse.

113 2134 178 2172 36.
215 2134 359 2184 Quoad
390 2134 512 2185 igitur
549 2134 697 2173 horum
726 2134 918 2186 reliquiae
946 2134 1100 2173 fuerint
1127 2134 1352 2182 absumtae,
1399 2141 1551 2172 terram

111 2201 271 2238 concuti
301 2214 460 2240 necesse
490 2208 572 2248 est,
611 2203 815 2240 remissius
845 2215 947 2241 vero
976 2208 1017 2240 et
1039 2216 1087 2240 eo
1109 2215 1258 2254 usque,
1289 2201 1418 2239 donec
1440 2199 1550 2251 quod

114 2266 349 2314 exhalatur,
389 2268 522 2306 minus
549 2269 696 2317 fuerit,
732 2283 852 2321 quam
887 2276 934 2309 ut
960 2269 1174 2308 evidenter
1205 2269 1330 2320 possit
1367 2281 1549 2307 movere.

115 2337 183 2373 37.
211 2335 293 2372 Eos
316 2348 413 2373 vero
434 2335 550 2372 etiam
569 2349 710 2384 sonna,
741 2339 810 2388 qui
830 2338 903 2376 sub
923 2344 1033 2376 terra
1062 2343 1101 2374 et
1128 2342 1219 2375 ante
1250 2343 1384 2374 terrae
1417 2340 1550 2373 motus

113 2401 236 2447 fiunt,
266 2401 429 2452 spiritus
447 2403 581 2441 efficit.
640 2405 897 2455 Quamquam
921 2411 962 2443 et
987 2405 1074 2442 sine
1102 2410 1215 2442 motu
1243 2403 1340 2442 alibi
1369 2403 1450 2441 iam
1475 2401 1550 2441 sub

113 2474 222 2505 terra
250 2468 342 2506 sacti
370 2469 462 2507 sint.
518 2469 579 2508 Ut
601 2471 706 2508 euim
732 2472 824 2520 ae'r,
853 2486 946 2510 cum
967 2472 1211 2510 verberatur
1219 2468 1366 2520 ,Afvarii
1391 2470 1549 2521 generis

47 2570 53 2580 ,
113 2548 232 2573 sonos
259 2535 364 2580 edit,
402 2536 459 2573 ita
491 2542 531 2573 et
559 2549 651 2574 cum
675 2539 762 2588 ipse
791 2540 1003 2578 verberat:
1045 2539 1245 2590 siquidem
1272 2537 1373 2576 nihil
1398 2537 1546 2577 differt.

113 2602 218 2640 Nam
259 2602 446 2653 quicquid
483 2603 693 2651 verberat,
742 2606 785 2642 id
824 2608 944 2644 etiam
982 2606 1100 2644 simul
1139 2618 1260 2643 omne
1297 2605 1548 2644 verberatur.

115 2673 181 2708 38.
203 2670 310 2719 Quia
333 2676 464 2708 autem
484 2683 605 2707 sonus
625 2672 756 2710 tenuis
776 2680 836 2711 est
855 2680 896 2712 et
912 2674 1068 2712 facilius
1087 2686 1206 2724 quam
1226 2673 1391 2724 spiritus
1409 2686 1550 2711 omnes

115 2750 178 2774 res
202 2743 407 2787 penetrat,
445 2743 598 2775 motum
627 2740 834 2778 antecedit.
892 2743 950 2779 At
975 2754 1066 2778 cum
1098 2740 1229 2779 minor
1251 2740 1400 2789 fuerit,
1430 2754 1547 2792 quam

116 2809 162 2842 ut
189 2810 336 2843 terram
367 2805 418 2842 ob
451 2805 683 2843 tenuitatem
712 2809 839 2858 possit
869 2821 1059 2854 movere,
1101 2808 1194 2860 quia
1230 2808 1393 2859 quidem
1430 2809 1549 2847 facile

118 2863 319 2920 penetrat,
358 2885 526 2910 movere
555 2886 636 2911 non
669 2881 822 2925 potest,
864 2875 934 2913 sed
965 2877 1055 2926 quia
1081 2877 1123 2914 in
1152 2875 1278 2915 solida
1307 2889 1480 2927 corpora
1510 2882 1550 2913 et
