1820 3158
323 356 414 400 148
481 347 780 407 EXCERPTA
800 367 880 406 EX
900 367 1194 406 COMMENT.
1213 368 1401 420 ALEX„
1423 371 1457 410 Ι.
1477 364 1621 410 PHIL'.

315 476 389 527 τῆς
425 473 593 528 σελήνης
630 472 876 515 δεικνύουσιν
912 473 1126 526 ἐκλείψεις·
1177 476 1212 516 εἰ
1243 476 1318 527 μὲν
1355 476 1431 532 γὰρ
1469 479 1735 534 περιγειοτέρα

317 534 421 581 οὖσα
449 541 608 587 τελείως
635 539 805 580 ἐκλείποι
834 540 997 581 πλείονα
1024 539 1186 595 χρόνον,
1224 542 1382 590 τελείως
1410 542 1638 598 ἀφώτιστος
1664 546 1737 598 με’-

316 622 396 658 νει,
433 604 487 653 ὡς
513 605 711 661 εύρυτέρῳ
738 605 848 660 μέρει
877 609 948 647 τοῦ
982 606 1113 648 κώνου
1136 608 1464 662 προσπίπτουσα·
1505 611 1539 650 εἷ
1562 610 1606 650 δὲ
1635 610 1738 652 ἀπό-

314 687 418 725 γειος
441 670 658 719 ἐλάττονα,
686 669 743 719 ὡς
769 671 846 728 γὰρ
876 673 1088 731 στενοτέρα
1115 677 1404 728 προσβαλοῦσα
1433 679 1483 731 τῇ
1512 679 1603 734 σκιᾷ
1629 679 1737 718 θᾶτ-

315 753 386 778 τον
415 736 542 791 αὐτὴν
569 737 861 793 παραλλάττει·
892 737 968 792 &a
996 739 1071 794 γὰρ
1102 737 1123 781 ὃ
1153 743 1226 793 τῆς
1254 744 1368 789 σκιᾶς
1395 741 1583 795 δηλονότι
1611 746 1739 791 κῶνος

313 803 387 857 τὴν
413 803 488 856 μὲν
514 804 635 857 βάσιν
663 804 765 860 πρὸς
795 804 897 861 αὐτῇ
926 809 976 862 τῇ
1005 809 1076 861 γῇ·
1115 803 1415 861 ὖπερεκπίπτων
1447 808 1491 849 δὲ
1519 808 1592 861 τὴν
1621 812 1738 862 σελη-

313 869 452 923 νιακὴν
480 877 658 926 σφαῖραν
685 871 759 925 τὴν
788 871 969 927 κορυφὴν
998 871 1123 914 αὐτοῦ
1153 876 1203 928 τῇ
1228 870 1424 930 Ἕρμαὶκῇ
1453 874 1737 928 προσβάλλου-

313 949 389 978 σαν
418 936 506 990 ἴχει.
556 939 590 979 εἲ
616 937 675 992 μὴ
705 938 781 994 γὰρ
812 936 1047 994 ὕπερέπιπτε
1076 937 1151 992 τὴν
1179 938 1437 993 σεληνιακήν,
1475 940 1548 982 οὒκ
1578 941 1736 994 ἔμελλεν

313 1003 369 1051 εἲς
398 1003 522 1045 αὐτὸν
553 1003 810 1058 ἔμπίπτεινῆ
842 1004 985 1059 σελήνη
1016 1009 1128 1046 πᾶσα
1168 1006 1233 1046 καὶ
1260 1006 1410 1062 χρόνον
1439 1007 1655 1062 διατρίβειν
1687 1006 1736 1047 ἇ-

312 1068 514 1124 φώτιστος
535 1070 600 1111 διὰ
621 1070 667 1112 τὸ
689 1075 762 1124 τῆς
791 1075 905 1120 σκιᾶς
931 1071 1083 1120 πλάτος
1111 1075 1185 1113 τοῦ
1214 1071 1460 1114 λεπτοτάτου
1487 1073 1636 1128 μέρους
1663 1077 1735 1114 τοῦ

311 1135 442 1177 κώνου
470 1136 690 1192 περαιτέρω
720 1136 872 1190 ταύτης
910 1136 1206 1192 κεχωρηκότος·
1254 1140 1289 1179 εἰ
1320 1133 1390 1180 οὖν
1418 1138 1545 1188 κῶνός
1573 1140 1679 1181 ἐστιν
1707 1138 1733 1193 ἦ

311 1201 403 1243 σκιὰ
438 1206 510 1257 τῆς
545 1207 637 1258 γῆς,
683 1207 819 1260 πολλῷ
851 1202 921 1258 ἄρ’
955 1204 1039 1244 ἐστι
1070 1208 1144 1244 τοῦ
1170 1202 1286 1257 ἡλίου
1313 1205 1491 1247 ἐλάττων
1517 1204 1542 1259 ἡ
1570 1210 1634 1260 γῆ.
1674 1208 1737 1255 τίς

311 1264 382 1310 οὗν
407 1267 456 1310 ἂν
483 1269 542 1323 εἴη
571 1273 629 1326 τῷ
657 1269 811 1319 ἔξωθεν
838 1269 998 1326 οὐρανῷ
1027 1270 1389 1326 παραβαλλομένη,
1415 1273 1450 1312 εἷ
1476 1272 1533 1325 μὴ
1562 1277 1620 1329 τῷ
1649 1272 1734 1314 ὄντι

310 1336 484 1393 σημείῳ·
526 1336 594 1377 διὰ
620 1337 695 1390 μὲν
727 1331 799 1378 οὖν
827 1336 1004 1385 τούτων,
1045 1334 1070 1390 ἦ
1098 1340 1171 1378 τοῦ
1198 1336 1398 1391 μεγέθους
1424 1341 1505 1379 τῶν
1531 1338 1734 1394 περιεχόν-

308 1418 391 1444 των
420 1401 621 1456 σωμάτων
645 1401 849 1459 ὑπερβολή
859 1433 872 1452 ,
904 1402 1006 1458 πρὸς
1035 1402 1108 1456 τὴν
1139 1401 1217 1444 ἀπὸ
1246 1406 1320 1457 τῆς
1346 1407 1419 1458 γῆς
1446 1405 1512 1445 καὶ
1540 1408 1613 1446 τοῦ
1632 1403 1733 1445 ὕδα-

309 1485 379 1517 τος
421 1468 742 1524 ἀποτελουμένην
791 1475 970 1525 σφαῖραν
1009 1469 1173 1523 ἐδείχθη
1192 1471 1241 1523 *).
1298 1472 1406 1512 Ioh.
1455 1473 1730 1526 Philopon.

307 1539 382 1578 fol.
412 1542 491 1585 80,
529 1553 565 1577 a.
595 1539 634 1578 b.

421 1609 460 1645 8.
490 1602 748 1658 Διαφέρει
777 1601 873 1658 γάρ
903 1601 1081 1654 οὐδέν,
1121 1599 1230 1643 οὐδ’
1266 1602 1409 1652 εἴτίς
1446 1617 1574 1658 φησι
1595 1632 1728 1644 .....

309 1666 466 1723 εἶναι]
507 1667 572 1711 ‘H
595 1668 698 1722 μετὰ
732 1675 849 1723 χεῖρα
885 1668 988 1717 λέξις
1025 1667 1098 1710 δύο
1130 1667 1219 1709 τινὰ
1246 1667 1517 1723 προβλήματα
1542 1670 1631 1723 περὶ
1658 1673 1732 1722 τῆς

309 1732 503 1789 ὁλότητος
529 1739 602 1776 τοῦ
630 1735 758 1791 πυρὸς
786 1736 1075 1790 παραδίδωσιν.
1111 1731 1153 1775 ιἓν
1171 1733 1258 1787 μέν,
1288 1736 1323 1776 εἷ
1346 1734 1451 1784 ὅλως
1479 1735 1609 1789 {oz-lv,-
1649 1735 1731 1777 ἕτε-

309 1817 381 1855 ρον
399 1802 443 1843 δὲ
462 1803 527 1843 καὶ
548 1801 685 1843 εἶ’ἒστι
703 1801 819 1855 μέχρι
842 1804 975 1855 [ποῦ],·
1005 1800 1107 1842 κατὰ
1131 1800 1204 1841 δύο
1227 1800 1303 1856 γὰρ
1333 1800 1543 1857 ἀμφίβολα
1571 1802 1730 1855 ἐποίησε

307 1866 354 1907 τὸ
375 1867 433 1920 μὴ
463 1866 643 1922 ὁρᾶσθαι
663 1867 708 1908 τὸ
729 1865 964 1920 ὑπέκκαυμα
980 1880 989 1890 ·
1021 1866 1098 1921 πρὸ
1129 1867 1174 1907 δὲ
1201 1870 1282 1908 τῶν
1311 1867 1384 1908 δύο
1414 1866 1727 1923 προβλημάτων,

309 1930 480 1987 ἀπορίαν
509 1932 600 1973 τινὰ
627 1932 897 1987 προβάλλεται
927 1934 992 1973 καὶ
1012 1937 1083 1985 τῆς
1102 1931 1274 1986 ἀπορίας
1294 1933 1391 1986 λέγει
1411 1934 1608 1988 τέσσαρας
1626 1945 1728 1986 ψευ-

308 1999 388 2047 δεῖς
417 1997 612 2047 έπιλύσεις
639 1999 704 2039 καὶ
734 1999 915 2052 διελέγχει
948 1997 1097 2046 αὐτάς·
1138 1999 1203 2039 καὶ
1233 2001 1458 2040 τελευταῖον
1486 1998 1558 2052 τὴν
1588 1999 1727 2053 ἀληθῆ

309 2063 440 2118 ἐπάγει
471 2064 662 2106 ἐπίλυσιν.
692 2064 767 2118 τὴν
797 2065 841 2105 δὲ
870 2063 1043 2119 ἀπορίαν
1072 2063 1368 2118 προλαμβάνει,
1406 2065 1507 2107 διότι
1537 2063 1562 2118 ἡ
1593 2066 1727 2106 ἐπίλυ-

308 2145 370 2179 σις
398 2135 472 2184 τῆς
501 2130 672 2186 ἀπορίας
697 2134 778 2172 τῶν
807 2131 879 2172 δύο
908 2129 1209 2186 προβλημάτων
1246 2131 1329 2172 ἐστὶ
1365 2130 1722 2184 κατασκευαστική·

308 2197 391 2238 ἐστὶ
420 2197 463 2238 δ’
489 2215 513 2250 η
544 2197 692 2252 ἀπορία
720 2196 909 2251 τοιαύτη·
939 2199 979 2238 τί
1002 2197 1050 2250 δή
1081 2213 1175 2238 ποτε
1204 2197 1245 2238 ἐν
1273 2202 1330 2238 τιὸ
1361 2197 1530 2253 ἀπογείῳ
1562 2197 1647 2253 ἀέρι
1677 2196 1720 2238 οἰ

308 2264 563 2305 συνίστανται
591 2264 718 2319 νέφη,·
754 2264 883 2305 καίτοι
910 2267 1065 2317 μᾶλλον
1094 2263 1170 2304 ε’δει
1201 2266 1482 2315 συνίστασθαι,
1514 2262 1616 2305 διότι
1640 2275 1724 2315 ψυ-

303 2329 497 2385 χρότερός
524 2330 630 2371 ἐστιν
659 2327 679 2370 ὃ
705 2329 887 2384 ἀπόγειος
915 2329 1006 2384 ἆηρ.
1047 2329 1113 2371 δια
1131 2331 1174 2371 τί
1201 2330 1244 2371 δε
1272 2329 1555 2384 μαθησόμεθα
1584 2329 1646 2371 ότι
1675 2330 1722 2371 οὗ

307 2398 560 2438 συνίστανται
589 2395 688 2451 νέφη
718 2397 840 2437 ἐκεῖσε
869 2398 991 2450 δηλοῖ
1012 2394 1037 2450 ἡ
1061 2396 1232 2451 ιστοριᾝα
1265 2398 1364 2452 φησὶ
1391 2397 1466 2452 γὰρ
1496 2394 1517 2437 ὃ
1540 2396 1722 2444 Ἀλεξαν-

307 2463 405 2517 δρος
422 2464 502 2517 **)‚
553 2462 614 2504 ὅτι
653 2463 695 2504 ἐν
726 2462 919 2518 Κυλλήνη
950 2461 1045 2517 ὄρος
1082 2461 1368 2517 υψηλότατον,
1415 2464 1456 2504 ἓν
1485 2463 1517 2518 ῴ
1547 2462 1719 2516 εγίνοντο

348 2616 380 2658 *)
409 2618 488 2651 Non
512 2618 772 2661 adscripsissem
799 2620 886 2653 haec
911 2618 1096 2663 Philoponi
1124 2620 1233 2654 verba
1256 2617 1446 2651 innumeris
1469 2618 1546 2651 fere
1569 2619 1717 2662 mendis,

393 2672 517 2715 quibus
541 2674 578 2707 in
600 2675 754 2709 editione
776 2675 904 2708 Aldina
927 2677 1124 2716 scatebant,
1162 2674 1268 2708 tacito
1291 2675 1422 2706 lectore
1449 2680 1611 2719 purgata,
1648 2676 1716 2709 nisi

391 2727 536 2761 alicuius
559 2730 595 2762 in
619 2730 764 2764 historia
789 2732 1021 2765 astronomiae
1044 2729 1209 2774 ponderis
1233 2739 1310 2761 esse
1333 2728 1597 2764 intellexissem.

347 2800 396 2844 **)
422 2804 515 2836 Nihil
539 2817 579 2838 ea
602 2808 645 2839 de
668 2819 706 2840 re
731 2807 765 2840 in
790 2807 1039 2840 commentario
1064 2806 1157 2849 (sive
1174 2805 1387 2848 paraphrasi)
1413 2818 1502 2850 quae
1524 2808 1630 2840 hodie
1650 2808 1713 2841 sub
