1774 3198
343 339 622 385 ADDENDA
651 338 726 379 ET
758 337 1140 379 CORRIGENDA.
1355 328 1450 372 639

121 463 167 491 ne
190 457 310 501 plures
341 456 485 491 afferam
515 455 627 489 locos.
674 452 726 486 Ita
749 449 902 486 omnium
930 449 1090 485 codicum
1114 446 1319 483 auctoritate
1341 448 1451 484 edidit

120 510 191 548 αιέι·
209 515 307 557 Phys.
331 513 396 557 IV,
418 511 454 550 4.
476 524 512 557 p.
536 512 616 554 211,
630 520 650 543 a
673 508 792 554 (atque
812 507 861 542 ita
887 513 1092 542 constanter
1113 506 1353 541 exhibendum
1369 518 1449 541 esse

122 569 260 604 censuit
292 567 605 616 Gottlingius.
635 565 702 600 cfr.
725 564 923 600 Comment.
953 565 997 599 ad
1021 564 1094 607 IV,
1120 565 1155 607 3,
1178 562 1272 607 22),
1309 568 1453 599 etmox

119 639 155 670 Ρ,
178 629 259 670 212,
278 638 299 661 a
321 627 448 661 eodem
472 625 510 659 in
532 622 647 668 capite
671 622 768 657 dedit
792 617 867 665 det,
888 627 927 656 ut
949 622 1027 656 fere
1048 620 1179 656 ubivis·
1207 621 1250 654 In
1271 623 1450 659 Meteorol.

119 682 192 724 IV,
216 684 282 726 10,
316 682 361 718 15
394 681 483 726 (nbi
504 681 587 718 vide
609 679 703 724 not.)
728 679 860 715 editum
879 684 934 714 est
961 675 1088 720 ῧελοςς
1126 677 1310 724 vulgarem
1335 683 1453 714 tamen

120 740 273 773 formam
295 739 460 784 praetulit
481 738 728 773 Bekkerus
751 739 862 771 Probl-
875 736 997 778 XXV,
1014 735 1048 770 9.
1069 746 1106 779 p.
1130 735 1210 778 939,
1233 745 1265 770 a.
1309 736 1350 769 In
1372 735 1453 771 Me·-

120 796 347 843 teorologicis
370 796 501 840 ubique
524 794 621 830 dedit
639 794 762 840 νίτρον
785 793 890 837 (vide
911 790 1056 835 indic.):
1083 796 1118 825 at
1131 792 1173 824 de
1187 803 1270 826 sens.
1287 803 1329 825 ac
1344 795 1454 827 sensili

120 863 152 887 c.
177 853 211 888 5.
233 865 267 897 p.
289 851 368 896 443,
382 864 403 886 a
424 851 546 886 maluit
570 850 743 886 exhibere
768 848 892 894 λίτρον
914 849 995 893 (cfr.
1017 848 1202 882 Lobeck
1223 849 1269 883 ad
1289 850 1452 895 Phryn.

119 920 155 952 Ρ.
165 909 269 952 305),
293 914 416 944 contra
438 907 607 942 stantibus
630 907 808 958 plerisque
832 905 1027 941 codicibus.
1072 907 1195 951 Neque
1218 911 1357 943 constat
1386 907 1455 946 sibi

120 966 366 1000 Bekkerus
388 965 428 999 in
453 965 665 1009 syllabarum
691 964 879 1000 divisione.
925 964 1042 1009 Quum
1065 962 1158 997 enim
1180 967 1357 1000 Mete-oroz-
1372 965 1456 1012 11‚6

121 1033 160 1066 Ρ.
182 1021 263 1065 364,
284 1034 317 1056 a.
341 1023 368 1056 1.
394 1022 436 1056 19
458 1020 699 1056 exhibuisset:
723 1020 1018 1065 προ-πίθηαι,
1041 1022 1152 1054 Probl.
1170 1019 1201 1063 1,
1219 1019 1253 1056 4.
1275 1034 1311 1067 Ρ.
1321 1022 1453 1067 864583

92 1068 103 1079 ⁶
119 1090 225 1122 προ-
239 1074 378 1120 σιστᾶν,
403 1079 576 1121 Physiogn.
598 1075 634 1112 4.
657 1089 692 1122 Ρ.
701 1078 834 1120 890,a:
860 1074 1208 1120 προ-σαρμόζοντα,
1229 1081 1384 1124 Metaph.
1409 1079 1457 1124 α’,

120 1134 155 1169 9.
177 1146 213 1179 p.
226 1136 305 1177 990,
322 1134 358 1169 b.
380 1135 404 1168 1.
417 1134 483 1169 293
506 1131 731 1177 με-θεκτᾶ,
752 1144 828 1168 non
852 1132 1026 1168 dubitavit
1047 1132 1203 1168 scribere
1224 1133 1459 1181 προσ-ήκειν

122 1193 164 1225 de
187 1195 278 1224 caelo
301 1191 357 1232 11,
383 1192 439 1224 13.
463 1203 500 1235 p.
522 1191 652 1232 293‚b.
674 1191 700 1224 l.
724 1192 758 1232 1,
789 1188 983 1230 κατ-ἐχειν
1005 1189 1048 1221 de
1069 1191 1150 1231 spir.
1174 1201 1208 1226 ο.
1225 1191 1257 1226 5.
1279 1191 1408 1238 p.484,
1422 1205 1456 1238 a,

121 1243 321 1291 ἆρ-σῖχναι
342 1248 440 1290 Phys.
463 1247 521 1291 ΙΙ,
545 1248 579 1282 8.
612 1257 648 1290 Ρ.
672 1246 762 1288 199,
786 1255 820 1281 a.
854 1245 880 1278 l.
901 1246 961 1287 22,
1002 1239 1184 1290 οἷν-ἄγκη
1207 1249 1306 1289 Phys.
1329 1247 1395 1292 111,
1420 1252 1458 1286 3.

116 1313 157 1348 p.
178 1306 258 1344 202,
268 1303 304 1337 b.
329 1304 354 1336 1.
369 1301 405 1336 4.
430 1303 496 1346 1V,
517 1304 551 1336 1.
575 1314 611 1347 p.
627 1302 708 1344 209,
723 1312 754 1335 a.
774 1301 800 1335 1.
815 1302 861 1334 27
889 1298 972 1340 (cfr.
988 1310 1023 1343 p.
1037 1300 1116 1342 214,
1125 1313 1156 1336 a.
1185 1304 1276 1338 1.16.
1290 1315 1325 1348 p.
1334 1307 1414 1349 227,
1424 1317 1457 1342 a.

119 1361 146 1398 l,
172 1358 227 1393 14.
251 1371 287 1403 p.
310 1360 391 1400 282,
419 1370 452 1394 a.
479 1360 505 1393 l.
529 1361 586 1392 31.
609 1369 644 1402 Ρ.
668 1356 802 1400 642‚a.
822 1356 848 1389 l·
863 1357 907 1389 12
930 1366 971 1390 ac
992 1356 1156 1400 saepius).
1201 1359 1326 1404 Neque
1347 1363 1459 1410 magis

118 1414 186 1449 sibi
211 1421 350 1450 constat
373 1415 411 1449 in
435 1415 651 1449 accentibus.
696 1415 752 1448 Ita
774 1411 886 1455 enim,
914 1418 954 1447 ut
980 1414 1151 1448 nonnulla
1171 1415 1294 1450 saltem
1317 1417 1460 1455 afferam

121 1473 305 1515 exempla,
340 1472 438 1515 μίξις
467 1471 563 1506 dedit
591 1473 634 1505 de
659 1483 731 1504 sens
755 1482 796 1503 ac
820 1471 928 1503 sensili
956 1471 990 1503 3.
1014 1482 1049 1514 p.
1073 1469 1153 1514 440,
1166 1482 1199 1506 a·
1225 1474 1268 1506 de
1287 1486 1398 1516 gener.
1426 1483 1459 1511 et

120 1530 240 1561 interit.
262 1529 294 1571 I,
322 1530 377 1563 10.
400 1540 435 1572 p.
459 1529 538 1570 327,
550 1539 582 1572 a,
607 1539 648 1562 ac
671 1525 830 1571 saepius:
856 1530 892 1559 at
915 1525 1012 1569 μῖξις
1035 1526 1199 1562 exhibuit
1226 1532 1382 1575 Metaph.
1410 1529 1461 1578 α’,

120 1586 156 1619 8.
180 1596 215 1628 Ρ.
239 1585 318 1627 990,
332 1595 365 1619 a.
411 1584 453 1617 In
477 1583 569 1618 libro
593 1586 635 1618 de
656 1597 739 1618 sens.
761 1596 803 1617 ac
825 1584 934 1616 sensili
957 1593 987 1616 c.
1008 1582 1042 1617 5.
1070 1595 1106 1627 Ρ.
1121 1582 1234 1629 444‚b
1257 1587 1355 1622 dedit
1374 1589 1461 1623 κνί-

119 1649 206 1675 παςε
231 1646 266 1674 et
288 1639 327 1674 in
349 1643 439 1674 Hist.
459 1643 592 1675 animal.
615 1640 682 1683 IV,
706 1641 740 1674 8.
763 1651 799 1683 Ρ.
813 1638 927 1682 534,b
952 1641 1076 1675 κνῖπες
1100 1647 1146 1675 et‘
1156 1641 1206 1676 ita
1229 1643 1356 1679 deinde
1379 1647 1459 1690 plus

121 1697 244 1731 semel.
290 1698 403 1741 Haec,
428 1709 518 1742 quae
545 1698 590 1732 ad
612 1702 772 1731 nostrum
793 1697 838 1730 de
860 1695 1019 1730 Bekkeri
1040 1696 1078 1731 in
1098 1697 1329 1735 Aristotelem
1352 1702 1462 1737 meri-

122 1752 169 1787 tis
192 1752 361 1787 iudicium
387 1753 634 1788 stabiliendum
657 1753 845 1795 sufficiant,
868 1764 919 1787 ex
940 1754 1122 1788 sexcentis
1144 1756 1314 1803 elegimus
1338 1769 1462 1794 exem-

121 1811 202 1855 pla,
234 1821 282 1844 ne
305 1810 587 1846 dissertationem
618 1810 736 1854 potius
769 1820 874 1854 quam
910 1811 1146 1846 adnotationis
1182 1816 1461 1859 supplementum

121 1867 306 1911 scripsisse
336 1867 551 1903 videremur.
604 1868 710 1901 Haud
741 1878 927 1902 amoenum
959 1868 1121 1911 profecto
1149 1869 1373 1915 vituperandi
1407 1880 1462 1909 est

119 1924 314 1970 negotium,
339 1924 544 1970 idcircoque
566 1930 742 1969 optamus,
764 1930 804 1959 ut
826 1923 914 1958 alius
938 1924 983 1959 de
1004 1935 1100 1962 nova
1122 1925 1183 1961 illa
1205 1928 1360 1964 editione
1381 1941 1461 1965 sur-

119 1986 180 2027 gat
201 1992 350 2015 severus
377 1992 419 2015 ac
445 1980 557 2016 iustus
583 1982 706 2016 iudex.

30 2037 70 2071 P.
91 2039 149 2071 20.
194 2037 221 2071 l.
246 2039 303 2074 11.
327 2053 373 2062 -
395 2039 493 2084 Lege
518 2035 720 2082 ἑλκομένης.

31 2113 51 2120 -
94 2093 154 2127 26.
199 2112 217 2122 ·
261 2095 297 2128 5.
319 2112 366 2121 —
396 2096 482 2129 Post
505 2090 651 2138 ἀστέρος
674 2103 769 2138 pone
792 2105 941 2129 comma.

31 2169 48 2175 -
93 2149 152 2183 67.
197 2169 217 2176 —
261 2149 297 2184 9.
319 2169 366 2176 -
396 2151 482 2184 Post
505 2145 669 2193 πότιμον
693 2151 784 2184 adde
805 2152 985 2195 punctum

31 2225 52 2234 -
95 2204 153 2239 68.
198 2224 218 2232 -
262 2205 298 2240 6.
321 2225 368 2232 -
400 2208 470 2240 Pro
490 2204 620 2251 γελῶσι
639 2207 720 2253 lege
742 2203 887 2251 γελοῖοι.

30 2279 50 2287 -
94 2278 142 2286 -
196 2279 216 2287 -
242 2263 299 2295 17.
322 2279 366 2286 -
398 2263 491 2296 Dele
513 2267 682 2306 punctum
705 2268 786 2306 post
806 2257 1121 2307 μεταβαλλόντων.

31 2336 52 2344 -
95 2318 154 2351 72.
199 2336 220 2344 -
263 2316 298 2351 6.
321 2336 367 2343 -
394 2319 491 2365 Lege
513 2319 622 2361 μέσον
645 2328 712 2363 pro
734 2319 858 2362 μέσου.

31 2393 52 2400 -
76 2373 157 2409 131.
203 2390 222 2399 -
266 2373 301 2407 ’7.
324 2390 369 2398 -
397 2374 494 2421 Lege
517 2370 656 2416 ὅμοιον.

31 2447 51 2455 -
96 2447 143 2454 -
186 2433 262 2462 not.
288 2444 334 2451 —
354 2429 461 2465 Adde
485 2433 646 2465 Problem.
669 2432 737 2475 XI,
752 2430 806 2467 49.
830 2443 865 2476 p.
890 2429 971 2474 904,
982 2430 1018 2465 b.
1043 2431 1168 2475 XXV,
1184 2431 1217 2467 9.
1240 2443 1274 2476 p.
1285 2433 1399 2478 939,a
1424 2441 1460 2471 et

121 2495 211 2530 quae
233 2485 433 2520 monuimus
459 2487 503 2520 ad
528 2488 564 2530 Ι,
590 2487 634 2532 6,
658 2490 692 2523 3.
716 2500 751 2532 Ρ,
773 2488 843 2523 384
864 2491 919 2533 aqi
945 2489 975 2531 1,
999 2488 1034 2532 8,
1059 2490 1115 2523 10.
1142 2499 1178 2533 Ρ.
1198 2488 1279 2524 417.

31 2559 56 2569 -
78 2542 156 2576 132.
180 2546 255 2580 not.
279 2541 332 2585 †).
356 2561 402 2570 -
425 2542 502 2578 scr.
525 2540 618 2576 καθ’
643 2541 746 2580 αὖτᾶ.

29 2611 51 2620 -
95 2614 142 2643 -,-
207 2617 228 2625 -
250 2597 336 2641 ††).
353 2618 399 2626 —
422 2599 655 2634 Scribendum
680 2599 751 2634 iam
780 2611 875 2635 nunc
905 2599 1009 2635 nobis
1031 2600 1191 2636 videtur:
1232 2597 1360 2645 ἔχομεν
1390 2600 1461 2648 γὰρ

122 2655 275 2698 τροφεῖα
302 2650 400 2698 αὐτῷ’
425 2652 665 2700 ἐπινέμοντες
688 2654 815 2696 δεῖξαι.
848 2659 915 2692 cfr.
945 2658 1011 2692 fol.
1037 2659 1101 2698 38,
1125 2658 1170 2691 b:
1206 2654 1284 2692 οἷον
1308 2658 1460 2703 τροφεῖα

123 2705 316 2754 ἄπονέμων
336 2707 588 2757 Ἀριστοτέλει.
609 2712 676 2748 fol.
696 2713 753 2756 53,
766 2714 807 2748 b:
831 2710 909 2749 οἷον
930 2716 1079 2759 τροφεῖα
1102 2710 1344 2758 ἀπονέμοντες
1366 2709 1460 2760 Ἀρι-

123 2764 292 2802 nassau.

35 2841 54 2849 ·-
79 2819 156 2857 134.
179 2827 252 2858 not.
275 2821 363 2866 ***).
386 2838 432 2848 -
453 2822 558 2860 Adde
582 2825 760 2870 Geopom'c.
785 2825 815 2869 Ῑ,
839 2827 895 2870 12,
920 2825 976 2862 36.
999 2837 1036 2871 Ρ.
1059 2826 1116 2862 58.
