1820 3158
276 324 408 380 V111'
757 328 1164 385 PRAEFA'rlo.

275 464 414 491 mero
429 451 507 505 ¹⁶).
537 450 700 492 Deinde
719 451 910 492 Posido
922 453 1053 502 nius,
1074 466 1195 506 quem
1220 451 1250 492 S
1262 452 1379 494 trab
1392 465 1416 492 o
1439 449 1680 507 ἀριστοτελί-

275 519 350 567 ζειν
378 519 484 560 dixit
496 522 523 557 .¹
534 519 572 572 ⁷)
585 548 597 568 ‚
640 517 966 575 Meteorol9gica
1006 528 1100 559 ante
1131 519 1274 561 oculos
1307 520 1452 561 habuit
1461 549 1474 570 ‚
1513 521 1574 560 uti
1602 534 1679 560 nos

274 583 414 626 multis
454 587 497 626 in
531 585 634 626 locis
672 586 1041 627 demonstravimus
1066 590 1080 609 ¹
1092 587 1144 640 ⁸).
1228 588 1365 628 Etiam
1405 587 1436 628 P
1447 601 1470 627 ο
1479 586 1527 640 ly
1536 585 1562 627 b
1572 588 1623 627 iu
1632 601 1652 627 s
1663 615 1677 636 ‚

273 652 396 692 sicuti
425 653 573 694 Ethica
599 657 614 676 ¹
623 653 664 705 ⁹)
697 661 738 692 et
765 651 939 693 Politice
958 655 975 677 2
984 654 1024 706 .0)
1061 656 1186 695 etiam
1223 664 1387 696 nostros
1398 684 1410 705 ‚
1450 655 1501 695 de
1531 654 1679 709 quibus

273 721 434 773 agimus
445 750 456 770 ‚
493 719 624 760 libros
652 721 837 774 respexit
857 720 937 774 2¹).
1007 719 1212 762 Tacemus
1239 723 1290 762 de
1316 724 1556 776 posterioris
1586 723 1680 762 aevi

273 786 774 849 scriptoribusffiPlinio
789 817 801 838 ‚
833 786 935 827 Sen
949 801 1063 838 eea,
1103 788 1304 829 Galeno
1325 790 1415 843 22),
1453 791 1524 845 qui
1555 792 1679 830 etiam

273 862 463 906 quartum
490 853 645 896 librum
674 854 858 896 laudavit
880 860 899 881 2
910 856 968 909 ³),
1007 855 1036 896 S
1048 858 1114 897 im
1124 856 1174 911 pl
1185 858 1201 897 i
1212 858 1258 897 ci
1269 871 1294 897 ο
1315 857 1381 910 2⁴²)
1394 886 1406 907 ,
1446 857 1682 898 Scholiasta

271 921 324 961 ad
352 921 414 962 Di
426 937 449 963 ο
462 937 487 962 n
499 937 525 976 y
538 924 619 964 siu
632 937 674 963 m
702 922 1037 978 Periegetam
1051 925 1142 977 ²⁵),
1171 933 1216 966 ut
1233 939 1407 980 graecos
1435 927 1680 980 interpretes

304 1076 313 1082 =
360 1057 416 1101 16)
443 1061 562 1101 Geogr.
586 1062 726 1103 Epitom.
752 1060 801 1103 11,
828 1058 882 1093 14.
908 1071 944 1103 p.
965 1061 1021 1095 57.
1049 1061 1103 1095 ed.
1129 1062 1326 1097 Hudson.
1371 1062 1462 1099 Vide
1486 1061 1679 1098 Commenr.

270 1116 313 1148 ad
337 1115 382 1155 ΙΙ.
409 1119 440 1158 1,
465 1119 520 1151 12.
548 1128 584 1160 p.
609 1119 687 1151 502.

359 1174 416 1215 17)
449 1175 496 1217 11,
519 1177 552 1207 2.
580 1186 614 1218 p.
639 1175 703 1209 163
727 1172 772 1207 A.

359 1230 414 1273 18)
439 1231 531 1266 Vide
554 1231 748 1266 Comment.
775 1231 816 1263 ad
839 1231 884 1273 ΙΙ,
908 1231 941 1273 5,
966 1235 1020 1264 11.
1048 1243 1082 1275 p.
1109 1232 1175 1266 565
1198 1242 1239 1265 ac
1261 1232 1409 1275 saepius.

359 1289 418 1330 19)
449 1290 513 1332 VI,
539 1291 570 1322 1.
688 1287 745 1331 20)
769 1289 852 1328 XII,
878 1289 910 1322 5.
933 1290 1017 1332 X11,
1033 1290 1068 1324 9.
1092 1290 1155 1323 cfr.
1180 1289 1321 1323 Stahr
1345 1291 1370 1324 l.
1386 1290 1411 1324 1.
1434 1288 1479 1324 ΙΙ.
1502 1301 1535 1333 p.
1548 1291 1612 1323 103
1624 1301 1678 1333 sq.

356 1345 416 1387 21)
446 1346 520 1384 cfr.
547 1346 780 1381 commentar.
806 1346 849 1378 ad
871 1347 906 1388 Ι,
933 1345 988 1389 14,
1012 1347 1068 1382 30.

357 1402 416 1445 22)
446 1404 684 1438 Adscribimus
708 1404 816 1438 verba
842 1402 916 1436 eius
950 1405 991 1436 de
1014 1406 1158 1436 natural.
1183 1402 1339 1444 facultas.
1371 1404 1410 1446 Ι,
1434 1405 1467 1438 3.
1505 1405 1609 1438 Tom.
1632 1405 1676 1440 ΙΙ,

266 1471 301 1502 p.
325 1462 359 1494 8.
399 1463 455 1495 ed.
480 1463 609 1495 Kiihn
647 1462 717 1502 (V.
751 1473 786 1504 p.
812 1463 867 1495 11.
902 1462 957 1495 ed.
982 1459 1227 1504 charnu-0:
1260 1464 1320 1494 καὶ
1346 1457 1489 1503 πρῶτός
1523 1457 1555 1503 γ’
1579 1455 1678 1503 Ἀρι-

267 1516 432 1560 στοτέλης
455 1516 518 1553 τὰς
540 1517 613 1552 τοῖν
632 1516 726 1551 κατὰ
746 1518 850 1559 μέρος
867 1513 1039 1551 ἁπάντων
1062 1514 1179 1552 αἰτίας
1202 1514 1250 1551 εἷς
1273 1514 1407 1551 ταύτας
1431 1514 1580 1561 ἀνοίγειν
1599 1530 1679 1550 πει-

266 1571 377 1617 ρᾶται
400 1571 464 1608 τοὶς
490 1571 614 1618 α’ρχοῖς.
647 1571 871 1617 ἠκολούθησε
897 1570 937 1606 δ’
961 1570 1107 1618 ὕστερον
1136 1571 1232 1616 mito?
1253 1578 1310 1608 ua*
1349 1571 1359 1583 ‘
1400 1571 1409 1582 ’
1451 1571 1459 1582 “

266 1626 378 1673 χορός.
406 1634 524 1665 καίτοι
548 1626 684 1664 τούτοις
703 1631 782 1673 μέν,
806 1627 852 1663 ὥς
870 1628 917 1663 (ἲν
943 1633 1003 1662 καὶ
1027 1627 1147 1663 αὐτῶν
1164 1628 1234 1664 τῶν
1259 1632 1444 1672 στοιχείων
1467 1628 1534 1673 τήν
1549 1628 1598 1664 εἷς
1612 1629 1678 1665 ὄίλ-

266 1683 358 1728 ληλα
377 1686 581 1731 μεταβολὴν
604 1683 722 1730 χύσεσί
745 1688 785 1720 τέ
807 1699 879 1720 τισι
903 1689 961 1719 καὶ
984 1683 1170 1727 πιλήσεσιν
1193 1681 1438 1729 α’ναφέρουσιν,
1467 1686 1611 1733 εὔλογον
1633 1683 1685 1731 ἦν

200 1743 210 1753 ’“
265 1739 378 1787 οἷρχᾶς
401 1741 592 1787 δραστικὰς
615 1740 844 1786 ποιήσασθαι
866 1740 909 1776 τό
936 1739 1073 1785 θερμὸν
1095 1746 1154 1775 καὶ
1177 1739 1216 1775 τὸ
1241 1739 1391 1786 ψυχρόν.
1434 1738 1689 1787 ’.ΑριστοτέληςΔ

265 1797 288 1834 ὃ
296 1797 305 1808 '
323 1798 386 1843 οὐχ
414 1798 524 1835 οὕτως
534 1825 543 1841 ,
569 1797 662 1834 οἷλλοὶ
685 1802 840 1843 τέτταρα
863 1795 1052 1840 ποιότησιν
1075 1794 1123 1832 εἰς
1146 1796 1213 1841 τὴν
1238 1797 1311 1832 τῶν
1337 1800 1519 1840 στοιχείων
1541 1801 1677 1843 γένεσιν

264 1859 431 1901 χρωμένῳ
454 1856 597 1903 βέλτιον
619 1853 665 1900 ἦν
686 1862 745 1891 καὶ
768 1854 832 1890 τοῖς
854 1853 926 1889 τῶν
949 1852 1042 1888 κατὰ
1065 1855 1170 1899 μέρος
1194 1852 1339 1889 ἇποίσας
1362 1852 1480 1889 αἰτίας
1510 1853 1558 1889 εἷς
1581 1854 1676 1890 ταύ-

262 1925 326 1949 τας
353 1912 512 1959 οἷνιίγειν.
554 1913 591 1948 τί
614 1911 742 1955 δήποτ’
765 1908 825 1948 οἷν
847 1911 885 1946 ἐν
911 1914 985 1946 τοῖς
1015 1915 1098 1953 περὶ
1130 1913 1295 1955 γενέσεως
1324 1915 1383 1945 καὶ
1418 1910 1562 1955 φθορᾶς
1595 1912 1676 1946 ταῖς

263 1962 428 2015 τέτταρσι
450 1969 580 2016 χρῆται
591 1996 600 2013 ,
626 1970 664 2006 ἐν
687 1968 723 2004 δὲ
749 1973 822 2005 τοῖς
843 1966 1153 2012 μετεωρολογικοῖς
1175 1972 1235 2002 καὶ
1258 1967 1332 2002 τοῖς
1354 1967 1587 2015 προβλήμασι
1613 1972 1675 2004 καὶ

263 2026 398 2063 ἄλλοθι
420 2025 625 2071 πολλαχόθι
648 2027 726 2062 ταῖς
747 2023 807 2061 δύο
827 2023 974 2070 μόναις,·
1195 2071 1201 2077 ⁴

351 2086 407 2129 23)
431 2090 485 2120 De
507 2094 615 2119 natur.
634 2085 754 2126 facult.
785 2086 846 2126 111,
875 2086 907 2118 9.
942 2085 1045 2116 Tom.
1071 2081 1118 2117 11.
1148 2094 1182 2126 p.
1210 2083 1274 2116 167
1298 2082 1360 2123 (V.
1384 2094 1420 2126 p.
1444 2080 1501 2124 62)
1514 2094 1522 2115 :
1557 2078 1673 2126 ὥσπερ

262 2140 304 2177 οὗ
321 2139 458 2187 σαφῶς
470 2140 733 2186 Ἀριστοτέλους
758 2141 795 2175 ἕν
817 2136 847 2174 τ’
864 2137 986 2174 ἄλλοις
1007 2137 1149 2174 πολλοῖς
1172 2135 1241 2174 κᾶν
1265 2137 1315 2182 τῷ
1338 2135 1497 2183 τετάρτῳ
1521 2138 1594 2173 τῶν
1608 2151 1674 2182 με-

261 2198 523 2244 τεωρολογικῶν
532 2225 542 2241 ,
576 2196 676 2234 ὅπως
698 2195 722 2242 ἦ
745 2199 854 2238 πέψις
885 2194 1013 2242 ἑψήσει
1046 2195 1297 2242 παραπλήσιος
1331 2196 1422 2232 εἶναι
1445 2196 1587 2242 λέγεται
1608 2201 1675 2246 ’καὶ

261 2254 320 2291 ὅτι
340 2256 391 2300 μὴ
412 2253 563 2299 πρώτως
585 2252 676 2299 μηδὲ
700 2257 825 2297 κυρίως
848 2250 1116 2298 ὀνομαζόντων,·
1138 2251 1332 2299 εἰρηκότος.

348 2314 409 2356 24)
441 2316 521 2348 Plus
551 2325 654 2357 quam
680 2313 824 2359 triginta
850 2312 936 2346 locis
969 2312 1006 2345 in
1032 2312 1289 2346 commentariis
1313 2313 1355 2345 ad
1384 2311 1492 2345 libros
1516 2313 1557 2344 de
1582 2315 1672 2344 caelo

260 2384 296 2407 v.
309 2384 338 2407 c.
358 2374 419 2406 fol.
437 2376 468 2415 1,
480 2383 520 2405 a:
546 2370 583 2405 ἐν
607 2368 643 2405 δὲ
666 2368 714 2413 τῷ
741 2370 914 2413 προοιμίῳ
937 2366 1009 2403 τῶν
1030 2366 1219 2414 μετεώρων
1241 2367 1373 2414 γράφει
1394 2365 1510 2402 ταῦτα
1520 2376 1530 2387 ·
1553 2370 1618 2402 Πε
1629 2370 1674 2411 ρὶ

259 2429 340 2473 μὲν
364 2423 440 2462 οὖν
463 2426 553 2463 τῶν
575 2423 768 2470 πρώτων
796 2424 964 2461 αἰτίων
989 2425 1072 2470 τῆς
1095 2424 1271 2471 φύσεως
1295 2429 1371 2460 καὶ
1399 2429 1506 2468 περὶ
1531 2417 1675 2466 πᾶσης

261 2484 456 2531 φυσικῆς
494 2481 687 2528 κινήσεω
701 2495 738 2524 ς,
784 2483 855 2518 ἔτι
887 2481 933 2518 δὲ
963 2488 1070 2528 περὶ
1107 2482 1193 2518 τῶν
1231 2481 1674 2525 διακεκοσμημένων

260 2541 447 2586 ἄστρων
470 2540 588 2577 κατὰ
615 2539 702 2585 τὴν
729 2538 819 2575 ἅνω
842 2538 1013 2585 φοροῖν,
1039 2543 1122 2574 καὶ
1142 2544 1252 2584 περὶ
1275 2539 1364 2575 τῶν
1386 2534 1674 2581 σωματικῶν

263 2603 535 2644 στοιχείων,
579 2595 707 2633 πόσα
740 2602 819 2633 καὶ
850 2598 985 2640 ποῖα,
1022 2601 1233 2640 καὶπερὶ
1265 2595 1348 2640 τῆς
1381 2592 1449 2630 εἰς
1485 2592 1672 2637 ἄλληλα

258 2655 531 2702 μεταβολῆς
556 2660 630 2691 καὶ
656 2659 759 2699 περὶ
783 2657 1009 2700 γενέσεως
1047 2668 1068 2690 κ
1082 2658 1128 2689 αὶ
1155 2651 1338 2698 φθοραῖς
1359 2649 1517 2687 κοινῶς
1541 2651 1672 2696 εἴρη-

263 2726 342 2748 ται
363 2711 606 2760 πρότερον,
628 2715 689 2748 fol.
715 2715 749 2756 5,
770 2713 791 2747 b
816 2719 850 2747 et
874 2724 907 2747 ο.

347 2770 402 2812 25)
430 2769 487 2803 Ad
510 2781 547 2805 v.
573 2773 650 2806 718.
672 2783 705 2815 p.
724 2771 790 2806 359
817 2771 872 2805 ed.
896 2769 1179 2813 Bernhardy.
