1774 3198
393 354 614 397 LIBRUM
639 349 964 395 SECUNDUM.
1022 349 1141 391 CAP.
1156 347 1253 392 vn.
1431 338 1525 386 585

107 469 239 523 ξύλον,
267 468 295 524 ’ἢ
312 484 351 512 τι
378 470 563 511 τοιοῦτον
592 464 740 519 ἕτερον.
785 466 873 506 Iam
897 462 1005 502 illud
1020 463 1068 501 in
1085 462 1321 515 argumenti
1336 462 1425 502 loco
1445 474 1528 512 po-

107 543 213 587 suit,
242 554 380 592 aquas
400 551 486 576 esse
509 539 556 575 in
576 549 730 584 causa,
758 533 906 586 quibus
928 531 999 569 hio
1026 529 1140 569 orbis
1170 529 1388 582 agitatur,
1419 528 1531 581 quod

109 610 156 646 in
186 609 299 646 omni
330 607 486 645 maiore
514 611 629 653 motu
657 607 875 652 erumpunt
893 598 995 655 fere
1023 600 1124 640 novi
1142 594 1310 653 fontes.-
1346 599 1457 636 sicut
1484 598 1530 635 in

107 676 297 726 navigiis
315 687 478 726 quoque
498 672 646 716 evenit,
677 676 736 718 ut,
763 669 803 706 si
822 668 1034 706 inclinata
1053 673 1150 703 sunt
1169 671 1210 702 et
1231 663 1375 702 abiere
1401 666 1449 702 in
1465 665 1531 702 la-

109 749 194 788 tus,
225 754 384 792 aquam
401 739 615 784 sorbeant,
647 748 754 788 quae
775 736 821 772 in
839 735 952 772 omni
970 746 1090 772 onere
1110 745 1252 769 eorum
1276 745 1382 784 quae
1401 732 1530 780 vehit,

108 811 147 847 si
164 808 379 848 immodice
398 807 593 857 depressa
612 810 722 853 sunt,
754 809 828 840 aut
846 799 1177 856 superfunditur,
1209 807 1287 837 aut
1306 806 1414 838 certe
1432 799 1534 839 dex-

109 883 180 913 tra
196 877 450 926 sinistraque
472 874 592 911 solito
615 871 754 922 magis
774 868 922 920 surgit.
978 867 1100 906 Unde
1119 867 1249 905 elucet
1267 867 1317 904 ad
1340 867 1534 907 Thale-

109 948 209 980 tem
237 942 440 993 pertinere
461 940 587 978 verba
608 935 881 977 Plutarchi
909 933 1008 973 haec
1027 936 1094 975 ].1.
1122 949 1164 986 p.
1181 938 1254 974 91:
1285 931 1324 972 οἱ
1349 932 1396 973 δέ
1410 946 1534 988 φασιν

110 1006 170 1061 ἐφ’
193 1005 345 1055 ὓδατος
376 1006 622 1058 [ἐποχεῖσθαι
649 1001 722 1056 τὴν
750 1003 861 1056 γῆν],
900 999 1088 1055 καθάπερ
1114 999 1166 1040 τὰ
1194 998 1437 1054 πλατανώδη
1467 1001 1534 1042 καὶ

111 1073 313 1128 σανιδώδη
344 1073 406 1114 ἐπὶ
436 1076 518 1113 τῶν
546 1068 727 1120 ὑδάτων,
768 1066 836 1109 διὰ
864 1071 983 1108 τοῦτο
1013 1070 1226 1108 κινεῖσθαι.
1294 1070 1383 1119 Qua
1414 1071 1456 1108 in
1487 1084 1535 1109 re

110 1142 295 1182 dissensit
322 1158 344 1182 a
372 1141 589 1181 Thalete
617 1138 895 1186 Democritus,
921 1134 1001 1188 {qui
1030 1137 1195 1175 minime
1223 1142 1348 1174 totam
1383 1142 1531 1175 terram

110 1211 264 1250 moveri
289 1209 462 1257 censuit,
490 1207 726 1255 arbitratus,
755 1219 845 1244 cum
863 1204 1081 1255 aequaliter
1100 1203 1364 1255 undequaque
1384 1219 1406 1243 a
1425 1205 1534 1243 caelo

109 1283 216 1316 terra
232 1277 369 1325 distet,
400 1276 551 1313 nullam
577 1286 732 1312 causam
756 1272 911 1319 adesse,
941 1277 1109 1323 propter
1143 1284 1261 1322 quam
1293 1269 1375 1309 huc
1402 1271 1536 1322 potius

109 1357 226 1396 quam
245 1345 338 1383 illue
357 1348 516 1394 vergat,
545 1341 726 1392 adeoque
746 1340 932 1378 tellurem
961 1339 1005 1377 in
1025 1338 1262 1389 aequilibrio
1286 1352 1535 1389 permanere,

19 1404 237 1495 ‘leque
263 1412 431 1459 moveri,
451 1410 520 1448 sed
539 1416 695 1447 tantum
715 1407 886 1446 concuti.
903 1426 960 1434 —-
988 1405 1273 1444 Democriti
1300 1406 1535 1445 sententiam

110 1480 297 1530 exposuit
316 1477 460 1516 deiude
481 1475 826 1515 Aristoteles:
855 1486 1067 1524 suppresso
1086 1473 1260 1511 auctoris
1282 1473 1447 1510 nomine
1470 1487 1537 1511 re-

108 1545 250 1584 fellere
268 1547 384 1583 etiam
406 1545 539 1583 studet
558 1545 654 1581 Sen
666 1556 748 1580 eca
772 1543 942 1592 Quaest.
957 1548 1045 1580 nat.
1064 1540 1139 1587 VI,
1160 1542 1200 1589 7,
1219 1540 1400 1592 quamvis
1417 1553 1538 1592 argu-

109 1612 254 1650 mentis
271 1626 414 1662 parum
435 1611 576 1650 validis
597 1611 646 1648 sit
665 1623 772 1648 usus.
800 1609 873 1647 cfr.
890 1608 963 1655 VI,
983 1611 1050 1646 20.

221 1677 556 1716 Anaximenis
585 1676 904 1728 explicationem,
933 1680 1094 1726 praeter
1115 1673 1391 1723 Aristotelem,
1421 1681 1537 1714 retu-

108 1744 157 1783 lit
185 1745 303 1782 etiam
335 1746 530 1783 Seneca
561 1745 727 1795 Quaest.
749 1750 892 1781 natur.
919 1742 993 1788 VI,
1016 1745 1080 1790 10,
1102 1744 1122 1779 1
1146 1753 1232 1793 sqq.
1289 1741 1370 1780 Sed
1387 1756 1439 1780 ex
1457 1744 1535 1782 alio

110 1812 223 1851 fonte
250 1811 401 1861 hausit,
440 1825 557 1862 quam
584 1811 920 1849 Aristoteles.
983 1810 1114 1859 Quam
1138 1809 1190 1847 ob
1216 1822 1306 1847 rem
1332 1809 1416 1848 eius
1437 1810 1535 1850 haec

110 1878 236 1917 verba
252 1879 457 1917 adscribo:
484 1878 763 1916 Anaximenes
781 1879 868 1926 ait,
897 1884 1056 1915 terram
1073 1865 1210 1929 ipsam
1229 1876 1315 1914 sibi
1330 1890 1413 1914 esse
1433 1891 1536 1917 cau..

110 1958 217 1991 sam,
245 1959 320 1985 nec
341 1946 594 1984 extrinsecus
614 1946 838 1990 incurrere,
873 1945 987 1995 quod
1002 1942 1119 1981 illum
1139 1944 1352 1993 impellat.-
1378 1944 1455 1982 sed
1468 1948 1539 1984 in-

110 2019 182 2048 tra
204 2013 342 2061 ipsam
365 2019 405 2049 et
424 2025 474 2050 ex
495 2014 588 2062 ipsa
611 2012 816 2064 quasdam
829 2019 978 2061 partes
997 2011 1084 2048 eius
1105 2010 1304 2058 decidere,
1334 2025 1439 2061 quas
1462 2021 1537 2051 aut

111 2076 259 2115 humor
285 2078 476 2127 solverit,
517 2085 594 2116 aut
620 2079 732 2129 ignis
764 2075 979 2126 exederit,
1021 2084 1097 2114 aut
1127 2078 1303 2126 spiritus
1332 2078 1537 2118 violentia

113 2144 324 2182 exusserit.
380 2143 460 2182 Sed
485 2145 552 2182 Izis
585 2157 744 2195 quoque
771 2144 1029 2182 cessantibus
1060 2157 1144 2181 non
1169 2142 1329 2191 deesse,
1362 2153 1537 2195 propter

114 2208 227 2259 quod
250 2209 419 2259 aliquid
444 2211 646 2249 abscedat
665 2217 742 2247 aut
760 2211 995 2248 revellatur.
1052 2210 1171 2247 Nam
1187 2211 1370 2258 primum
1395 2216 1536 2251 omnia
1574 2235 1578 2238 ·

112 2281 320 2334 vetgcstate
355 2277 578 2325 labuntur,
615 2290 690 2315 nec
721 2276 952 2327 quidquam
989 2283 1123 2313 tutum
1161 2289 1190 2312 a
1218 2284 1426 2325 senectute
1459 2287 1534 2318 est.

114 2338 237 2378 Haec
257 2341 394 2379 solida
419 2356 578 2394 quoque
604 2351 646 2381 et
667 2343 815 2394 magni
832 2342 992 2381 roboris
1011 2343 1167 2392 carpit.
1222 2341 1375 2394 Itaque
1395 2359 1537 2396 quem-

114 2407 338 2445 admodum
357 2409 403 2446 in
421 2409 633 2456 aedificiis
658 2408 864 2448 veteribus
894 2409 1100 2461 quaedam
1130 2422 1213 2447 non
1235 2424 1439 2460 percussa
1466 2421 1538 2452 ta-

115 2488 207 2512 men
236 2475 454 2522 decidunt,
491 2489 615 2527 quum
640 2476 739 2526 plus
765 2477 964 2527 ponderis
1000 2475 1181 2515 habuere
1208 2490 1333 2527 quam
1355 2480 1537 2520 virium.-

115 2542 183 2579 ita
214 2542 260 2578 in
293 2540 372 2578 hoe
405 2544 600 2581 universo
633 2550 774 2581 terrae
800 2557 973 2595 corpore
1003 2545 1163 2590 evenit,
1198 2550 1248 2581 vut
1277 2553 1421 2596 partes
1449 2549 1537 2586 eius

114 2614 318 2646 vetustate
333 2607 564 2659 solvantur,
583 2610 745 2647 solutae
762 2610 933 2660 cadant,
963 2618 1003 2648 et
1021 2618 1238 2648 tremorem
1256 2615 1539 2662 superioribus

117 2672 344 2728 adferant:
379 2677 562 2727 primum
587 2675 686 2714 dum
716 2676 961 2727 abscedunt,
1000 2677 1112 2715 nihil
1137 2678 1248 2715 enim
1274 2680 1419 2731 utique
1445 2695 1539 2720 ma-

113 2753 256 2790 gnum,
281 2741 372 2778 sine
394 2749 506 2779 motu
525 2743 628 2793 eius,
652 2743 722 2780 cui
738 2742 895 2791 hausit,
928 2743 1218 2790 abscinditur,
1246 2744 1393 2784 deinde
1413 2762 1538 2800 quum

119 2805 369 2857 deciderunt,
387 2808 520 2846 solido
540 2816 734 2862 exceptae
753 2811 961 2862 resiliant,
986 2811 1106 2861 pilae
1124 2824 1235 2851 more
1246 2825 1262 2858 ,·
1291 2826 1399 2865 quae
1414 2829 1537 2867 quum
