1812 3158
345 329 439 373 366
559 335 1002 378 COMMENTARIUS
1031 338 1091 378 IN
1119 339 1525 381 METEOROLOG.

342 462 624 502 saepenumero
644 453 877 499 conquestus
897 453 956 485 est
980 447 1335 495 Aristoteles,
1364 450 1492 487 veluti
1509 451 1645 488 Ethic.
1669 454 1753 491 Ni-

344 516 521 555 comaclz.
558 518 618 560 Π,
647 518 686 551 7.
712 527 762 564 ¹p.
790 516 912 561 1108,
932 526 978 551 a:
1016 511 1221 566 πειρατέον
1251 510 1293 552 δ’
1327 510 1460 564 ὥσπερ
1490 515 1555 554 καὶ
1579 513 1642 554 ε’πὶ
1671 521 1751 557 τῶν

342 579 497 630 ἄλλων,
535 575 682 624 αὐτοῦς
710 576 1009 630 ὂνοματοποιεῖν
1039 577 1255 633 σαφήνειας
1283 577 1406 619 ἕνεκεν
1435 580 1500 619 καὶ
1529 583 1600 621 τοῦ
1629 579 1752 621 εὔπα-

342 643 671 700 ρακολουθήτου,
700 647 767 684 ubi
789 647 903 698 plura
930 647 1024 685 Gif
1027 648 1174 685 anius
1203 647 1252 685 de
1267 654 1375 686 recta
1394 649 1545 686 ratione
1563 649 1754 687 vocabula

340 714 516 753 novandi
545 712 679 764 (Tom.
698 714 747 752 ΙΙ.
777 727 818 764 p.
838 717 890 751 72
907 726 962 764 sq.
1001 713 1063 752 ed.
1087 713 1358 753 Cardwell.
1388 715 1521 753 Oxon.
1542 719 1661 754 1830.
1687 713 1754 768 8.).

340 785 398 820 Ita
419 781 585 818 Politie.
613 783 641 827 I,
660 784 699 825 2,
718 783 743 817 2
774 779 971 819 desiderat
989 781 1240 827 vocabulum,
1274 794 1352 832 quo
1376 781 1618 832 significetur
1636 782 1752 830 ratio,

341 861 456 886 causa
475 853 514 884 et
534 846 624 883 finis
643 847 928 884 coniunctionis
946 847 1050 885 inter
1067 861 1236 885 uxorem
1254 854 1293 886 et
1312 848 1497 886 maritum
1520 846 1572 900 (S
1584 847 1756 885 chnei-

342 914 458 952 deri
485 913 618 951 verbis
639 911 770 964 utor),
810 914 1021 964 praecipue
1044 927 1144 952 vero
1167 915 1399 962 auctoritas,
1432 928 1529 966 quae
1553 915 1603 951 sit
1623 914 1754 951 mariti

339 981 383 1018 in
404 993 583 1028 uxorem,
613 980 772 1030 quodve
791 981 1014 1031 imperium,
1043 981 1101 1018 uti
1123 979 1333 1032 δεσποτικὴ
1351 981 1542 1032 significat
1559 981 1754 1018 rationem

339 1047 497 1097 imperii
517 1053 557 1084 et
574 1047 815 1084 auctoritatis
830 1046 965 1085 herilis
991 1047 1033 1084 in
1052 1060 1227 1085 servum.
1285 1049 1415 1098 Quem
1433 1048 1554 1098 igitur
1573 1047 1614 1084 in
1634 1045 1754 1083 finem

338 1114 467 1152 utitur
484 1113 677 1151 vocabulo
698 1107 722 1155 ᾗ
742 1108 899 1164 γαμική,
927 1113 1037 1150 addit
1060 1119 1191 1151 tamen
1205 1128 1217 1152 .·
1242 1110 1451 1164 ἀνώνυμον
1476 1110 1551 1165 γὰρ
1571 1107 1595 1163 ἦ
1618 1126 1755 1164 γυναι-

339 1177 409 1225 κὸς
430 1177 495 1218 καὶ
515 1175 661 1231 ἀνδρὸς
680 1175 867 1227 σύζευξις.
921 1179 1039 1218 Adde
1059 1179 1163 1218 infra
1181 1182 1252 1226 IV,
1273 1185 1311 1228 2,
1334 1185 1378 1218 1:
1408 1176 1545 1219 λοιπὸν
1575 1175 1619 1216 δ’
1636 1177 1754 1217 εἰπεῖν

338 1241 390 1286 τοὶ
410 1241 578 1295 ἐχόμενα
595 1242 693 1296 εἴδη,
725 1241 802 1284 ὅσα
823 1242 864 1283 αἱ
882 1243 1083 1297 εἰρημέναι
1113 1242 1298 1295 δυνάμεις
1326 1243 1554 1297 ἐργάζονται
1584 1243 1626 1291 ἐξ
1652 1240 1754 1283 ὓπο-

338 1310 525 1362 κειμένων
552 1312 633 1350 τῶν
662 1308 779 1363 φύσει
809 1308 1065 1351 συνεστώτων
1084 1308 1186 1363 ἤδη·
1217 1308 1298 1350 ἔστι
1319 1308 1367 1362 δὴ
1398 1313 1555 1364 θερμοῦ
1581 1309 1656 1361 μὲν
1682 1308 1754 1348 πέ-

338 1388 433 1430 ψις,
461 1375 624 1428 πέψεως
647 1375 691 1416 δὲ
707 1374 1110 1429 πέπανσις,,ἓ’ψησις,
1143 1375 1199 1417 ἔτι
1217 1374 1404 1429 ἔπτησς’
1431 1374 1690 1430 ψυχρότητος
1710 1374 1754 1414 δὲ

338 1442 506 1495 ἀπεψία,
533 1440 686 1494 ταύτης
716 1440 761 1481 δὲ
790 1440 974 1494 ὠμότης,
1000 1440 1199 1494 μώλυσις,
1229 1440 1450 1488 στάτευσις.
1490 1443 1554 1482 ὁεῖ
1578 1440 1618 1481 δ’
1652 1438 1754 1481 ὓπο-

339 1508 561 1562 λαμβάνειν
597 1506 653 1560 μὴ
684 1507 831 1561 κυρίως
858 1512 987 1548 ταῦτα
1017 1508 1202 1562 λέγεσθαι
1230 1504 1281 1548 τὰ
1309 1506 1487 1560 ὀνόματα
1514 1513 1599 1555 τοῖς
1628 1522 1756 1561 πραγ-

337 1590 482 1630 μασιν,
523 1573 613 1615 ἀλλ’
649 1571 695 1614 οὗ
727 1579 851 1614 κεῖται
880 1573 1063 1615 καθόλου
1092 1580 1177 1623 τοῖς
1205 1572 1380 1627 ὁμοίοις,
1420 1571 1521 1615 ὥστε
1550 1573 1597 1615 οὐ
1626 1577 1754 1614 ταῦτα

338 1642 440 1684 ἀλλὰ
469 1644 637 1682 τοιαῦτα
667 1641 730 1680 δεῖ
751 1641 920 1693 νομίζειν
951 1638 1047 1682 εἶναι
1075 1640 1125 1682 τὰ
1155 1641 1342 1696 εἴρημένα
1370 1640 1468 1694 εἴδη.
1498 1664 1553 1671 --
1580 1639 1631 1680 τὰ
1654 1643 1755 1692 θερ-

337 1709 416 1762 μόν
445 1724 519 1762 pro
542 1707 588 1748 τὸ
611 1710 734 1761 θερμ.
757 1711 803 1748 Ε.
860 1710 1017 1748 Deinde
1035 1712 1138 1748 E.F.
1167 1708 1351 1761 λέγωμεν.
1371 1731 1420 1738 —-
1451 1704 1659 1759 ἀνώνυμος
1677 1703 1752 1759 γάρ

338 1776 419 1816 καὶ
448 1772 581 1815 κοινόν
608 1776 659 1813 Α.
684 1777 792 1814 Cam.
824 1784 882 1804 “-
921 1778 1000 1814 Pro
1031 1772 1142 1826 ὅμως
1168 1778 1215 1814 Ε.
1255 1770 1415 1826 ὅμοίως.
1442 1798 1497 1804 —
1525 1772 1755 1813 ἓκκαιέσθαι

336 1844 452 1881 solito
483 1855 596 1880 more
625 1843 671 1879 F.
692 1842 743 1879 H.
762 1842 816 1879 N.
850 1847 891 1879 et
914 1843 969 1879 ita
992 1843 1107 1879 etiam
1135 1843 1253 1892 paulo
1277 1848 1378 1892 post.
1396 1860 1464 1870 ·-
1498 1836 1575 1879 ὑπὸ
1603 1836 1754 1890 ταύτην

336 1905 410 1960 τὴν
439 1905 560 1961 φύσιν
591 1908 617 1946 i.
641 1920 675 1946 e.
701 1901 779 1945 ὑπὸ
808 1908 942 1946 τοῦτο.
999 1908 1129 1945 Usum
1154 1907 1269 1945 huius
1290 1907 1473 1945 vocabuli
1492 1905 1755 1957 periphrasti-

426 2061 487 2091 καὶ
510 2057 635 2099 μέντοι
662 2060 720 2091 καὶ
743 2054 785 2091 τό
808 2057 1053 2101 κεράννυσθαι
1077 2053 1129 2090 δι’
1155 2053 1318 2099 α’λλῆλων
1342 2053 1428 2090 ὅλας
1451 2052 1559 2089 αὐτὰς
1582 2050 1637 2088 δι’
1661 2051 1755 2088 ὅλων

423 2107 664 2154 Ἱπποκράτης
691 2108 866 2146 ἁπάντων
890 2109 940 2146 οἷν
962 2112 1062 2154 ἴσμεν
1083 2109 1222 2155 πρῶτος
1249 2109 1351 2155 ἔγνω.
1376 2114 1436 2145 καὶ
1460 2107 1524 2144 τὰς
1548 2107 1660 2152 οἷρχᾶς
1683 2108 1755 2143 τῶν

427 2163 665 2208 ἀποδείξεων,
703 2162 754 2200 ὧν
778 2164 925 2211 ὕστερον
957 2164 1203 2209 Ἀριστοτέλης
1229 2167 1494 2209 μετεχειρίσατο
1525 2161 1610 2208 παρ’
1633 2163 1753 2207 ἐκείνῳ

426 2223 588 2267 προτέρῳ
619 2224 866 2266 γεγραμμένας
899 2221 996 2256 ἐστὶν
1028 2220 1154 2266 εὑρεῖν.
1201 2224 1256 2264 11,
1276 2220 1321 2256 ’4.
1357 2234 1391 2265 p.
1415 2224 1471 2257 89.
1499 2222 1569 2264 (V,
1605 2234 1638 2265 p.
1663 2220 1752 2263 37):

423 2274 689 2320 Ἱπποκράτους
719 2275 834 2311 ταῦτα
858 2275 1050 2320 σύμπαντα
1072 2274 1234 2321 πρώτου,
1266 2274 1426 2321 δευτέρου
1450 2274 1484 2310 δ’
1503 2273 1754 2318 Ἀριστοτέλους

426 2330 599 2367 εἰπόντος.
637 2332 720 2367 ibid.
742 2346 777 2376 p.
800 2336 845 2368 90
871 2324 964 2375 (37):
997 2329 1238 2374 Ἱπποκράτης
1260 2332 1327 2374 μὲν
1349 2331 1488 2377 πρῶτος
1511 2328 1682 2365 οἶποῖντων
1705 2325 1754 2362 οἶν

426 2388 526 2429 ἴσμεν
560 2384 683 2431 ὀρθῶς
714 2387 837 2432 εἶπεν,
876 2384 1111 2433 Ἀριστοτέλης
1135 2385 1172 2422 δὲ
1197 2385 1358 2430 δεύτερος
1389 2384 1513 2432 ὀρθῶς
1541 2384 1751 2429 ἐξηγήσατο.

426 2444 510 2477 ibid.
536 2456 570 2487 p.
595 2445 641 2478 92
664 2443 757 2487 (38):
783 2440 806 2478 ὅ
827 2440 1023 2487 κατάλογος
1046 2441 1118 2477 τῶν
1139 2444 1408 2488 προειρημένων
1431 2440 1646 2476 ἐνδείκνυται
1670 2437 1752 2484 δογ-

426 2497 575 2543 μάτων,
613 2495 638 2532 οἳ
664 2496 808 2541 πρώτου
834 2499 903 2542 μὲν
924 2495 1182 2543 Ἱπποκράτους
1206 2492 1273 2542 ἦν,
1311 2495 1471 2541 δευτέρου
1495 2492 1533 2529 δ’
1554 2491 1752 2538 ’.Αριστοτέ-

428 2552 518 2596 λους,
540 2554 670 2597 τρίτων
694 2551 731 2588 δὲ
758 2552 829 2588 τῶν
851 2552 1031 2588 Στωϊκῶν.
1081 2554 1215 2600 Quodsi
1237 2554 1327 2588 liber
1349 2555 1390 2586 de
1406 2558 1494 2593 affre,
1517 2554 1609 2596 aquis
1625 2558 1655 2584 et
1674 2554 1752 2584 locis

427 2612 470 2644 ab
502 2610 812 2654 Hippocrate
846 2610 1064 2654 conscriptus
1097 2616 1169 2652 est,
1210 2621 1278 2653 qua
1301 2611 1344 2643 de
1370 2619 1409 2642 re
1443 2618 1547 2641 nemo
1582 2606 1752 2641 dubitavit

426 2667 508 2707 (cfr.
532 2665 651 2699 Link
673 2665 711 2699 in
733 2668 899 2700 Abhandl.
924 2668 982 2699 der
1007 2670 1099 2700 Berl.
1130 2668 1239 2699 Acad.
1273 2667 1371 2708 1824.
1397 2665 1489 2707 phys.
1515 2667 1562 2697 Gt.
1596 2676 1631 2707 p.
1653 2664 1751 2706 236),

427 2727 513 2764 quot
538 2727 574 2755 et
595 2727 723 2765 quanta
747 2732 794 2756 ex
816 2722 1039 2765 Hippocratis
1065 2721 1241 2765 operibus,
1265 2721 1308 2753 ad
1321 2720 1395 2762 ipsa
1411 2730 1522 2763 usque
1536 2720 1647 2754 verba
1662 2719 1751 2752 hau-

425 2775 510 2809 serit
535 2775 845 2817 Aristoteles‚
876 2787 923 2809 ex
945 2776 1007 2811 illo
1030 2776 1247 2820 potissimum
1268 2776 1392 2810 elucet.
