1760 3138
186 358 262 398 ET
287 357 502 398 OLYMP.
530 358 593 397 IN
618 357 799 398 ARIST.
821 357 1150 399 METEOROL.
1177 358 1285 398 LIB.
1307 359 1342 399 1.
1409 351 1504 396 211

73 468 302 512 τουτέστιν·
343 467 416 522 οὔχ
439 465 696 510 ὑπολείπεται
724 465 746 511 ὅ
776 467 890 524 κριὸς
925 467 993 510 διὰ
1022 467 1069 510 τὸ
1097 468 1271 524 μέγεθος
1297 473 1371 512 τοῦ
1399 471 1506 513 ἰδίου

73 535 224 578 κύκλου
252 536 295 577 ἐν
322 537 374 592 τῇ
400 534 724 578 ἀποκαταστάσει
752 539 826 590 τῆς
851 539 925 577 τοῦ
952 535 1106 585 παντὸς
1132 531 1322 590 κινήσεως
1354 541 1426 592 τῆς
1462 538 1504 579 ἓν

72 607 132 660 τῷ
161 603 360 660 ἐλαχίστῳ
390 602 524 660 κύκλῳ
553 602 735 657 κειμένης
753 602 1016 659 κυνοσούρας,
1048 603 1133 645 ἀλλ’
1155 602 1381 657 ι’σοχρόνως
1402 604 1505 647 ἀπο-
1562 641 1565 645 .

73 672 368 712 καθίστανται·
419 674 540 713 τοῦτο
570 670 615 712 δὲ
645 670 712 712 διὰ
739 669 786 713 τὸ
816 669 941 724 τάχος
968 674 1041 724 τῆς
1068 670 1262 726 κινήσεως
1285 674 1361 713 τοῦ
1389 675 1505 727 κριοῦ

74 736 263 792 δηλονότι
291 737 451 792 γίνεται.
497 738 532 779 εἷ
559 732 632 780 οὖν
659 735 684 792 ἦ
712 739 865 793 κίνησις
894 739 1128 793 θερμαίνει,
1168 736 1194 793 ἡ
1225 738 1270 780 δὲ
1297 736 1506 797 θερμότης

73 804 175 847 ἕλκει
203 804 276 859 τὴν
304 803 594 858 ἀναθυμίασιν,
625 807 691 848 καὶ
718 803 743 860 ἡ
772 805 974 861 ταχυτέρα
1001 806 1155 860 κίνησις
1182 804 1370 861 δηλονότι
1397 809 1505 860 μᾶλ-

73 874 146 914 λον
174 873 398 927 θερμαίνει.
446 870 471 926 ἦ
503 873 548 914 δὲ
573 874 719 927 μείζων
747 874 957 929 θερμασία
993 874 1158 915 πλείονα
1197 879 1307 915 ποιεῖ
1344 872 1505 914 ἀναθυ-

71 940 225 992 μίασιν.
275 938 374 980 ὅταν
403 940 448 981 δὲ
476 939 574 982 εἶ’πω
610 939 708 990 τούς
744 940 786 982 ἔν
822 946 908 989 τοῖς
942 941 1093 994 μείζοσι
1133 939 1294 989 κύκλοις
1331 939 1506 996 ἀστέρας

72 1009 232 1048 θᾶττον
260 1010 459 1049 κινεῖσθαι
488 1012 570 1050 τῶν
597 1007 640 1049 ἓν
660 1014 745 1057 τοῖς
764 1006 963 1055 ἐλάττοσι,
991 1005 1088 1055 τούς
1115 1007 1288 1055 κύκλους
1315 1001 1371 1050 ὧν
1400 1022 1505 1061 συμ-

73 1072 328 1154 περιάγονται
360 1074 472 1130 λέγω.
514 1075 551 1117 οἱ
581 1073 658 1131 γὰρ
689 1075 751 1116 ἐπὶ
779 1078 853 1116 τοῦ
892 1074 1089 1125 ζωδιακοῦ
1128 1075 1299 1128 κείμενοι
1340 1074 1505 1128 ἀστέρες

75 1139 123 1181 οὗ
151 1139 314 1182 πάντων
350 1145 433 1184 τῶν
471 1141 606 1184 ἄλλων
639 1140 851 1196 ταχύτεροι
887 1144 1110 1182 κινοῦνται·
1159 1143 1288 1183 καίτοι
1317 1141 1505 1197 μέγιστός

74 1206 181 1250 ἔστιν
207 1224 328 1257 ουτος
355 1206 377 1250 ὃ
407 1206 554 1258 κύκλος
588 1208 692 1250 διότι
730 1207 788 1262 μὴ
826 1206 893 1250 δια
929 1208 1057 1262 μέσου
1094 1206 1257 1251 πάντων
1293 1208 1450 1252 τούτων
1476 1206 1503 1265 ἦ

73 1275 247 1328 κίνησις·
277 1274 315 1316 οἱ
342 1279 440 1331 γοῦν
467 1281 553 1326 τοΐς
582 1277 762 1331 σημείοις
787 1282 875 1326 τοῖς
901 1282 1110 1332 τροπικοῖς
1137 1275 1501 1332 πλησιάζοντες,ὅ

71 1357 114 1383 τε
140 1347 327 1397 καρκῖνος
362 1343 428 1385 καὶ
457 1340 478 1385 ὅ
510 1341 728 1399 αι’γόκερως
755 1347 837 1386 τῶν
866 1342 1001 1386 ἄλλων
1038 1345 1112 1385 εισι
1148 1343 1312 1391 πάντων
1346 1343 1504 1400 βραδύ-

71 1425 178 1464 τεροι
206 1413 288 1451 τῶν
317 1408 407 1452 ὅσοι
434 1414 508 1452 τοῦ
543 1412 778 1467 ι’σημερινοῦ
815 1410 1082 1466 τυγχάνουσιν
1120 1411 1234 1460 ὄντες
1270 1412 1504 1466 πλησιέστε-

72 1493 150 1531 ροι.
191 1476 253 1518 ἐπὶ
282 1477 476 1530 μειζόνων
502 1477 579 1534 γὰρ
611 1476 884 1533 παραλλήλων
912 1472 1026 1520 οὗτοι
1054 1482 1279 1528 κινοῦνται,
1320 1478 1357 1519 οἶ
1387 1478 1432 1520 δὲ
1461 1479 1504 1520 ἒν

70 1549 157 1592 τοῖς
183 1552 390 1599 τροπικοῖς
417 1547 597 1599 σημείοις
628 1544 694 1586 ἐπ’
729 1544 980 1587 ἐλαττόνων·
1027 1543 1149 1587 εῗπών
1183 1545 1249 1597 δέ,
1293 1543 1348 1593 ὥς
1376 1542 1397 1587 ὃ
1429 1546 1504 1587 τοῦ

71 1613 263 1666 γαλαξίου
290 1611 416 1660 τόπος
443 1616 524 1654 τῶν
554 1613 752 1671 μεγίστων
781 1610 942 1667 ἄστρων
978 1611 1137 1667 πλήρης
1175 1612 1260 1653 ἐστὶ
1300 1613 1366 1653 καὶ
1398 1615 1506 1666 λαμ-

73 1677 289 1733 προτάτυν
317 1677 511 1734 ἐπήγαγεν
539 1678 596 1720 ἔτι
624 1680 690 1720 καὶ
719 1682 801 1720 τῶν
830 1677 1105 1734 σποράδων
1142 1679 1420 1732 καλουμένων,
1449 1676 1506 1729 ὥς

74 1745 232 1786 ἐκείνων
259 1745 334 1798 μὲν
363 1744 435 1786 οὐκ
465 1744 594 1787 ὄντων
624 1745 864 1802 σποράδων,
896 1745 990 1787 ἀλλ’
1013 1746 1433 1801 εἷδωλοπεποιημένων
1447 1747 1503 1802 *),

73 1811 231 1854 τούτων
274 1812 318 1854 δὲ
356 1812 459 1854 κατὰ
500 1811 546 1855 τὸ
586 1813 773 1867 ε’πιτυχὸν
810 1812 1109 1867 διεσπαρμένων
1146 1814 1214 1855 καὶ
1252 1813 1325 1855 οὒκ
1353 1814 1506 1856 ἀποτυ-

74 1877 258 1920 πούντων
287 1879 453 1921 εἴδωλα·
504 1878 612 1922 οὕτω
647 1881 692 1923 δὲ
727 1878 824 1930 τούς
855 1878 1068 1929 τοιούτους
1105 1881 1173 1922 καὶ
1203 1879 1379 1937 Ἄρατος
1413 1879 1506 1923 ὄνο-

73 1944 187 2000 μάζει
208 1947 286 2000 **).

230 2012 369 2056 Ἄλλοι
398 2013 443 2056 δὲ
472 2013 683 2072 σποράδην
719 2012 970 2068 ῦποκείμενοι
1002 2011 1251 2071 (Υδροχόοιο

240 2082 342 2130 τέως
367 2080 543 2138 αἰθέριοι
578 2084 645 2124 καὶ
676 2082 841 2137 Ἰχθύος
867 2081 1108 2138 ἠερέθονται

242 2147 358 2201 μέσοι
386 2173 442 2179 --

79 2220 244 2268 σημεῖον
283 2214 327 2256 δὲ
364 2217 428 2256 καὶ
466 2219 587 2258 τοῦτο
624 2222 795 2259 ποιεῖται
831 2220 905 2259 τοῦ
944 2220 1076 2265 καλῶς
1113 2215 1394 2258 ἀποδεδόσθαι
1433 2214 1506 2259 τδν

78 2282 168 2336 περὶ
195 2284 268 2322 τοῦ
295 2280 494 2336 γάλακτος
523 2282 651 2338 λόγον.
693 2282 789 2332 ὅλος
819 2284 895 2338 μὲν
923 2283 1000 2339 γὰρ
1033 2281 1054 2325 ὃ
1086 2282 1231 2331 κύκλος
1259 2276 1378 2331 οὗτός
1404 2298 1506 2339 φησι

78 2348 275 2403 μεγίστων
303 2349 368 2389 καὶ
399 2348 696 2404 λαμπροτάτων
724 2349 904 2406 ἀστέρων
922 2349 1091 2406 πλήρης,
1121 2353 1201 2391 τῶν
1221 2365 1263 2390 τε
1285 2348 1419 2391 ἄλλων
1439 2351 1506 2392 καὶ

79 2419 162 2457 τῶν
189 2414 446 2468 καλουμένων
476 2415 713 2468 σποράδων·
745 2418 811 2458 καὶ
841 2417 967 2459 αὐτοῦ
997 2416 1042 2458 δὲ
1070 2415 1217 2458 τούτου
1245 2414 1395 2469 τὸ-μέν
1424 2416 1507 2459 ἴτε-

82 2499 155 2539 ρον
182 2479 439 2537 ἡμικύκλιον,
482 2483 524 2525 ἓν
553 2475 585 2541 ᾧ
614 2481 749 2526 πλεῖόν
780 2485 863 2526 ε’στι
891 2484 939 2526 τὸ
970 2487 1058 2540 φῶς
1096 2486 1169 2526 τοῦ
1205 2481 1403 2538 γάλακτος
1439 2484 1506 2527 καὶ

128 2684 166 2729 *)
192 2685 407 2732 Significaiio
430 2670 596 2721 vocabuli
624 2685 769 2719 addatur
790 2684 930 2720 lexicis.

127 2772 185 2818 **)
206 2777 380 2810 Phaenom.
409 2778 476 2811 388
499 2788 549 2820 sq.
598 2777 638 2809 In
662 2777 773 2810 altero
795 2787 903 2811 versu
926 2776 1114 2822 legendum
1148 2771 1289 2818 Κήτεος
1311 2770 1506 2839 αι’θερίοιο,

174 2832 211 2866 in
234 2832 337 2867 terlio
361 2833 513 2877 μέσσοθι
536 2832 614 2868 sive
636 2833 770 2875 μέσσοι.

1085 2876 1178 2915 14*
