1774 3198
301 336 396 380 434
517 342 959 384 COMMENTARIUS
989 342 1051 381 IN
1076 342 1478 382 METEOROLOG.

301 455 511 495 secundum
538 450 688 492 τόπονε
717 453 876 504 pluviae
901 453 1004 490 enim
1026 451 1161 489 datum
1187 450 1269 489 esse
1295 457 1467 500 vastum,
1497 465 1573 502 quo
1602 454 1704 504 gigni

303 528 438 573 queat,
467 521 655 571 spatium,
685 532 708 555 a
724 519 890 556 nubibus
915 519 965 556 ad
983 524 1112 556 terrae
1135 531 1259 568 usque
1279 516 1527 567 superficiem
1549 525 1705 568 patens:

301 588 385 626 rori
405 592 540 623 contra
562 585 765 634 exiguum,
794 598 883 622 cum
900 585 941 622 in
958 585 1046 622 imis
1070 590 1220 622 tantum
1245 584 1345 621 aeris
1366 584 1495 621 stratis
1515 583 1595 622 fiat.
1649 585 1708 623 Ut

302 652 423 690 semel
450 651 492 688 id
511 664 710 699 moneam,
738 664 819 688 non
837 652 964 689 solum
983 650 1058 688 hoc
1077 651 1185 699 loco,
1214 650 1284 688 sed
1299 650 1341 687 in
1361 655 1441 686 tota
1468 651 1708 688 meteorolo-

300 718 381 767 gia,
411 717 601 767 quidquid
625 717 822 755 observati
847 718 951 768 apud
977 718 1228 755 Aristotelem
1256 716 1478 767 reperitur,
1507 715 1557 753 ad
1575 721 1708 754 nostra

301 796 423 833 usque
442 783 592 820 saecula
611 785 737 833 valet3
766 784 870 835 quod
888 798 962 835 per
979 782 1219 835 hypothesin
1235 782 1487 820 contenditur
1505 788 1574 819 aut
1589 795 1709 833 pror-

299 863 362 887 sus
383 850 522 887 falsum
550 855 617 887 aut
633 856 791 887 eatenus
820 856 970 888 tantum
990 864 1132 889 verum
1149 856 1217 898 est,
1247 862 1321 900 qua
1336 855 1450 886 tenus
1472 854 1631 885 nostrae
1648 849 1710 886 lo-

299 916 445 967 quendi
473 916 616 954 rationi
646 916 854 967 adaequari
883 924 1022 968 potest.
1054 937 1103 943 ——
1151 914 1191 954 ἓν
1219 907 1250 968 ᾧ
1280 920 1426 965 spectat
1454 914 1504 951 ad
1530 921 1709 964 tempus:

301 979 343 1027 ἐξ
372 973 417 1019 οὗ
447 981 494 1019 ad
512 983 653 1020 locum.
709 983 890 1022 Relativa
916 984 1036 1034 igitur
1055 981 1306 1021 substantivis
1332 994 1404 1031 per
1433 980 1707 1018 chiasmum

301 1048 508 1085 coniuncta
531 1055 634 1086 sunt.
665 1071 714 1076 —
746 1047 866 1099 δηλοῖ
890 1063 931 1088 τε
959 1063 1033 1101 pro
1066 1048 1185 1100 δηλοῖ
1213 1044 1258 1085 δέ
1283 1048 1328 1085 F.
1358 1067 1414 1073 -—-
1451 1041 1476 1096 ἡ
1507 1043 1710 1097 γένεσις

303 1110 428 1151 οὐσα
453 1117 628 1163 ταχεῖα
657 1115 764 1164 dicit,
796 1129 886 1153 cum
904 1122 1059 1154 veteres
1077 1121 1281 1153 censerent
1297 1127 1384 1151 cum
1402 1126 1546 1151 aurora
1559 1118 1709 1150 tantum

301 1192 435 1217 rorem
456 1179 604 1228 delabi,
633 1180 738 1218 unde
769 1180 1091 1219 Theocritus
1109 1182 1227 1230 Idyll.
1249 1182 1345 1228 XV,
1368 1183 1445 1218 132
1474 1178 1589 1216 dicit:
1633 1175 1711 1217 ἀῶ-

300 1246 376 1283 θεν
395 1240 478 1300 ἁμᾷ
501 1241 647 1300 δρόσῳ.
685 1244 805 1284 Adde
824 1247 1107 1298 Virgilium
1128 1247 1272 1296 Geor-g.
1292 1247 1322 1294 Ι,
1342 1248 1444 1283 288:
1477 1245 1564 1282 Aut
1587 1259 1711 1295 quum

304 1311 394 1348 Sole
413 1324 515 1348 ηονο
541 1319 676 1350 terras
695 1315 854 1350 irrorat
873 1315 995 1351 Eous.
1037 1311 1156 1362 Quod
1180 1311 1267 1349 cod.
1296 1312 1341 1349 E.
1366 1311 1529 1361 praebet
1542 1309 1710 1359 βραδεῖα

302 1377 343 1414 in
358 1377 487 1414 locum
508 1377 622 1415 verbi
639 1382 776 1427 ταχεῖα
793 1385 879 1417 tum
898 1392 949 1416 ex
965 1379 1061 1416 locis
1080 1379 1196 1429 paulo
1217 1377 1342 1414 allatis
1361 1376 1472 1414 uihili
1491 1388 1573 1412 esse
1589 1382 1709 1426 patet,

302 1449 386 1481 tum
406 1443 512 1490 inde,
530 1444 637 1495 quod
653 1445 777 1486 verba
794 1440 818 1495 ἦ
837 1442 982 1496 γένεσις
1011 1435 1111 1483 οὖσα
1138 1447 1276 1494 ταχεῖα
1304 1443 1514 1481 referenda
1540 1449 1632 1480 sunt
1660 1443 1710 1480 ad

303 1509 374 1547 ista
411 1506 608 1562 ἐφήμερος
642 1507 716 1563 γὰρ
749 1506 770 1561 ἢ
801 1507 1000 1556 σύστασις.
1039 1531 1094 1538 --
1149 1510 1332 1560 Denique
1370 1508 1438 1548 καί
1462 1515 1551 1547 ante
1578 1507 1709 1561 βραχύ

306 1576 490 1614 omittunt
517 1577 557 1614 P.
581 1578 663 1615 Cas.
1119 1575 1122 1579 “

416 1647 455 1682 8.
487 1644 564 1681 Pro
586 1640 686 1693 χιών
702 1641 808 1682 ἔστιν
833 1644 994 1682 inverso
1023 1643 1163 1683 ordine
1185 1642 1346 1681 exhibet
1366 1638 1448 1680 ἐστὶ
1465 1638 1564 1691 χιών
1584 1642 1637 1679 N.
1658 1662 1712 1668 —

304 1712 404 1749 Mox
433 1706 529 1748 ὅταν
553 1707 593 1748 δ’
613 1708 732 1760 ἀτμίς
759 1711 901 1749 omisso
925 1712 1090 1749 articulo
1108 1712 1156 1749 E.
1192 1733 1241 1739 ——
1273 1704 1334 1747 ὁιό
1365 1706 1443 1747 καὶ
1472 1703 1496 1757 ἢ
1527 1703 1635 1756 ὥρας
1663 1708 1710 1747 F.

305 1777 411 1814 Cam.
441 1798 496 1805 —-
523 1778 586 1814 De
603 1777 841 1828 cacophonia
861 1778 931 1816 cfr.
952 1777 1000 1814 ad
1020 1780 1053 1823 I,
1074 1781 1109 1825 3,
1131 1779 1256 1813 16.—-
1290 1771 1452 1825 σημεῖόν
1479 1772 1561 1813 ἐστι
1590 1778 1637 1814 F.
1657 1776 1709 1813 H.

304 1842 355 1879 N.
375 1846 424 1880 A.
446 1843 553 1880 Cam.
578 1844 622 1879 P.
642 1844 680 1881 S.
703 1845 767 1881 Er.
785 1845 869 1882 Cas.
897 1867 946 1872 --
977 1839 1187 1894 ἕπηγνύετο
1207 1844 1255 1881 Α.
1275 1840 1344 1880 Er.
1364 1841 1594 1892 Olympiod.
1607 1841 1710 1879 Aldi-

302 1926 357 1932 -
389 1905 429 1944 ἓν
449 1909 506 1960 τῷ
523 1905 627 1959 νέφει
645 1909 786 1945 omisso
805 1905 880 1959 γάρ
901 1911 960 1956 E„
993 1909 1059 1958 qui
1074 1909 1192 1958 paulo
1209 1915 1297 1959 post
1316 1907 1479 1958 praebet
1497 1920 1534 1943 τι
1552 1920 1624 1956 pro
1643 1903 1712 1944 ἔτι.

303 1994 357 2001 -
383 1985 428 2010 το
450 1979 540 2010 ante
562 1971 718 2024 θερμόν
750 1975 935 2011 omittunt
961 1976 1008 2012 F.
1037 1974 1087 2012 H.
1119 1974 1169 2011 N.
1208 1994 1259 2001 -—
1296 1968 1510 2010 ὗπόλειπον
1539 1973 1626 2010 Cas.
1656 1993 1712 2000 --

302 2034 430 2090 πυρός
460 2040 606 2078 omittit
627 2042 673 2078 F.

414 2105 451 2142 4.
481 2103 562 2144 ἐκεῖ
582 2120 632 2144 sc.
658 2103 699 2144 ἓν
716 2106 773 2159 τῷ
794 2104 881 2158 περὶ
897 2102 947 2144 τιῖ
967 2102 1065 2158 νέφη
1086 2100 1271 2159 τόπῳ.-
1289 2101 1488 2155 ἀτμίζοντι
1511 2117 1564 2144 sc.
1586 2100 1711 2157 τόπῳ,

302 2171 408 2222 quod
433 2184 483 2208 ex
504 2169 586 2210 ἐκεῖ
598 2172 874 2223 supplendum.
922 2169 1124 2221 ἀτμίζοντι
1153 2178 1288 2210 verte:
1324 2171 1600 2222 vaporibus
1631 2185 1713 2209 re-

301 2239 455 2288 pleto.
489 2239 561 2277 cfr.
584 2239 634 2276 ad
653 2241 684 2288 Ι,
702 2243 739 2286 3,
760 2242 822 2276 15.
856 2262 905 2267 —-
942 2236 1104 2276 ἐκλείπει
1133 2239 1180 2276 F.
1202 2239 1254 2276 H.
1278 2238 1329 2275 N.
1361 2257 1415 2264 ——
1455 2235 1635 2276 ἐνταῦθα
1662 2235 1712 2275 δὲ

304 2300 450 2355 δρόσος
478 2297 529 2341 ρκ’
549 2318 628 2343 uno
648 2305 735 2343 cod.
757 2306 801 2342 E.
830 2304 1063 2356 recepimus.
1094 2305 1167 2342 cfr.
1191 2306 1229 2354 1,
1253 2307 1324 2352 13,
1343 2307 1391 2342 7:
1422 2299 1528 2342 ὅσων
1555 2301 1629 2354 μὲν
1657 2325 1710 2330 -

302 2367 471 2416 τούτους
504 2369 578 2421 μὲν
615 2367 782 2416 ἀενάους
817 2365 913 2409 εἶναι
953 2367 1019 2408 διὰ
1054 2368 1212 2418 τέλους,
1250 2366 1362 2414 ὅσοις
1392 2366 1432 2408 δ’
1454 2365 1643 2414 ἐλάττους
1670 2365 1711 2405 αἱ

302 2430 510 2486 ὖποὸοχαί,
541 2434 708 2482 τούτους
729 2434 772 2474 δὲ
789 2459 843 2466 -—-
860 2434 1053 2475 ἐπελθεῖν.
1084 2437 1243 2488 Reliqui
1264 2449 1399 2474 omnes
1418 2436 1604 2472 omittunt
1623 2430 1680 2472 δέ.

899 2547 996 2585 ΟΑΡ.
1022 2548 1116 2587 XII.

412 2634 622 2685 Postquam
641 2635 737 2673 haec
765 2634 814 2672 de
842 2635 936 2673 nive
963 2624 1002 2673 et
1029 2635 1158 2672 imbre
1177 2632 1378 2684 exposuit,
1409 2630 1459 2668 ad
1478 2631 1708 2681 grandinem

301 2699 452 2744 transit,
481 2700 530 2737 de
546 2714 621 2751 qua
639 2703 828 2740 universo
847 2700 924 2739 hoc
948 2702 1072 2751 eapite
1088 2701 1177 2750 agit.
1222 2700 1279 2736 Ut
1299 2696 1397 2735 nihil
1418 2704 1707 2748 praetereamus

300 2776 446 2811 eorum,
477 2778 575 2815 quae
595 2767 643 2804 ad
666 2768 990 2816 Meteorologiam
1013 2765 1222 2816 spectantia
1247 2763 1351 2814 apud
1374 2764 1706 2803 Aristotelem
