1820 3158
126 385 339 430 -p.367,a.
362 383 525 418 Bekk.—
578 385 681 424 Lm
691 385 742 424 Π,
771 383 1011 432 οΑΡῆνΠῙ,
1033 392 1114 426 -ρ,
1128 378 1207 424 349,
1221 381 1269 414 Η.
1292 378 1420 416 cas.-
1471 375 1562 417 115

124 513 241 554 τερον
282 497 372 553 περὶ
411 496 486 552 τὴν
516 493 648 553 Ἱερὰν
676 498 814 543 νῆσον.
863 493 967 549 αὕτη
997 493 1038 536 δ’
1072 493 1157 536 ἐστὶ
1184 494 1260 547 μία
1289 497 1371 536 τῶν
1400 493 1562 536 Αῗόλον

125 565 384 619 καλουμένων
412 564 561 620 νήσων.
622 570 687 605 19.
712 562 782 605 Ἐν
811 562 942 619 ταύτῃ
973 561 1050 618 γὰρ
1082 560 1271 619 ἓξανῴδει
1298 578 1337 604 τι
1365 565 1440 616 τῆς
1466 565 1618 617 γῆς-,19

126 635 192 676 καὶ
223 633 333 690 ἀνῄει
366 631 453 676 οἷον
479 630 671 688 λοφώὸης
699 629 817 685 ὄγκος
851 629 956 684 μετὰ
985 628 1155 686 ψόφου·
1203 621 1318 678 τέλοξ
1346 629 1391 672 δὲ
1422 629 1564 687 ῥαγέν-

124 718 197 752 τος
225 702 372 756 ἐξῆλθε
402 705 559 754 πνεῦμα
587 697 716 750 πολύ,
760 699 826 741 καὶ
854 698 928 741 τὸν
958 698 1147 755 φέψαλον
1188 698 1254 739 καὶ
1295 696 1369 752 τὴν
1398 697 1564 754 Ῑτέφραν

127 768 272 824 ἀνῆκε,
322 770 387 811 καὶ
422 768 496 823 τήν
523 784 567 810 τε
595 767 847 822 Λιπαραίων
874 766 992 808 πόλιν
1022 760 1150 808 οὖσαν
1180 766 1229 808 ου’
1257 764 1401 821 πόρρω
1429 769 1566 807 πᾶσαν

126 837 418 895 κατετέφρωσε,
448 838 515 879 καὶ
538 838 594 885 εἷς
622 835 730 884 ἐνίας
757 838 839 876 τῶν
867 834 910 876 ἓν
934 833 1087 893 Ἰταλίᾳ
1115 832 1273 876 πόλεων
1302 828 1453 888 ἦλθεν·
1496 833 1564 875 καὶ

126 911 198 949 νῦν
236 906 292 949 ἔτι
329 906 435 949 ὅπου
472 905 519 948 τὸ
561 902 813 960 ἀναφύσημα
858 906 981 958 τοῦτο
1027 901 1179 957 ἐγένετο
1198 930 1212 952 ,
1269 899 1394 955 δῆλόν
1442 901 1565 943 ἔστιν.

126 983 196 1018 20.
237 977 322 1018 Καὶ
362 974 439 1031 γὰρ
470 972 520 1028 δὴ
550 971 627 1014 τοῦ
659 970 871 1026 γινομένου
896 968 1027 1025 πυρὸς
1055 969 1098 1011 ἕν
1125 972 1177 1025 τῇ
1205 971 1255 1024 γῇ
1284 967 1439 1023 ταύτην
1469 970 1623 1023 οἴη-20

125 1044 216 1086 τὲον
245 1042 344 1086 εἶναι
371 1043 446 1097 τὴν
474 1041 629 1092 αἰτίαν,
660 1037 760 1081 ὅταν
788 1031 1286 1092 κοπτόμενονὲκπρησθῇ
1317 1041 1481 1092 πρῶτον
1510 1038 1568 1086 εἷς

126 1112 252 1168 μικρὰ
283 1108 625 1167 κερματισθέντος
652 1110 725 1148 τοῦ
754 1104 884 1162 ἀέρος.
936 1102 1152 1159 τεκμήριον
1191 1103 1232 1145 δ’
1266 1105 1352 1146 ἐστὶ
1381 1108 1454 1146 τοῦ
1484 1103 1568 1161 ῥεῖν

63 1189 66 1193 “
126 1176 205 1222 υπὸ
235 1179 308 1234 τὴν
335 1183 425 1287 γῆ2ν1
437 1176 488 1219 τὰ
514 1173 725 1228 πνεύματα
752 1174 818 1215 καὶ
846 1171 895 1215 τὸ
924 1171 1134 1228 γινόμενον
1171 1173 1262 1228 περὶ
1301 1170 1455 1221 ταύτας
1493 1171 1569 1221 τὰς

126 1246 288 1302 νήσους.
485 1242 614 1286 “va
648 1240 725 1298 γὰρ
768 1257 916 1295 ανεμος
950 1240 1080 1296 μέλλῃ
1121 1243 1385 1282 πνευσεῒσθαι
1425 1239 1620 1294 νότος,21

125 1253 403 1370 προσημαίνει
418 1310 640 1369 πρότερον·
682 1309 826 1364 ἠχοῦσι
852 1307 930 1364 γὰρ
964 1325 1002 1350 οι
1031 1307 1150 1351 τόποι
1181 1309 1224 1358 ἕξ
1253 1301 1311 1350 ὧν
1339 1309 1489 1364 γίνεται
1516 1308 1569 1350 τὰ

126 1380 449 1438 ἀναφυσίματα,
499 1378 566 1421 διὰ
594 1377 641 1420 τὸ
671 1377 746 1432 τὴν
785 1375 1000 1419 θάλατταν
1039 1377 1115 1430 μὲν
1152 1380 1444 1433 προωθεῖσθαι
1488 1375 1567 1431 ἤδη

125 1449 359 1505 πόρρωθεν,
387 1446 465 1491 ὕπὸ
497 1447 542 1489 δὲ
569 1445 722 1500 ταύτης
748 1445 795 1487 τὸ
827 1445 870 1486 ἐκ
899 1448 972 1499 τῆς
998 1447 1072 1500 γῆς
1101 1443 1424 1500 ἄναφυσώμενον
1454 1443 1569 1486 ἀπω-

124 1520 296 1559 θεῖσθαι
323 1515 445 1559 πάλιν
474 1515 591 1567 εἴσω,
633 1515 734 1570 ᾗπερ
765 1509 1021 1569 ἓπέρχεται“
1000 1531 1026 1567 η
1054 1511 1247 1554 θάλαττα
1275 1512 1427 1568 ταύτῃ·
1463 1517 1573 1553 ποιεῖ

127 1585 172 1626 δὲ
206 1584 350 1640 ψόφον
386 1582 481 1626 α’νευ
516 1585 682 1635 σεισμοῦ
719 1579 788 1622 διά
823 1597 867 1622 τε
906 1580 983 1635 τὴν
1022 1578 1274 1635 ευρυχωριάν
1309 1583 1392 1622 τῶν
1427 1578 1566 1621 τόπων

128 1648 375 1708 (ὕπερχεῖται
413 1649 490 1706 γὰρ
528 1650 585 1698 εἷς
620 1647 667 1691 τὸ
707 1647 854 1701 ἇχανὲς
890 1646 1001 1704 ἔξω)
1041 1647 1107 1689 καὶ
1147 1646 1204 1688 δι’
1240 1645 1457 1702 ὀλιγότητα
1492 1650 1568 1689 τοῦ

129 1786 324 1827 Heraclea
355 1786 473 1825 Ponti
508 1799 639 1838 nuper
667 1784 811 1823 accidit
835 1791 874 1823 et
903 1791 1020 1823 antea
1047 1785 1091 1821 in
1117 1783 1243 1822 Hiera
1281 1784 1430 1833 insula,
1469 1798 1571 1835 quae

129 1866 209 1892 una
238 1860 298 1892 est
321 1866 373 1891 ex
393 1854 465 1903 iis,
494 1866 595 1905 quae
614 1853 732 1892 Aeoli
759 1852 915 1900 insulae
934 1857 1141 1890 vocantur.
1202 1854 1267 1890 19.
1294 1851 1343 1890 In
1366 1850 1442 1890 hac
1462 1852 1569 1890 enim

128 1934 222 1973 pars
246 1927 378 1959 terrae
405 1920 604 1959 extumuit
632 1926 780 1958 etcum
802 1933 901 1958 sono
928 1919 971 1957 in
989 1918 1135 1958 tumuli
1154 1919 1331 1971 speciem
1352 1919 1571 1969 adscendit,

130 1987 262 2040 quoad
291 1994 518 2027 extremum
550 1988 734 2039 disrupto
764 1988 935 2027 multum
962 1987 1127 2039 spiritus
1157 1987 1332 2038 prodiit,
1373 1988 1442 2039 qui
1468 1988 1575 2026 scin—

129 2056 233 2094 tillas
265 2056 520 2108 cineremque
554 2055 716 2094 sustulit
743 2061 783 2093 et
804 2055 1098 2107 Liparaeorum
1128 2054 1294 2101 urbem,
1334 2069 1440 2106 quae*
1462 2054 1570 2093 haud

130 2125 274 2175 procul
293 2124 423 2174 abest,
451 2130 575 2162 totam
600 2124 735 2162 cinere
752 2123 934 2174 operuit,
960 2129 1000 2162 et
1020 2123 1070 2162 ad
1087 2123 1276 2174 quasdam
1296 2123 1415 2160 etiam
1435 2123 1573 2160 Italiae

131 2190 252 2228 urbes
278 2192 478 2242 pervenit.
537 2193 670 2243 Atque
700 2204 807 2229 nunc
837 2192 954 2229 etiam
970 2220 981 2241 ,
1009 2191 1080 2229 ubi
1106 2190 1258 2230 efflatio
1285 2191 1355 2228 illa
1375 2190 1480 2229 facta
1502 2197 1572 2238 est,

134 2258 365 2308 conspicere
384 2259 491 2296 licet.
549 2263 616 2297 20.
644 2259 799 2297 Etenim
829 2259 931 2310 ignis
957 2259 1000 2297 in
1028 2264 1141 2297 terra
1171 2258 1326 2296 accensi
1353 2256 1457 2295 hanc
1488 2271 1573 2295 esse

135 2337 289 2363 causam
320 2325 561 2363 censendum
587 2332 665 2374 est,
695 2339 784 2365 cum
811 2327 1000 2365 videlicet
1020 2327 1185 2378 spiritus
1210 2326 1372 2363 collisus
1390 2324 1574 2362 incendi-

135 2398 223 2440 tur,
264 2390 358 2429 ae're
386 2392 498 2443 prius
526 2393 568 2430 in
597 2399 730 2444 partes
760 2395 922 2445 exiguas
951 2394 1097 2432 diviso.
1163 2394 1221 2431 At
1251 2405 1353 2431 vero
1384 2392 1572 2443 spiritum

136 2459 209 2497 sub
239 2464 388 2496 terram
419 2459 546 2498 fluere
580 2461 682 2499 illud
719 2474 878 2514 quoque
915 2468 975 2500 est
1012 2466 1249 2512 argumento
1268 2490 1279 2508 ‚
1325 2459 1435 2510 quod
1468 2460 1574 2498 circa

135 2525 250 2564 haace
272 2526 419 2564 insulas
446 2526 537 2566 fieri
568 2529 682 2567 solet.
752 2533 822 2567 21.
864 2530 966 2568 Cum
999 2529 1107 2566 enim
1138 2533 1271 2565 auster
1297 2527 1465 2565 flaturus
1487 2534 1573 2573 -est,

69 2590 76 2609 ”
137 2599 250 2632 antea
268 2594 525 2644 significatur.
583 2596 689 2634 Nam
710 2610 757 2633 ea
776 2596 876 2643 loca,
896 2597 965 2634 ubi
986 2595 1209 2634 efflationes
1227 2594 1344 2640 fiunt,
1372 2601 1574 2644 resonant,

137 2660 246 2711 quod
276 2674 387 2699 mare
414 2676 436 2699 e
464 2661 683 2714 longinquo
712 2664 888 2714 propelli
919 2664 997 2701 iam
1021 2662 1201 2714 coeperit
1226 2668 1266 2699 et
1291 2662 1400 2713 quod
1425 2676 1446 2700 e
1465 2669 1574 2701 terra

138 2727 271 2774 efflat,
302 2728 351 2766 ab
371 2742 418 2766 eo
443 2743 606 2768 rursum
627 2730 737 2769 intro
758 2730 1046 2782 compellatur,
1079 2744 1156 2782 qua
1180 2735 1295 2781 parte
1322 2743 1432 2767 mare
1458 2730 1575 2768 inva-

139 2794 208 2833 dit.
265 2796 449 2834 Sonitum
487 2803 620 2836 autem
651 2797 737 2836 sine
768 2804 880 2836 motu
909 2803 1042 2837 terrae
1071 2798 1177 2846 edit,
1225 2797 1372 2848 partim
1407 2804 1575 2850 propter

139 2861 318 2900 locorum
339 2864 646 2914 amplitudinem
675 2865 801 2918 (intro
827 2866 934 2902 enim
956 2866 1116 2904 subiens
1143 2878 1219 2918 per
1235 2865 1474 2903 immensum
1496 2865 1574 2905 dif-

1113 2937 1136 2972 8
1152 2935 1172 2957 *
