1774 3198
434 318 654 360 LIBRUM
685 316 923 359 PRIMUM.
983 317 1099 358 cAP.
1129 317 1242 360 XIII.
1473 311 1569 356 449

126 433 264 472 verbis
287 433 407 472 simul
433 432 626 484 probatur
646 432 762 471 lectio
785 428 996 485 ἀφιέντας,
1027 431 1139 471 cuius
1163 432 1206 471 in
1233 433 1367 472 locum
1389 429 1571 487 ἀφιέντες

125 502 222 554 legit
241 505 336 553 Bag.
359 507 524 540 vertens
544 502 791 549 emittentes,
817 500 1048 539 notantibus
1069 501 1187 539 etiam
1210 502 1400 540 Morellio
1425 508 1464 541 et
1481 503 1569 543 cas.

123 570 168 609 in
186 570 386 622 margine:
417 564 602 622 ἀφίενται
622 567 816 606 exhibent
836 569 886 606 E.
908 570 956 607 F.
980 569 1032 607 H.
1054 570 1096 608 P.
1122 569 1232 608 Cam.
1250 570 1291 608 S.

240 642 279 677 6.
310 650 414 676 τισιν
431 649 508 688 pro
525 633 629 674 τισίν
651 635 906 675 exhibuimus
923 649 1015 675 cum
1035 638 1084 676 A.
1109 638 1221 676 Cam.
1259 639 1324 676 De
1343 636 1416 676 hac
1434 637 1570 677 Ana-

123 719 355 758 xagorae
384 703 580 743 sententia
617 704 691 743 cfr.
724 705 985 767 Senecam
1025 705 1197 756 Qemest.
1226 712 1372 743 natur.
1410 707 1487 754 III,
1517 708 1568 745 6:

127 774 314 825 Quidam
336 775 605 823 existimant,
636 772 847 825 quidquid
863 787 914 811 ex
933 772 1139 811 imbribus
1159 780 1276 810 terra
1298 774 1495 824 concipit,
1525 774 1571 812 in

115 841 309 892 flumina
331 855 476 879 rursus
497 842 646 879 emitti.
704 838 760 878 Et
779 840 859 878 hoe
880 842 1123 892 argumenti
1140 840 1229 879 Ioco
1250 848 1426 890 ponunt,
1458 841 1572 892 quod

118 911 389 958 paucissima
415 909 606 959 flumina
637 916 735 946 sunt
762 910 808 947 in
833 908 901 946 lzis
929 909 1055 955 loeis,
1096 909 1143 946 in
1171 907 1322 960 quibus
1351 921 1478 947 rarus
1507 915 1569 947 est

123 975 267 1017 imber.
329 976 425 1015 Ideo
452 979 590 1015 siccas
620 989 706 1014 esse
739 977 864 1013 aiunt
881 975 1140 1026 Aethiopiae
1167 975 1433 1023 solitudines,
1457 990 1568 1028 paw-

124 1058 274 1096 cosqne
293 1045 482 1082 inveniri
502 1047 549 1083 in
567 1045 769 1082 interiore
788 1041 945 1098 Africa
957 1043 1118 1094 fontes,
1145 1044 1249 1094 quia
1260 1042 1444 1093 fervida
1460 1045 1571 1083 caeli

122 1119 285 1150 natura
306 1115 378 1162 sit,
409 1119 450 1149 et
468 1126 608 1163 paene
628 1124 789 1161 semper
810 1112 979 1148 aestiva
1004 1116 1045 1148 et
1064 1124 1102 1162 q.
1121 1123 1151 1148 s.
1208 1109 1389 1150 Eandem
1415 1112 1567 1164 ample-

121 1193 199 1217 xus
228 1185 288 1218 est
318 1180 604 1219 Vitruvius
634 1177 868 1217 Architect.
897 1178 1013 1226 VIII,
1044 1180 1087 1228 1,
1117 1190 1242 1230 eaque
1267 1190 1375 1217 nunc
1402 1185 1566 1219 auctore

121 1248 370 1286 Mariotte
401 1245 602 1298 (Oeuvres
621 1248 654 1287 I.
674 1259 714 1298 p.
730 1247 811 1284 326
831 1243 908 1297 sq.)
940 1245 1126 1294 invaluit,
1156 1251 1202 1285 ut
1220 1244 1269 1284 ab
1289 1247 1474 1286 omnibus
1495 1247 1568 1287 de-

119 1315 344 1364 rideretur,
374 1314 442 1367 qui
464 1315 582 1353 aliam
608 1327 842 1366 proponere
876 1313 1055 1353 auderet.
1093 1335 1149 1342 —-
1206 1312 1393 1353 Schnei
1407 1315 1567 1354 derus

118 1368 267 1434 Eclog.
291 1382 416 1434 phys.
443 1384 530 1432 XI,
550 1386 586 1422 3.
614 1396 652 1434 p.
673 1383 752 1421 179
782 1382 948 1421 inverso
978 1381 1143 1431 ordine,
1182 1381 1318 1420 nescio
1347 1395 1397 1420 an
1425 1383 1565 1422 calami

118 1449 256 1501 lapsu:
287 1445 396 1489 οὕτω
415 1450 519 1490 τισὶν
539 1446 639 1501 ἔχειν
659 1448 846 1490 ὁοκεΐ.--
865 1446 1081 1500 ἀνενεχθέν
1107 1448 1226 1488 Alex.
1257 1448 1355 1488 Aldi
1372 1450 1441 1489 fol.
1455 1453 1520 1501 87,
1532 1465 1564 1490 a.

118 1538 175 1544 —
190 1514 273 1572 ῥεῖν
293 1513 381 1558 οἷον
398 1519 627 1571 recepimus
647 1531 699 1556 ex
712 1519 760 1557 E.
775 1518 827 1557 A.
839 1517 1036 1570 probante
1057 1519 1149 1569 Bag.
1173 1518 1242 1569 qui
1256 1517 1401 1556 vertit:
1421 1519 1566 1568 fluere

120 1594 167 1624 ut
187 1600 237 1625 ex·
258 1587 355 1624 alvo
375 1600 539 1638 magna
569 1587 728 1625 Vicom.
762 1592 985 1636 tamquam
1006 1598 1057 1623 ex
1077 1599 1234 1637 magno
1258 1591 1402 1623 ventre
1421 1586 1564 1636 fluere

120 1658 162 1691 et
181 1654 238 1691 ita
261 1654 369 1692 infra
397 1654 431 1704 §.
460 1654 539 1693 24:
586 1651 772 1706 γίνεσθαι
808 1647 885 1698 τὰς
923 1648 1053 1706 ἀρχὰς
1080 1653 1162 1692 τῶν
1190 1652 1386 1703 ποταμῶν
1417 1646 1484 1699 ὡς
1521 1651 1565 1702 ἐξ

121 1717 419 1775 ἀφωρισμένων
442 1721 616 1760 κοιλιῶν.
655 1720 816 1773 Reliqui
837 1720 956 1759 codd.
977 1725 1018 1758 et
1035 1720 1231 1759 editiones
1251 1722 1441 1760 omittunt
1461 1716 1561 1763 οἷον.

120 1789 366 1828 Sententiam
384 1789 649 1841 Anaxagorae
669 1788 856 1841 exposuit
876 1788 997 1826 etiam
1027 1789 1288 1841 Origenes
1315 1789 1560 1842 Philosoph.

119 1870 153 1896 c.
176 1860 224 1896 8:
261 1853 359 1903 τούς
388 1854 433 1896 δὲ
462 1853 674 1908 ποταμοὺς
700 1855 767 1896 καὶ
801 1852 881 1895 ἀπὸ
909 1857 991 1896 τῶν
1025 1852 1194 1910 ὄμβρων
1230 1853 1452 1908 λαμβάνειν
1487 1855 1562 1911 τὴν

117 1919 342 1964 ὕπόστασιν
368 1922 435 1964 καὶ
464 1922 508 1972 ἐξ
536 1920 672 1964 αὐτῶν
699 1924 783 1964 τῶν
811 1921 854 1963 ἓν
885 1925 936 1977 τῇ
964 1925 1037 1978 γῇ·
1086 1919 1186 1964 εἶπα
1212 1922 1290 1979 γὰρ
1321 1922 1448 1978 αὐτὴν
1477 1924 1562 1967 κοί-

117 1993 194 2045 λην
221 1992 288 2032 καὶ
306 1989 408 2044 ἔχειν
435 1988 548 2045 ὕδωρ
572 1989 614 2030 ἓν
632 1995 719 2039 τοῖς
736 1987 999 2043 κοιλώμασιν.
1038 1994 1196 2032 Locum
1214 1993 1354 2033 laudat
1373 1993 1562 2035 Schau-

116 2060 220 2099 bach
239 2061 382 2100 Anax.
402 2061 584 2099 Clazom.
592 2060 764 2112 fragm.
782 2073 821 2111 p.
834 2063 930 2099 178.
949 2081 1006 2088 -—
1025 2056 1165 2112 πάνταλ
1179 2075 1256 2114 pro
1274 2058 1431 2109 πάντας
1451 2064 1563 2103 Cam.

117 2116 186 2181 ᾗνῖ.
213 2130 298 2168 Cas.
317 2141 442 2180 marg.
460 2149 518 2155 —
545 2129 644 2178 μιᾶς
663 2128 808 2166 omisso
829 2125 873 2166 ἐκ
892 2129 941 2167 F.
964 2128 1017 2167 H.
1039 2129 1094 2168 N.
1123 2152 1179 2158 -—-
1215 2130 1297 2168 Pro
1326 2128 1370 2169 ἐκ
1388 2131 1462 2171 τοῦ
1475 2144 1562 2182 χει-

117 2196 256 2247 μῶνος
273 2196 326 2235 Ν.
345 2195 510 2234 exhibet
527 2189 606 2234 ὑπὸ
625 2196 701 2234 τοῦ
718 2197 931 2246 χειμῶνος.
963 2196 1037 2235 cfr.
1059 2199 1090 2245 1,
1121 2200 1187 2246 10,
1212 2200 1250 2236 6.
1269 2218 1327 2225 —-
1355 2196 1560 2249 συναχθέν

118 2276 196 2314 pro
227 2260 450 2313 συλλεχθέν
479 2263 532 2302 Α.
573 2283 628 2290 —
676 2263 831 2302 Eadem
867 2259 998 2316 ἀρχάς
1033 2264 1199 2315 praebet
1234 2260 1559 2317 pro‘v‘modoxcig.

118 2330 344 2383 Utramque
370 2331 586 2369 lectionem
612 2331 778 2381 agnovit
795 2333 886 2382 Bag.
907 2330 1094 2369 Aldinam
1114 2331 1158 2370 in
1179 2334 1359 2386 margine
1384 2347 1560 2373 comme-

119 2412 294 2438 morans.
315 2421 373 2427 —
402 2393 560 2438 τούτων
586 2399 782 2450 ποταμῶν
810 2399 861 2437 Ε.

232 2470 271 2506 7.
301 2462 379 2506 διὸ
411 2464 495 2505 καὶ
524 2464 743 2517 μείζους
774 2493 923 2506 .....
956 2462 1050 2506 οὐκ
1079 2463 1315 2515 ἀενάους.
1359 2470 1432 2509 cfr.
1461 2469 1560 2510 Co·-

117 2535 170 2574 lu
182 2535 312 2574 mell.
343 2534 392 2572 de
411 2548 456 2572 re
474 2541 579 2572 rust.
607 2534 686 2583 XI,
708 2537 752 2584 3,
771 2537 796 2572 8
808 2550 821 2572 .·
857 2535 914 2572 Ut
932 2542 1093 2573 certam
1106 2537 1394 2586 perennitatis
1405 2545 1560 2588 puteus

120 2601 278 2641 habeat
296 2586 465 2651 fidemJ
483 2612 572 2642 tum
593 2604 753 2641 demum
779 2600 1045 2654 effodiendus
1066 2611 1146 2652 est,
1179 2617 1268 2643 cum
1288 2604 1364 2642 Sol
1386 2605 1558 2643 ultimas

114 2677 264 2719 partes
286 2672 485 2723 Virginis
506 2670 738 2718 obtinebit,
768 2670 818 2708 id
834 2677 917 2718 est,
950 2684 1086 2708 mense
1108 2669 1342 2722 Septembri
1367 2679 1466 2710 ante
1486 2686 1561 2710 ae-

119 2738 379 2789 quinoctium
398 2740 691 2778 auctamnale:
720 2739 927 2790 siquidem
949 2746 1048 2777 tunc
1073 2740 1256 2778 maxime
1284 2739 1560 2790 explorantur

119 2805 231 2843 vires
245 2805 464 2862 fontium,
504 2821 598 2847 cum
628 2821 679 2846 ex
707 2808 838 2859 longa
864 2808 1062 2846 siccitate
1095 2808 1276 2845 aestatis
1299 2815 1415 2845 terra
1441 2815 1561 2845 earet

721 2878 723 2881 ·
1148 2867 1200 2904 29
