1774 3198
354 346 448 390 640
657 355 933 395 ADDENDA
959 356 1033 395 ET
1062 357 1342 397 CORRIGEN
1344 360 1434 398 DA.

354 465 393 501 P,
411 463 484 498 135.
500 460 648 503 not.**).
670 478 716 485 —-
738 462 858 497 Obiter
877 463 978 498 etiam
998 466 1218 506 monendum,
1244 467 1413 508 procellas
1438 461 1587 512 γνόφουσ
1605 479 1633 502 s.
1655 466 1738 502 δνό-

440 527 541 562 «ponc,
573 523 715 561 propter
735 518 936 564 caliginem,
969 531 1071 563 quam
1093 532 1209 555 secum
1234 522 1327 555 ferre
1349 523 1482 565 solent,
1518 523 1626 557 dictas
1652 534 1738 558 esse.
1761 553 1766 560 .

440 572 511 607 cfr.
533 573 639 607 lexic.
671 578 705 606 et
727 573 780 606 adi
803 574 953 618 Eurip.
979 577 1100 609 Troad.
1132 588 1169 611 v.
1195 578 1239 611 78
1262 589 1338 620 sq.:

615 631 674 662 καὶ
698 626 784 662 Ζεὺς
805 629 873 672 μὲν
895 627 1032 674 ὄμβρον
1054 635 1113 665 καὶ
1129 629 1291 672 χάλαζαν
1314 630 1468 666 ἄσπετον

613 685 763 726 πέμψει,
787 682 996 728 γνοφώδη
1017 682 1054 718 δ’
1076 683 1269 729 αἰθέρος
1291 683 1551 730 φυσήματα.

350 758 365 764 -
410 737 487 774 136.
520 742 592 773 not.
614 740 655 781 †)
676 740 700 772 1.
717 741 750 774 2.
775 758 821 764 —-
853 740 921 773 Pro
944 741 1068 775 forte
1091 741 1307 775 scribend1m1
1326 743 1541 778 fortasse.

348 813 365 820 -
411 792 475 826 140
519 799 591 830 not.
615 793 647 832 *)
673 814 692 821 -
716 796 746 828 5.
772 812 815 819 —-
848 796 915 827 Pro
938 796 1080 839 major
1102 798 1179 842 lege
1202 797 1356 834 maior.

351 869 367 876 -
412 846 487 881 143.
520 853 593 881 not.
613 848 649 890 *)
672 866 715 872 —
742 848 814 886 Cfr.
837 849 1033 884 Aristot.
1058 853 1099 884 de
1121 856 1209 885 caelo
1235 853 1287 894 II,
1311 851 1363 885 14.
1391 863 1424 895 p.
1448 853 1526 894 298,
1549 862 1581 885 a.

348 922 364 929 -
431 922 475 928 —
519 909 591 937 not.
616 903 669 945 W)
702 921 746 927 —
792 904 866 942 Cfr.
897 906 956 938 La
987 905 1130 940 Croze
1161 910 1241 940 Lex.
1261 910 1402 949 Aegypt.
1440 908 1494 941 ed.
1523 907 1738 941 Scholtz-

436 959 579 1002 Woyd
590 970 622 993 e.
648 958 785 1001 (Oxon.
811 963 908 995 1775.
934 959 984 1000 4.)
1011 973 1046 1005 p.
1068 963 1123 996 31.

347 1031 363 1038 -
392 1011 467 1046 144.
492 1014 516 1050 l.
541 1014 572 1047 5.
593 1031 634 1038 -
665 1015 758 1061 Lege
785 1013 823 1055 ἕξ
845 1012 887 1048 οὗ
909 1012 1029 1058 δῆλον.

347 1089 365 1095 -
389 1070 465 1102 150.
488 1074 559 1102 not.
572 1067 604 1110 *)
629 1070 653 1105 l.
677 1073 709 1104 3.
732 1087 776 1093 —
807 1072 874 1105 Pro
898 1072 1138 1106 adservato
1164 1072 1241 1117 lege
1265 1071 1517 1106 adservati.

347 1143 365 1149 -
388 1124 464 1157 153.
491 1123 662 1164 not.***).
687 1141 729 1149 -
765 1126 966 1159 Phaedri
995 1126 1155 1169 Epicurei
1179 1127 1332 1165 libellum
1357 1130 1439 1172 περὶ
1462 1124 1556 1170 ὀροῖν
1578 1123 1642 1168 τῆς
1661 1121 1738 1161 Ἔλ-

430 1173 536 1210 λοίὸος
552 1178 697 1211 similem
714 1180 867 1214 eiusdem
887 1181 974 1214 tituli
984 1182 1192 1215 Dicaearchi
1213 1182 1303 1216 libro
1326 1187 1540 1215 commentus
1564 1186 1616 1215 est
1639 1180 1738 1215 Cor-

432 1233 564 1265 radus
588 1234 630 1265 ad
654 1233 857 1268 Ciceron.
882 1238 1004 1278 epistol.
1033 1239 1076 1268 ad
1095 1240 1196 1269 Attic.
1219 1237 1321 1279 xm,
1348 1239 1403 1279 30,
1429 1242 1594 1280 sequente
1616 1237 1740 1268 Lam-

429 1286 549 1320 bino.
573 1286 622 1319 At
635 1287 854 1321 scribendum
877 1299 954 1322 esse
976 1293 1060 1332 περὶ
1075 1287 1174 1323 θεοῖν
1186 1287 1360 1333 Ἑλλάδος,
1386 1298 1444 1325 aut
1458 1292 1508 1325 uti
1526 1293 1739 1325 Peter-sen

430 1341 542 1377 Voluit
565 1341 722 1384 (Phaedr.
735 1346 868 1386 Epicur.
888 1346 928 1377 de
951 1351 1069 1376 natura
1094 1346 1225 1377 deorum
1241 1345 1367 1386 fragm.
1389 1347 1578 1392 Hamburg.
1595 1345 1737 1383 1833.4.

414 1389 465 1440 p.
491 1395 564 1439 11):
592 1401 673 1442 περὶ
695 1395 795 1432 θεῶν
819 1402 879 1432 καὶ
902 1395 1092 1432 Παλλάδος
1117 1398 1181 1433 vix
1203 1399 1358 1433 dubitare
1380 1400 1474 1436 licet.
1493 1391 1496 1395 ’

345 1473 361 1480 -
386 1453 512 1488 157.1.
539 1453 593 1486 18.
616 1472 660 1478 -
683 1454 766 1486 Post
785 1454 1074 1498 temporibus
1100 1456 1188 1488 adde
1213 1454 1400 1498 aliquid.

344 1530 362 1536 -
386 1510 463 1542 158.
494 1528 513 1534 -
536 1508 589 1541 19.
614 1525 652 1532 -
679 1510 775 1542 Pone
796 1515 959 1552 punctum
983 1514 1062 1544 ante
1084 1507 1212 1554 ταῦτα,
1237 1521 1341 1554 quum
1363 1509 1488 1544 iniuria
1508 1509 1671 1554 deinceps
1696 1509 1740 1544 sit

431 1562 591 1606 positum.
609 1583 617 1585 -›
677 1591 682 1594 .

343 1639 362 1647 -
385 1620 461 1653 158.
486 1619 510 1652 l.
536 1619 592 1654 26.
615 1638 661 1644 —
685 1620 780 1665 Lege
804 1619 930 1653 certi
958 1629 1022 1663 pro
1048 1624 1181 1653 certe.

345 1694 361 1701 -
406 1689 450 1697 -·
495 1694 514 1700 -
536 1675 593 1708 33.
617 1693 661 1699 —-
685 1675 782 1720 Lege
809 1674 1102 1708 intellectam
1125 1684 1189 1718 pro
1216 1673 1513 1709 intellectum.

344 1750 361 1757 -
386 1730 463 1764 169.
486 1734 558 1765 not.
586 1728 661 1771 ***)
685 1730 708 1763 1.
730 1732 761 1764 3.
793 1746 837 1752 —
859 1730 930 1764 Pro
949 1731 1085 1766 xOeno
1099 1730 1251 1774 pidem
1287 1731 1365 1776 lege
1395 1731 1740 1774 Hippocratem

434 1784 602 1819 Chium.
647 1786 680 1818 Is
703 1785 794 1819 enim
820 1786 1090 1830 Oenopides
1112 1787 1219 1831 vulgo
1243 1787 1486 1829 appellabatur.
1522 1785 1759 1820 Vocabulum'

433 1835 740 1881 ἅντιπαριίστασιν
760 1841 925 1874 intactum
949 1841 1213 1884 relinquendum
1236 1846 1298 1874 est.
1341 1842 1474 1875 Eodem
1508 1840 1599 1874 enim
1635 1840 1741 1874 utitur

434 1893 536 1926 etiam
557 1894 706 1928 David
740 1901 914 1938 prolegom.
940 1898 1053 1939 philos.
1079 1897 1153 1931 vol.
1176 1897 1237 1930 lV.
1259 1908 1295 1939 p.
1320 1899 1408 1939 12‚a
1430 1896 1589 1929 Brandis.
1631 1895 1740 1929 Lexi-

431 1947 480 1980 cis
503 1947 608 1992 igitur
630 1950 779 1982 accedat.
1638 1958 1642 1961 '

346 2021 363 2028 -
389 2003 465 2037 169.
488 2008 561 2038 not.
585 2002 623 2044 †)
647 2003 684 2035 in
706 2004 785 2037 fine.
808 2023 852 2029 --
883 2003 1005 2037 Adde:
1041 2003 1191 2037 Cnidii
1214 2015 1341 2038 nomen
1364 2005 1449 2037 illud
1471 2005 1592 2040 vinum
1616 2007 1738 2048 procul

433 2057 538 2090 dubio
560 2058 602 2090 ab
626 2059 780 2101 emporio
804 2058 947 2102 accepit.
981 2060 1046 2093 cfr.
1067 2059 1237 2093 Pinder
1261 2062 1301 2093 de
1321 2062 1494 2093 adamante
1516 2072 1547 2103 p.
1562 2062 1615 2093 13.
1652 2061 1741 2095 Cae-

432 2118 544 2146 terum
571 2114 715 2146 eandem
744 2114 982 2157 quaestionem
1013 2115 1123 2148 fusius
1153 2114 1312 2149 tractavit
1343 2115 1435 2148 idem
1470 2115 1742 2149 Alexander

434 2170 541 2200 Probz.
567 2169 620 2210 11,
643 2168 674 2202 6.
709 2169 770 2201 foi.
798 2170 854 2210 28,
867 2180 897 2202 a.

343 2243 360 2249 -
387 2225 462 2257 171.
484 2228 559 2256 not.
571 2221 615 2264 *).
639 2239 685 2245 —
717 2219 865 2257 ’ormmi
889 2223 1089 2258 Aristotelis
1113 2235 1192 2258 cum
1213 2224 1423 2258 mechanicis
1451 2223 1634 2258 coniuncta
1666 2226 1743 2257 lau-

434 2278 559 2310 dantur
595 2288 615 2310 a
645 2279 679 2311 D
692 2289 711 2312 a
723 2278 770 2313 vi
781 2280 802 2311 d
815 2290 834 2312 e
870 2283 1048 2322 prolegom.
1081 2282 1113 2313 in
1153 2282 1300 2321 Categor.
1348 2282 1422 2316 vol.
1453 2281 1517 2314 IV.
1564 2293 1599 2323 p.
1631 2279 1676 2315 25
1687 2305 1699 2323 ,
1722 2291 1742 2313 a

430 2333 460 2364 B
470 2343 488 2365 r
497 2343 516 2365 a
525 2343 549 2364 n
559 2333 592 2367 d.

344 2407 363 2414 -
387 2389 463 2421 179.
491 2388 515 2420 1.
539 2388 595 2421 26.
623 2404 665 2410 —
690 2389 774 2421 Post
797 2384 1023 2431 λαιλαπώδης
1044 2399 1136 2432 pone
1162 2399 1310 2422 comma.

345 2463 362 2469 -
385 2444 463 2476 181.
489 2447 562 2475 not.
586 2441 633 2484 *).
659 2461 704 2468 -
737 2442 840 2476 Adde
868 2444 1066 2478 Schmid.
1094 2446 1136 2478 ad
1162 2443 1387 2478 Cleomed.
1415 2445 1444 2486 1,
1468 2445 1499 2478 3.
1543 2445 1670 2477 Unna
1701 2446 1742 2476 cle

434 2501 631 2530 Alcmaeone
661 2501 846 2532 Crotoniata
883 2497 919 2531 in
951 2499 1040 2532 libro
1074 2499 1260 2542 inscripto:
1306 2501 1743 2541 Philologisch-lu'siorische

435 2555 568 2586 Studien
593 2552 660 2594 aus
677 2555 748 2586 dem
772 2555 1011 2587 akademischen
1037 2557 1242 2597 Gymnasium
1267 2567 1310 2588 zu
1332 2558 1515 2596 Hamburg.
1550 2557 1742 2595 Herausge-

433 2612 532 2650 geben
554 2621 616 2642 von
633 2608 1016 2652 Petersen.,(Hamb.
1042 2611 1146 2654 1832)
1169 2611 1269 2654 p.66.
1314 2610 1384 2644 Adi
1409 2609 1512 2645 etiam
1533 2607 1740 2643 ciceron.

436 2665 477 2696 de
499 2677 534 2697 re
558 2666 677 2707 public.
701 2664 767 2706 VI,
792 2667 847 2698 17.

346 2737 366 2744 -
391 2718 469 2752 185.
491 2719 515 2751 l.
540 2720 596 2753 18.
618 2737 664 2745 —
695 2718 818 2753 Adde:
845 2719 936 2754 Vide
967 2720 1149 2764 deinceps,
1184 2731 1228 2753 ne
1255 2716 1328 2753 δεῖν
1355 2729 1416 2762 pro
1439 2716 1493 2751 δεῖ
1521 2718 1564 2751 sit
1587 2718 1741 2752 scriben-

434 2774 527 2810 dum.
572 2773 626 2807 Ita
648 2776 742 2818 Phys.
765 2776 794 2818 1,
818 2777 851 2811 8.
877 2787 911 2818 p.
940 2776 1026 2819 191,
1046 2786 1066 2809 a
1099 2775 1337 2809 scribendum:
1378 2771 1591 2806 ὖποκεΐσθαι
1615 2770 1682 2816 γάρ
1706 2786 1741 2806 τι
