1774 3198
322 358 416 402 582
538 365 981 404 COMMENTARIUS
1009 365 1070 403 IN
1092 362 1490 404 METEOROLOG.

321 475 474 514 bonis
500 475 534 513 Ι.
561 487 602 525 p.
623 476 664 520 3,
685 472 723 510 A
761 474 826 523 qui
853 473 896 510 in
914 473 1103 524 Hispania
1124 475 1209 513 fere
1229 488 1385 526 semper
1408 475 1604 514 Favonius
1630 477 1711 527 spi-

321 554 411 580 rare
431 540 568 584 docet,
596 544 778 587 auctore,
813 539 873 576 uti
900 539 1086 586 videtur,
1122 554 1214 578 usus
1240 542 1480 590 Homero,
1525 555 1639 592 quem
1670 544 1710 581 in

321 604 515 655 Hispania
550 604 707 654 Elysios
745 617 901 654 campos
941 607 1149 644 collocasse
1181 607 1329 653 refert,
1384 607 1434 644 de
1472 604 1609 658 quibus
1645 609 1713 646 ille

326 668 468 720 Odys-s.
498 666 556 719 δ’,
587 672 688 708 566:

438 731 498 774 Οὐ
515 731 696 788 νιφετός,
726 732 805 774 οὔτ’
831 733 881 788 ἂρ
899 733 1047 786 χειμών
1074 733 1216 784 πολύς,
1247 733 1335 776 οὔτε
1363 734 1446 776 ποτ’
1469 734 1632 791 ὄμβρος,

426 797 538 839 Ἀλλ’
563 799 638 839 αἰεὶ
667 797 847 854 ζεφύροιο
877 800 960 854 λιγὺ
990 801 1193 848 πνείοντας
1220 799 1344 853 ἀήτας

430 863 617 912 Ὠκεανὸς
633 862 786 919 ἀφίησι.
800 888 855 895 —-

323 932 526 971 Plinius
554 934 668 971 Hist.
695 940 781 972 nat.
802 934 855 979 ΙΙ,
878 934 929 971 48
967 947 1011 971 ea
1040 935 1080 972 in
1099 948 1145 973 re
1170 935 1360 972 consentit
1386 947 1473 972 cum
1492 934 1716 983 Aristotele,

325 997 432 1048 quod
458 998 500 1035 in
519 998 614 1035 Asia
643 999 778 1036 etesias
805 1000 852 1037 ab
884 999 1036 1037 oriente
1066 999 1161 1038 flare
1191 1000 1325 1049 docet3
1360 1000 1429 1037 sed
1456 1001 1506 1037 de
1530 1001 1716 1051 Hispania

323 1063 430 1101 idem
458 1063 564 1113 quod
592 1062 643 1102 de
670 1064 762 1102 Asia
790 1065 924 1104 valere
952 1065 1095 1103 iniuria
1121 1072 1265 1104 narrat.
1330 1066 1413 1104 Cfr.
1445 1066 1581 1113 etiam,
1621 1079 1717 1116 quos

323 1128 570 1168 laudavimus
594 1130 807 1167 Meteorol.
828 1138 903 1169 vet.
925 1131 994 1169 Gr.
1017 1139 1054 1167 et
1075 1133 1190 1169 Rom.
1216 1133 1293 1180 VI,
1314 1135 1379 1170 20.
1408 1145 1446 1182 p.
1468 1134 1557 1170 117.
1582 1138 1663 1169 not.
1681 1135 1716 1179 8,

325 1195 550 1232 Gellium
589 1195 730 1232 Noett.
757 1195 887 1232 Attio.
924 1195 1075 1243 11,'22.
1139 1197 1350 1235 Diodor.
1387 1198 1538 1235 Sicul.
1584 1200 1622 1244 I,
1654 1201 1718 1235 39.

323 1271 366 1308 p.
398 1259 451 1297 47
482 1260 575 1309 ibiq.
615 1259 900 1311 Wesseling
931 1267 970 1299 et
998 1261 1248 1312 Hesychii
1275 1262 1461 1312 glossam:
1491 1259 1718 1315 Ἀργέσται·

325 1320 364 1363 οἱ
394 1321 557 1374 ἐτησίαι.

434 1392 501 1428 24.
540 1387 605 1428 καὶ
632 1390 703 1440 τῆς
730 1404 803 1442 pro
831 1392 903 1441 τῆς
928 1405 970 1430 τε
993 1393 1041 1431 F.
1083 1405 1126 1430 τε
1161 1405 1323 1442 prorsus
1358 1393 1543 1431 omittunt
1579 1394 1631 1431 H.
1663 1394 1715 1431 N.

325 1454 443 1493 Alex.
465 1456 535 1494 sol.
558 1458 651 1503 106,
669 1469 704 1494 a.
723 1478 776 1483 -
805 1458 905 1496 Mox
933 1459 1043 1510 κοινῇ
1070 1456 1133 1496 καὶ
1153 1455 1253 1495 καθ’
1275 1455 1439 1496 ἕκαστον
1466 1455 1718 1510 παθημάτων

325 1533 400 1571 pro
431 1522 540 1573 κοινῇ
568 1534 609 1560 τε
636 1519 891 1573 παθημάτων
919 1522 983 1561 καὶ
1012 1522 1098 1574 περὶ
1128 1521 1291 1562 ἕκαστον
1319 1525 1363 1561 F.
1385 1524 1489 1561 Cam.
1510 1523 1548 1560 P.
1571 1523 1606 1561 S.
1629 1525 1716 1562 Cas.

326 1598 424 1635 quae
447 1573 628 1624 lectionis
658 1589 826 1626 varietas
850 1589 992 1639 absque
1014 1589 1132 1627 dubio
1158 1603 1207 1626 ex
1228 1590 1525 1642 transpositione
1545 1595 1630 1628 orta
1650 1595 1718 1627 est.

325 1669 380 1678 ·--
407 1652 588 1702 Denique
616 1649 762 1692 ἕκαστα
791 1668 864 1705 pro
894 1653 1059 1694 ἕκαστον
1086 1656 1138 1693 Η.
1160 1654 1214 1693 Ν.

899 1766 930 1801 C
944 1778 967 1800 A
980 1777 1017 1802 1².
1055 1766 1158 1816 Vfl.
1188 1769 1189 1772 ’

435 1848 479 1885 Si
499 1835 591 1898 'quis
615 1849 656 1887 in
679 1850 784 1887 nulla
805 1850 990 1890 historiae
1006 1851 1191 1890 naturalis
1209 1856 1326 1901 parte,
1346 1850 1472 1888 ullum
1497 1863 1568 1888 nos
1587 1855 1720 1887 nostra

325 1917 449 1949 aetate
465 1913 639 1951 fructum
655 1928 705 1951 ex
723 1921 903 1953 veterum
922 1917 1151 1967 opinionum
1167 1930 1331 1954 recensu
1346 1929 1485 1966 capere
1500 1929 1613 1965 posse
1628 1929 1720 1952 cen-

325 1981 426 2022 seat,
457 1979 665 2017 conveniet
683 1980 839 2028 saltem,
867 1981 909 2019 in
929 1982 1168 2032 explicandis
1193 1987 1321 2018 terrae
1348 1994 1430 2018 mo
1416 1980 1516 2017 ibus
1542 1993 1612 2016 nos
1635 1993 1720 2016 am-

324 2041 441 2091 plius,
461 2056 576 2093 quam
587 2045 841 2084 Aristotelem
860 2052 899 2084 et
914 2048 980 2105 qui
998 2061 1087 2106 eum
1104 2059 1238 2114 presso
1258 2047 1343 2083 fere
1359 2045 1460 2096 pede
1475 2045 1594 2082 secuti
1615 2050 1716 2090 sunt,

325 2113 480 2146 veteres
500 2110 732 2159 scriptores»,
759 2112 933 2149 nondum
951 2113 1191 2163 processisse.
1214 2097 1347 2148 Unde
1364 2123 1551 2160 nusquam
1572 2110 1718 2146 maiore

325 2184 414 2209 cum
433 2173 630 2224 diligentia
660 2177 850 2226 quidquid
871 2184 1024 2216 veteres
1045 2177 1118 2215 hac
1137 2178 1256 2215 illave
1280 2177 1329 2214 de
1355 2190 1400 2214 re
1426 2180 1719 2227 proposuerunt

323 2237 487 2287 placita,
515 2253 754 2291 componere
782 2249 819 2280 et
838 2243 940 2280 inter
965 2257 1008 2280 se
1031 2256 1258 2294 comparare
1287 2242 1440 2287 studui,
1470 2254 1582 2291 quam
1603 2254 1716 2287 nunc,

323 2302 391 2339 ubi
420 2304 469 2340 ad
499 2305 787 2345 Aristotelicam
817 2308 867 2345 de
895 2315 1023 2346 terrae
1048 2314 1160 2347 motu
1187 2308 1411 2358 opinionem
1448 2305 1716 2357 explicandam

323 2371 587 2418 pervenimus.
633 2374 877 2424 Anteaquam
894 2387 992 2412 vero
1010 2381 1190 2413 veterum
1208 2373 1416 2410 sententias
1433 2384 1715 2417 enumeramus,

322 2433 592 2486 indicabimus,
619 2439 686 2489 qui
701 2440 805 2477 inter
822 2440 1059 2477 recentiores
1078 2438 1258 2490 physicos
1276 2451 1372 2488 prae
1391 2437 1526 2475 ceteris
1545 2435 1716 2472 dilucide

322 2511 368 2536 ac
385 2500 530 2541 diserte
550 2503 600 2541 de
617 2503 693 2542 hoc
713 2504 984 2555 phaenomeno
1013 2506 1172 2555 eiusque
1196 2502 1317 2541 causis
1342 2501 1604 2553 probabilibus
1634 2500 1715 2537 dis-

322 2568 517 2605 seruerint
534 2575 573 2606 et
589 2569 830 2609 laudabimus
846 2571 992 2608 idcirco
1003 2598 1014 2619 ,
1042 2575 1199 2620 praeter
1220 2580 1283 2614 ea,
1313 2580 1410 2618 quae
1426 2566 1468 2603 in
1485 2566 1607 2602 Rees
1637 2566 1714 2615 Cy-

323 2632 542 2682 clopaedc'a
569 2636 662 2673 Vol.
679 2636 775 2677 XII.
802 2636 889 2674 Art.
907 2634 1174 2686 Eartlzquake
1201 2639 1242 2671 et
1259 2633 1300 2670 in
1320 2630 1531 2670 Gehleri
1550 2628 1710 2679 Physik.

326 2699 394 2735 W
389 2699 529 2737 o'rterb.
558 2698 667 2750 (edit.
686 2700 853 2755 recent.)
880 2701 969 2738 Art.
999 2702 1066 2738 Er
1077 2699 1107 2736 d
1114 2699 1268 2736 beben
1293 2697 1493 2746 leguntur,
1523 2708 1621 2745 quae
1641 2708 1713 2732 ex-

322 2771 535 2816 posuerunt
562 2764 770 2806 Michell
796 2768 838 2804 in
863 2763 1095 2814 Plzilosoph.
1123 2767 1332 2801 Transact.
1360 2762 1555 2799 '1'0m.L1.
1583 2764 1709 2811 p.566
