1820 3158
366 386 426 428 52
472 390 871 435 —12-350‚b·13e1=¹‹·-
901 390 1044 428 LIB.I.
1074 389 1315 428 CARXIH.
1361 358 1583 431 quamn.
1609 387 1732 422 cas-

366 502 430 541 καὶ
469 501 568 541 κατὰ
605 498 746 552 μικρὸν
783 498 824 538 ἐκ
853 501 1008 538 πολλῶν
1042 497 1208 537 νοτίὸων
1237 496 1466 537 διαδίδωσιν
1494 493 1516 536 ’ὁ
1545 495 1668 544 τόπος
1695 497 1760 537 καὶ

312 567 543 620 26γίνονται
572 563 699 611 οὕτως
727 563 766 604 αἱ
797 564 916 618 πηγαὶ
950 567 1029 604 τῶν
1068 566 1272 615 ποταμῶν.
1351 567 1418 603 26.
1463 560 1521 602 Οὒ
1548 562 1628 614 μὴν
1658 561 1760 602 ἀλλὰ

367 632 430 671 καὶ
458 630 663 676 τοιούτους
690 626 786 669 εἶναι
813 628 962 677 τόπους
989 628 1149 680 ἔχοντας
1177 630 1337 680 πλῆθος
1364 625 1533 677 ὓδατος,
1583 623 1666 667 οἷον
1702 628 1760 666 λί-

361 711 476 747 μνας,
506 694 619 735 οὐδὲν
640 693 800 745 ἄτοπον,
831 694 932 747 πλὴν
956 692 1002 734 οὗ
1021 692 1280 747 τηλικαύτας,
1311 691 1411 733 ὥστε
1440 697 1560 733 τοῦτο
1590 693 1761 744 συμβαί-

363 777 442 801 νειν
470 759 593 801 οὐθὲν
619 763 793 812 μᾶλλον,
825 759 859 812 <ἢ
889 759 928 801 εἶ’
949 775 1010 806 τις
1037 758 1158 800 οἴοιτο
1195 758 1268 806 τὰς
1296 757 1471 813 φανερὰς
1508 756 1604 798 εἶναι
1634 757 1762 811 πηγὰς

362 830 442 867 τῶν
481 830 689 878 ποταμῶν·
749 825 888 878 σχεδὸν
921 824 996 879 γὰρ
1035 825 1077 865 ἐκ
1114 827 1269 878 κρηνῶν
1303 824 1340 864 οἱ
1380 827 1554 865 πλεῖστοι
1592 822 1759 876 ῥέουσιν.

309 897 362 932 27
400 899 466 933 27.
496 891 661 944 ’Ὀμοιον
691 887 760 932 οὖν
789 891 833 932 τὸ
864 892 992 939 κείνας
1035 891 1099 931 καὶ
1131 889 1176 930 τὸ
1205 889 1356 937 ταύτας
1385 892 1552 942 νομίζειν
1590 888 1686 931 εἶναι
1714 889 1760 929 τὸ

364 961 479 1009 σῶμα
506 957 552 998 τὸ
583 961 654 998 τοῦ
683 956 831 1004 ὕδατος
855 961 946 997 πᾶν.
993 956 1054 996 ὅτι
1081 955 1121 996 ‹5'
1155 957 1228 996 εἶσὶ
1263 960 1429 996 τοιαῦτα
1463 957 1661 1015 φάραγγες
1697 956 1762 997 καὶ

365 1022 589 1070 διαστάσεις
616 1026 688 1074 τῆς
714 1027 799 1076 γῆς,
836 1024 1024 1075 δηλοῦσιν
1053 1022 1090 1063 οἳ
1120 1020 1422 1074 καταπινόμενοι
1450 1026 1528 1063 τῶν
1557 1025 1761 1072 ποταμῶν.

364 1089 567 1140 συμβαίνει
598 1089 641 1128 δὲ
668 1092 787 1128 τοῦτο
817 1091 1019 1140 πολλαχοῦ
1049 1091 1120 1140 τῆς
1154 1091 1250 1140 γῆς,
1300 1085 1384 1128 οἷον
1423 1092 1496 1141 τῆς
1529 1087 1602 1139 μὲν
1630 1089 1762 1127 Πελο-

309 1159 361 1195 28
373 1152 574 1206 ποννήσου
602 1156 765 1194 πλεῖστα
793 1158 958 1194 τοιαῦτα
986 1153 1072 1207 περὶ
1101 1151 1174 1205 τὴν
1197 1152 1409 1206 Ἀρκαδίαν
1429 1153 1547 1193 ἐστίν.
1595 1151 1763 1203 2S.‚A2‘'-

361 1235 447 1260 τιον
476 1220 519 1260 δὲ
549 1218 615 1259 διὰ
643 1218 688 1260 τὸ
719 1219 873 1273 ὀρεινὴν
900 1214 1025 1260 οὖσαν
1051 1217 1107 1271 μὴ
1139 1217 1237 1270 ἔχειν
1266 1218 1409 1272 ἐκροὰς
1438 1219 1480 1259 ἐκ
1507 1221 1587 1258 τῶν
1607 1221 1763 1258 κοιλιῶν

363 1286 418 1332 εἷς
432 1283 664 1325 θάλατταν·
694 1284 959 1339 πληρούμενοι
978 1284 1054 1338 γὰρ
1078 1284 1115 1325 οἱ
1134 1282 1250 1324 τόποι
1279 1285 1343 1324 καὶ
1368 1283 1440 1324 οὐκ
1458 1283 1621 1335 ἔχοντες
1648 1282 1763 1336 Ξ-’κρυ-

363 1363 424 1391 σιν
462 1350 575 1391 αὐτοὶ
611 1351 855 1431 ευρισκονται
893 1366 964 1403 την
993 1351 1127 1391 δίοδον
1155 1351 1211 1397 εις
1239 1348 1397 1401 βάθος,
1449 1349 1762 1401 ἀποβιαζομένου

309 1422 360 1458 29
371 1420 443 1457 τοῦ
469 1415 627 1457 ἄνωθεν
655 1415 834 1463 ἐπιόντος
853 1415 1011 1464 ὓδατος.
1067 1422 1134 1458 29.
1162 1416 1267 1481 ,Περὶ
1294 1416 1367 1467 μὲν
1394 1431 1464 1458 ουν
1492 1414 1564 1468 τὴν
1588 1413 1655 1456 Ἑλ
1659 1414 1763 1455 λάδα

360 1482 484 1535 μικρὰ
512 1485 675 1523 τοιαῦτα
703 1485 903 1530 παντελῶς
925 1482 1007 1522 ἔστι
1026 1480 1230 1541 γινομεηα»
1256 1481 1347 1522 ἀλλ’
1370 1480 1394 1534 η’
1413 1497 1453 1535 γε
1467 1479 1543 1522 ὑπὸ
1565 1480 1636 1522 τὸν
1648 1479 1763 1521 Καυ-

363 1561 485 1588 κασον
514 1549 652 1599 λίμνη,
691 1546 743 1600 ἢν
770 1550 955 1588 καλοῦσιν
984 1547 1021 1588 οἱ
1051 1547 1134 1588 ἐκεῖ
1155 1545 1387 1597 θάλατταν,
1432 1546 1600 1627 φανερά.
1661 1547 1760 1600 αὐτη

362 1612 437 1668 γὰρ
466 1615 655 1666 ποταμῶν
683 1615 840 1652 πολλῶν
879 1614 943 1653 καὶ
971 1611 1153 1667 ίιιεῇάλων
1182 1612 1472 1664 εισβαλλόντων
1509 1613 1580 1655 οὐκ
1617 1613 1762 1666 ἔχουσα

361 1752 439 1794 tur,
462 1746 642 1796 quoniam
662 1745 769 1784 lacus
785 1758 922 1797 aquam
945 1753 1157 1798 propterea
1177 1747 1384 1794 distribuit,
1413 1747 1519 1797 quod
1536 1748 1645 1786 tenui
1662 1761 1762 1800 quo-

363 1811 451 1848 dam
481 1811 593 1849 ssuxu
625 1812 811 1861 paulatim
844 1825 895 1848 ex
923 1812 1056 1849 multis
1083 1813 1244 1862 guttulis
1276 1812 1449 1851 confluit.
1525 1814 1658 1863 Atque
1685 1814 1761 1851 hoc

361 1890 452 1914 sane
469 1876 586 1913 modo
603 1878 776 1914 amnium
795 1878 923 1915 sontes
942 1879 1138 1915 oriuntur.
1197 1878 1261 1916 26.
1291 1879 1333 1916 Ν
1335 1891 1378 1915 ec
1396 1884 1525 1916 tamen
1545 1879 1759 1917 absurdum

362 1949 442 1991 est,
473 1942 664 1980 eiusmodi
682 1955 767 1979 esse
787 1943 895 1990 loca,
924 1955 1021 1992 quae
1041 1943 1166 1981 veluti
1189 1950 1340 1992 stagna,
1369 1957 1558 1994 aquarum
1578 1945 1759 1983 multitu-

361 2009 492 2046 dinem
515 2009 755 2057 contineant,
783 2022 1011 2060 quamquam
1031 2021 1111 2046 non
1133 2021 1177 2045 ea
1202 2010 1432 2059 capacitate,
1466 2015 1511 2047 ut
1529 2008 1607 2047 hoc
1632 2010 1758 2048 nihilo

358 2075 478 2124 magis
505 2075 682 2121 eveniat,
717 2088 834 2125 quam
857 2076 890 2112 si
916 2075 1001 2124 quis
1028 2074 1242 2112 fluviorum
1270 2075 1399 2113 fontes
1425 2075 1653 2126 perspicuos
1676 2091 1758 2114 esse

361 2140 584 2179 arbitretur.
619 2142 722 2179 Fere
741 2141 845 2178 enim
869 2155 889 2177 e
909 2140 1081 2178 fontibus
1099 2140 1259 2191 plurimi
1280 2140 1460 2179 effluunt.
1497 2145 1565 2180 27.
1587 2143 1759 2180 Perinde

358 2206 478 2256 igitur
497 2205 711 2244 fuerirhos
728 2212 844 2256 atquc
868 2206 956 2243 illos
967 2206 1196 2244 universum
1218 2219 1339 2256 aquae
1358 2220 1440 2244 esse
1458 2221 1601 2258 corpus
1622 2209 1758 2246 existi-

360 2285 480 2310 mare.
535 2272 685 2310 Terrae
703 2278 833 2310 autem
851 2284 1034 2309 cavernas
1056 2271 1247 2309 eiusmodi
1266 2285 1349 2309 esse
1367 2278 1406 2310 et
1424 2272 1566 2319 hiatus,
1597 2287 1640 2311 ea
1660 2289 1758 2326 quac

357 2337 616 2375 absorbentur
632 2337 792 2375 flumina
814 2338 1035 2375 declarant:
1063 2338 1168 2389 quod
1188 2338 1347 2388 quidem
1375 2339 1509 2376 multis
1537 2346 1667 2377 terrae
1694 2341 1757 2378 lo-

359 2403 413 2440 cis
432 2403 580 2451 accidit,
609 2409 654 2441 ut
672 2404 714 2440 in
731 2404 1012 2454 Peloponneso,
1041 2405 1084 2441 in
1103 2403 1284 2451 Arcadia,
1310 2404 1482 2455 plurima
1501 2405 1616 2442 huius
1637 2419 1755 2455 gene-

356 2468 411 2505 ris
429 2467 637 2507 habentur.
692 2472 758 2507 28.
787 2470 905 2508 Cuius
930 2470 989 2507 rei
1014 2483 1125 2507 causa
1147 2477 1227 2515 est,
1257 2470 1362 2520 quod
1382 2483 1469 2507 cum
1490 2477 1667 2508 montosa
1693 2472 1754 2519 sit,

360 2546 410 2570 ex
426 2534 547 2571 alveis
574 2534 616 2571 in
636 2548 744 2573 mare
768 2534 959 2573 effluxum
985 2548 1066 2573 non
1087 2535 1216 2574 habet.
1274 2536 1440 2585 Repleta
1458 2535 1563 2572 enim
1581 2536 1666 2573 loca
1685 2535 1754 2574 illa

357 2611 485 2648 neque
501 2598 690 2637 effluxum
717 2600 908 2648 habentia,
937 2601 1009 2638 sibi
1028 2603 1234 2640 transitum
1255 2601 1296 2639 in
1315 2602 1394 2638 ima
1413 2601 1637 2649 inveniunt,
1669 2604 1751 2640 vim

356 2665 541 2702 afferente
558 2677 656 2715 aqua
673 2679 727 2711 ea,
752 2680 849 2716 quae
870 2668 1040 2718 desuper
1059 2667 1265 2705 delabitur.
1320 2669 1383 2704 29.
1412 2666 1460 2703 In
1475 2666 1642 2704 Hellade
1660 2680 1753 2705 sane

355 2742 550 2780 perpauca
570 2731 729 2767 omnino
752 2730 868 2769 huius
885 2733 994 2769 modi
1013 2734 1208 2770 eveniunt.
1250 2732 1304 2768 At
1321 2743 1419 2768 vero
1440 2731 1610 2770 Caucaso
1630 2734 1751 2771 monti

356 2797 458 2834 lacus
483 2795 675 2833 subiectus
701 2802 774 2843 est,
814 2809 929 2846 quem
953 2799 1104 2836 accolae
1129 2810 1238 2835 mare
1261 2796 1475 2835 nominant.
1531 2799 1750 2836 Multorum
