1774 3198
349 372 442 415 664
653 379 849 419 ADDEN
851 379 927 418 DA
955 380 1027 418 ET
1055 377 1431 420 CORRIGENDA.

348 490 426 523 Bat.
451 487 549 523 1654.
575 488 631 530 8.)
673 489 762 522 Pro
777 490 883 522 clus
909 488 1046 523 silentio
1069 488 1306 532 praetermisit.
1330 490 1401 532 111,
1421 492 1455 523 7.
1487 500 1523 532 p.
1549 491 1625 523 122.
1655 489 1680 521 1.
1703 492 1738 523 2.

346 546 410 578 fol.
437 546 492 585 31,
509 544 530 576 b
553 544 771 577 scribendum
795 540 890 577 ἄλλά
912 540 951 589 (τό
974 541 1035 579 τοῦ
1059 542 1361 589 μεσουρανήματος
1382 555 1447 588 pro
1472 539 1560 577 ἄλλ’
1582 538 1653 577 α’πό
1678 541 1742 578 τοῦ

346 596 662 641 μεσουρανήματοε.
684 615 729 622 -
765 600 831 640 ΙΙΙ,
856 599 909 633 18.
933 611 966 642 p.
993 601 1069 633 167.
1092 600 1115 632 l.
1141 601 1174 633 3.
1198 611 1218 633 a
1241 601 1301 639 fin.
1323 601 1386 634 fol.
1413 599 1501 643 43,a
1526 599 1740 634 Camerarius

348 653 521 686 exhibuit:
546 652 598 687 ἔτι
614 651 649 688 δὲ
669 653 706 688 ἐν
728 654 806 689 ταῖς
829 650 1022 690 α’νατολαῗς
1044 658 1102 688 καὶ
1121 656 1200 690 ταῖς
1221 653 1291 689 τῶν
1315 653 1437 699 φωτῶν
1471 654 1580 699 (Cam.
1602 652 1740 698 φώτων)

345 705 539 751 αὕξήσεσιν,
563 708 620 742 ἐπὶ
642 705 682 741 τὸ
707 706 926 753 εὖφυὲοτερον
950 713 1009 743 καὶ
1029 712 1303 754 προφανέστερον
1327 710 1435 753 (Cam.
1458 707 1739 754 προφανώτερον)

345 767 405 798 καὶ
430 762 668 808 βεβαιῶτερον
690 767 750 798 καὶ
771 763 1175 809 παρρησιαστικώτερον,
1214 765 1251 800 ἐν
1283 765 1318 800 δὲ
1350 767 1445 800 τοῖς
1472 761 1740 798 olusculum

344 816 416 851 τῶν
438 815 563 861 φωτῶν
587 818 695 860 (Cam.
710 819 834 853 iterum
857 817 995 862 φώτων)
1019 816 1041 862 ἢ
1062 820 1139 854 ταῖς
1160 818 1327 864 κρύψεσιν
1337 807 1408 854 ‘3⁷12
1427 821 1464 854 τὸ
1478 817 1738 862 νωχελὲστερον,

344 869 565 918 ἀμβλύτερον
591 879 650 908 καὶ
663 871 1032 920 μεταμελητικώτερον
1054 879 1113 909 καὶ
1126 873 1376 920 εὐλαβέστερον
1398 879 1457 909 καὶ
1471 872 1744 917 &anawanum-

343 939 407 970 ρον
418 954 429 970 ,
452 928 512 961 ubi
534 930 754 963 scribendum
785 942 806 964 τ
818 942 841 963 α
852 928 895 964 ’ἴς
927 942 955 972 μ
968 942 984 963 ε
996 944 1008 963 ι
1021 929 1047 962 ὠ
1061 942 1081 964 o
1093 943 1109 964 ε
1121 943 1141 964 σ
1153 943 1167 962 ι
1199 930 1411 964 adsentiente
1435 930 1538 964 etiam
1562 931 1588 962 P
1600 941 1618 962 r
1630 939 1651 961 o
1665 940 1683 962 c
1694 930 1707 961 1
1717 939 1740 963 o

342 994 380 1026 p-
401 983 479 1017 234·
504 1001 549 1007 --·
584 986 649 1029 IV,
674 988 706 1020 3.
738 998 772 1030 p.
797 987 871 1019 182.
901 986 964 1022 fol,
987 985 1045 1028 47,
1061 996 1082 1019 a
1104 985 1233 1019 editum
1256 991 1326 1020 est:
1362 982 1562 1020 ἁνατολικοὶ
1582 984 1647 1027 μὲν
1671 980 1739 1027 γάρ

341 1035 440 1072 ὄντες
461 1035 483 1080 ἢ
507 1039 711 1085 ἔπίκεντροι,
732 1038 870 1076 ποιοῦσι
886 1038 951 1075 τοῖς
972 1039 1114 1084 πράξεις
1140 1037 1368 1081 αὗθεντινοὶς,
1395 1039 1523 1074 δυτικοὶ
1543 1038 1580 1074 ’δὲ
1601 1035 1624 1082 ἢ
1647 1035 1740 1073 oino—

343 1092 539 1129 κεκλικότες
557 1094 628 1130 τῶν
646 1098 807 1142 κέντρων,
835 1092 857 1129 ὗ
865 1093 919 1129 πὸ
943 1093 1018 1130 τοὶς
1040 1108 1095 1142 πρ
1106 1092 1314 1138 aitands,
1334 1095 1394 1129 ubi
1417 1095 1635 1130 scribendum
1652 1091 1740 1128 ὕπο·-

342 1148 529 1192 τακτικᾰς,
564 1153 804 1186 consentiente
829 1151 932 1186 etiam
955 1153 1040 1185 Pro
1054 1153 1120 1185 clo
1147 1163 1181 1195 p.
1197 1152 1276 1186 253.
1319 1151 1430 1186 Simili
1453 1151 1579 1186 mendo
1605 1150 1642 1184 in
1665 1148 1741 1183 edi-

340 1202 436 1235 tione
460 1204 591 1236 maiore
615 1206 867 1240 camerarii
892 1206 956 1248 111,
978 1209 1011 1239 2.
1033 1207 1095 1240 sol.
1121 1208 1178 1249 28,
1193 1219 1212 1240 a
1233 1207 1362 1241 editum
1380 1212 1432 1241 est
1456 1203 1527 1241 τῶν
1550 1201 1742 1250 γινομένων

340 1255 457 1299 μόνων
478 1268 543 1301 pro
566 1256 638 1293 τῶν
663 1257 866 1304 γνωμόνων.
913 1258 982 1291 Sed
1010 1261 1096 1292 haec
1127 1271 1199 1294 non
1231 1262 1299 1295 nisi
1327 1263 1449 1297 obiter.
1495 1259 1627 1307 Quodsi
1651 1258 1741 1292 enim

341 1323 391 1346 ex
414 1313 561 1346 consilio
583 1314 676 1348 hunc
698 1315 824 1348 librum
839 1337 849 1354 ‚
873 1313 911 1346 in
934 1313 1038 1346 rebus
1062 1324 1149 1357 quae
1173 1316 1215 1347 ad
1238 1318 1479 1348 astronomiam
1501 1316 1742 1360 Aegyptorum

339 1368 654 1411 apotelesmaticam
682 1370 857 1414 pertinent
883 1368 1108 1402 diiudicandis
1135 1379 1208 1402 non
1231 1369 1352 1414 exigui
1376 1369 1539 1411 ponderis
1566 1380 1586 1402 a
1607 1368 1741 1402 mendis

341 1423 464 1466 quibus
486 1429 595 1458 scatet
617 1436 764 1472 purgare
783 1427 966 1467 vellemus,
990 1425 1084 1470 larga
1102 1423 1379 1458 emendationum
1398 1434 1474 1457 sese
1492 1423 1631 1456 offerret
1647 1433 1741 1456 mes-

340 1478 400 1516 sis.
445 1478 494 1512 At
516 1481 693 1526 negotium
714 1482 783 1515 hoc
805 1480 881 1514 aliis
905 1491 998 1513 nunc
1019 1480 1253 1524 relinquamus
1276 1491 1419 1514 necesse
1443 1483 1508 1521 est,
1537 1477 1608 1522 qui,
1633 1477 1740 1521 qualis

342 1531 669 1580 Seyffarthus,
703 1536 767 1570 toti
791 1535 828 1569 in
851 1535 1108 1579 antiquitatibus
1130 1535 1354 1583 Aegyptiacis
1377 1533 1590 1579 explicandis
1612 1532 1742 1569 versati

340 1591 410 1625 hoc
433 1594 602 1636 opusculo
626 1591 779 1637 quotidie
802 1597 955 1625 utuntur.
