1812 3158
430 417 651 458 LIBRUM
677 415 918 459 PRIMUM.
975 419 1091 458 GAP.
1120 420 1194 458 Vl.
1433 413 1526 456 391

98 530 174 568 iste
199 529 384 582 apparuit
409 544 515 569 anno
543 544 578 569 a.
596 530 692 570 Chr.
711 544 753 569 n.
776 533 872 578 362,
903 531 1009 583 quod
1031 533 1119 571 fere
1136 533 1322 584 congruit
1339 547 1429 572 cum
1451 548 1528 573 no-

98 597 185 635 titia
207 611 259 635 ex
282 598 392 636 fastis
411 598 544 637 sinicis
567 604 678 636 eruta
699 596 948 651 (Menan-h.
972 601 1059 639 Sin.
1086 599 1192 639 Tab.
1213 599 1367 640 Chr-on.
1388 615 1427 653 p.
1443 601 1526 653 15),

98 678 204 703 anno
223 678 259 702 a.
280 663 470 704 Clu-‚360
487 665 545 704 ibi
565 667 757 704 cometam
777 667 1020 718 apparuisse.
1078 668 1134 705 At
1150 666 1251 706 nihil
1271 668 1527 708 mutandum:

97 732 245 770 fefellit
265 733 371 771 enim
392 733 527 771 virum
547 732 704 773 doctum
723 734 920 787 aliosque,
947 735 1056 788 quod
1072 737 1242 775 Euclees
1263 735 1412 774 archon
1430 750 1527 775 nus·-

98 812 216 849 quam
237 800 352 848 alibi,
382 801 458 839 nisi
476 800 582 852 apud
605 802 631 839 S
645 802 694 840 ui
707 802 816 841 dam
843 817 876 842 s.
895 816 938 842 v.
995 802 1164 854 Σαμίων
1193 802 1322 855 δῆμος
1348 817 1527 843 comme-

97 873 281 905 moratur
291 897 302 917 ‚
344 868 414 906 ubi
442 875 580 920 aperte
613 869 868 922 distinguitur
895 871 945 909 ab
967 872 1045 909 alio
1065 871 1255 919 Euclide,
1285 872 1351 923 qui
1377 871 1527 911 archon

96 940 182 972 erat
202 934 268 973 Ol.
285 935 353 981 94,
365 939 402 974 2.
440 936 649 975 Euclidem
668 939 845 977 Molonis
865 939 992 977 filium
1011 945 1297 977 commemorat
1313 939 1526 978 Diodor.

96 1002 259 1040 Sicul.
288 1004 389 1053 XII,
411 1005 462 1042 53
486 1005 537 1042 ad
557 1005 626 1044 Ol.
650 1008 715 1053 88,
739 1009 778 1045 2.
834 1004 954 1045 Unde
978 1007 1101 1045 etiam
1123 1007 1325 1045 nonnullis
1349 1007 1393 1044 in
1412 1019 1527 1045 men-

95 1075 176 1107 tem
196 1070 309 1108 venit
325 1067 544 1110 Εὐκλείδου
564 1085 638 1123 pro
660 1069 860 1120 Εὐκλέους
880 1074 1134 1112 scribendum
1153 1087 1252 1112 esse.
1309 1075 1414 1113 Nam
1434 1088 1525 1113 cum

95 1143 232 1189 aperte
252 1138 474 1177 Ioannes
495 1139 819 1191 Philoponus
841 1141 883 1179 in
901 1139 1024 1180 schol.
1046 1140 1096 1180 ad
1115 1140 1152 1179 h.
1165 1142 1191 1180 l.
1205 1140 1326 1179 addat
1337 1142 1525 1181 Eucleem

93 1205 212 1243 fuisse
240 1205 336 1244 Dio
347 1206 459 1244 timi
490 1220 768 1257 successorem,
797 1208 866 1259 qui
884 1220 1108 1259 eponymus
1129 1201 1212 1247 era't
1227 1209 1394 1260 Olymp.
1409 1212 1474 1258 88,
1490 1213 1526 1258 1,

93 1285 180 1310 cum
194 1272 372 1312 Euclidis
391 1286 540 1312 nomen
555 1274 665 1326 apud
682 1276 782 1314 Dio
794 1275 822 1313 d
833 1289 856 1313 o
867 1289 889 1314 r
898 1290 925 1314 u
934 1288 972 1314 m
999 1281 1231 1328 corruptum
1254 1290 1337 1315 esse
1356 1283 1527 1328 nequeat

91 1336 339 1390 (docentibus
367 1342 408 1379 D
419 1354 442 1379 o
455 1342 482 1380 d
492 1355 531 1379 w
542 1342 646 1380 ello
676 1349 716 1381 et
736 1344 768 1382 C
779 1357 803 1381 o
813 1357 835 1382 r
844 1344 886 1381 si
896 1344 945 1381 ni
955 1357 979 1380 o
999 1344 1121 1381 Fast.
1135 1341 1268 1382 Attio.
1291 1345 1369 1383 III.
1392 1357 1430 1396 p.
1443 1344 1526 1383 234

92 1407 211 1446 etiam
235 1401 340 1460 apud
360 1409 457 1447 alios
476 1411 651 1449 recurrit
671 1410 923 1464 scriptores),
945 1411 1030 1462 ipse
1051 1411 1328 1450 Co'rsinius
1347 1411 1527 1450 Euclidis

90 1487 237 1514 nomen
264 1476 583 1515 substituendum
607 1479 773 1517 censuit.
829 1478 935 1518 Mihi
961 1486 1092 1517 tamen
1118 1479 1284 1517 videtur
1310 1485 1527 1531 utrumque

84 1542 138 1580 ab
173 1543 312 1581 eadem
343 1544 478 1582 radice
507 1546 735 1596 profectum
765 1559 914 1584 nomen
951 1547 1021 1584 uni
1049 1546 1142 1584 viro
1170 1546 1402 1597 impositum
1430 1558 1527 1597 esse,

91 1611 199 1660 quod
219 1611 263 1648 in
282 1611 368 1649 aliis
387 1612 615 1650 nominibus
634 1626 923 1664 saepenumero
943 1613 1091 1651 factum
1114 1613 1311 1651 videmus.
1369 1615 1431 1653 Ita
1450 1627 1527 1652 no-

90 1676 182 1714 bilis
207 1677 274 1715 ille
294 1679 582 1729 Peripateticus
593 1707 605 1726 ,
647 1680 845 1719 Stratonis
871 1681 912 1718 in
941 1680 1073 1719 schola
1096 1694 1299 1720 successor
1327 1679 1528 1733 (quamvis

90 1750 230 1782 auctor
257 1746 365 1784 vitae
395 1747 564 1785 Aristot.
593 1748 700 1798 apud
731 1749 774 1786 M
788 1762 810 1785 e
820 1761 876 1786 na
889 1760 913 1799 g
924 1748 936 1786 i
948 1762 975 1786 u
986 1762 1026 1786 m
1054 1748 1151 1787 Vol.
1176 1748 1228 1788 II.
1258 1763 1299 1801 p.
1319 1753 1412 1788 201.
1450 1749 1525 1788 cfr.

89 1811 282 1849 Fabric.
310 1813 422 1851 Bibl.
446 1828 515 1865 gr.
549 1815 641 1854 Vol.
661 1815 736 1853 III.
768 1829 808 1867 p.
829 1819 908 1855 503
940 1816 1004 1854 ed.
1036 1815 1223 1854 Harles
1238 1848 1247 1862 ,
1282 1817 1526 1855 Praxitelem

89 1879 314 1917 Stratonem
343 1880 450 1919 inter
484 1887 524 1920 et
550 1882 758 1933 Lyconem
789 1889 1022 1929 enumeret,
1059 1883 1169 1935 quod
1194 1897 1343 1922 nomen
1373 1885 1526 1923 scribae

88 1944 268 1995 debetur,
287 1947 553 1999 Praxiphanis
574 1951 685 2000 quod
704 1948 1066 2003 sequiturnomine
1083 1952 1124 1990 in
1141 1966 1322 1991 errorem
1342 1949 1525 2004 inducto)

87 2018 127 2050 et
145 2009 293 2060 Λύκος
312 2021 352 2053 et
368 2012 527 2055 Λύκων
549 2024 713 2056 vocatus
733 2025 812 2066 est,
843 2031 922 2070 qua
943 2019 994 2057 de
1014 2032 1061 2057 re
1081 2019 1146 2057 adi
1175 2019 1446 2059 Ruhnken.
1473 2019 1526 2058 ad

86 2080 248 2119 Rutil.
280 2083 407 2134 Lup.
446 2097 486 2135 p.
518 2088 570 2124 99
599 2099 657 2137 sq.
733 2085 853 2125 Adde
889 2086 1029 2126 Mein
1041 2088 1166 2125 ecke
1204 2088 1318 2137 Spec.
1353 2089 1525 2138 Quaest-

86 2159 194 2184 soen.
224 2149 297 2186 ΙΙΙ.
327 2164 369 2200 p.
383 2154 422 2190 7.
441 2159 526 2190 not.
538 2152 615 2191 ***.
637 2154 735 2203 *Qui
762 2154 789 2192 S
800 2154 952 2192 trabo
963 2155 1013 2193 ni
1044 2155 1166 2194 XIV.
1191 2167 1232 2206 p.
1248 2154 1344 2204 641,
1376 2155 1525 2194 Vale-

86 2212 165 2249 rio
194 2215 418 2254 Maximo
447 2219 480 2267 I,
503 2219 543 2268 4,
578 2221 834 2259 Vitruvio
868 2221 1017 2271 Praefi
1040 2221 1101 2257 ad
1116 2221 1211 2259 libr.
1229 2223 1284 2260 ΙΙ.
1307 2222 1338 2272 ξ.
1357 2220 1397 2270 4,
1429 2222 1525 2259 So-

87 2280 199 2318 lino
227 2294 262 2319 c.
287 2286 363 2332 32,
411 2285 684 2324 Ammiano
722 2289 1037 2327 Marcellino
1079 2289 1236 2337 XXII,
1263 2291 1336 2334 16,
1356 2290 1383 2326 7
1412 2288 1524 2327 audit

87 2348 398 2388 Dinocrates
426 2351 689 2400 architectus,
726 2355 760 2392 is
790 2356 925 2393 Dino
939 2354 1123 2393 chares
1153 2361 1324 2394 vocatur
1351 2355 1523 2393 Plinio

87 2416 252 2453 Histor.
266 2420 471 2466 natur.V,
490 2423 555 2458 10.
576 2421 790 2470 XXXIV,
802 2422 869 2461 42.
901 2422 1098 2460 Diversus
1121 2427 1181 2459 est
1198 2424 1238 2460 D
1248 2422 1262 2459 i
1272 2436 1298 2459 n
1310 2436 1333 2459 ο
1343 2421 1402 2460 ch
1411 2435 1464 2461 ar
1475 2436 1524 2462 es

85 2483 195 2533 apud
224 2484 255 2521 P
265 2484 279 2522 l
291 2485 305 2522 i
315 2498 355 2523 n.
387 2486 602 2535 XXXIV,
636 2487 700 2525 14.
743 2490 775 2525 Α
786 2502 815 2526 u
825 2503 843 2526 s
853 2502 877 2525 o
888 2502 928 2526 n.
954 2488 1072 2539 idylc.
1103 2490 1171 2527 IX
1183 2518 1192 2536 ,
1225 2493 1307 2528 310
1336 2496 1524 2529 monente

86 2550 114 2587 S
127 2550 185 2588 ch
198 2553 281 2589 nei
295 2552 319 2589 d
333 2566 432 2591 ero.
461 2576 519 2582 —
549 2554 760 2593 Atthidum
790 2556 976 2606 scriptor,
1007 2569 1126 2607 quem
1155 2558 1437 2596 Pausanias
1462 2559 1521 2606 X,

89 2618 156 2663 15,
173 2622 197 2655 3
227 2619 407 2658 Clitod
421 2635 491 2659 em
505 2635 579 2660 um
610 2629 749 2670 vocat,
789 2622 824 2660 is
853 2622 1118 2661 Clidemus
1146 2625 1369 2675 appellatur
1396 2626 1523 2664 Plu-

86 2681 259 2720 tarcho
293 2687 396 2735 Opp.
425 2690 456 2729 Ι.
487 2703 527 2741 p.
550 2693 615 2738 37,
638 2693 705 2730 75.
739 2690 835 2738 (cfr.
867 2690 1090 2729 Siebelis
1121 2689 1402 2738 Phanodemi‚
1434 2691 1523 2729 De-

88 2750 222 2787 monis
230 2777 244 2796 ‚
274 2749 494 2792 Clitodemi
527 2764 567 2792 et
591 2757 696 2793 Istra·
718 2757 984 2808 fragmenta.
1025 2759 1156 2796 Praef.
1181 2772 1222 2810 p.
1237 2760 1360 2798 XIII.
1380 2756 1519 2810 XIV.)

85 2816 123 2852 A
134 2815 213 2865 gla
222 2830 246 2854 o
257 2831 275 2855 s
284 2846 298 2864 ,
327 2820 602 2861 Eratosthenis
624 2823 825 2875 Cyrenaei
851 2831 985 2876 pater,
1011 2826 1079 2876 qui
1098 2832 1267 2866 vocatur
1291 2827 1328 2866 L
1340 2840 1368 2864 u
1378 2827 1486 2866 cian
1495 2839 1519 2864 o

86 2884 279 2922 Maeroh.
305 2888 381 2932 27,
424 2890 693 2942 Stephano
722 2892 945 2943 Byzanti
958 2906 1021 2931 no
1049 2907 1080 2931 s.
1105 2907 1146 2933 v.
1177 2889 1344 2946 Κυρήνη
1377 2893 1522 2933 dicitur
