1812 3158
281 322 375 366 346
497 329 942 370 COMMENTARIUS
969 331 1031 370 IN
1052 333 1458 375 METEOROLOG.

279 441 434 480 schel·
460 441 549 479 Ind.
579 439 629 477 ad
666 439 898 478 Aeschin.
937 441 1047 480 Socr.
1077 442 1177 481 dial.
1205 442 1244 480 h.
1262 456 1301 482 v.
1334 449 1374 482 et
1398 445 1449 483 ad
1477 445 1675 488 Platon.

283 508 480 547 Phaedon.
497 519 530 544 c.
549 510 615 545 30.
631 518 669 556 p.
691 504 784 554 340,
800 518 834 543 a.
890 505 950 544 Ut
964 507 1086 558 igitur
1104 508 1243 558 Attici,
1269 522 1366 561 quos
1385 508 1584 558 δασυντὰς
1603 527 1676 552 vo-

278 582 339 614 cat
367 577 587 614 Tzetzes
614 571 665 609 ad
691 571 893 610 Hesiod.
927 573 1031 624 Opp.
1057 577 1147 614 156.
1169 575 1260 614 450.
1293 573 1348 627 (et
1367 576 1408 614 in
1429 576 1545 615 huius
1571 580 1679 617 modi

274 641 393 679 rebus
413 639 554 678 Atticis
572 638 887 677 adnumerandus
903 645 963 678 est
985 643 1016 679 A
1027 641 1098 679 ris
1109 647 1126 679 t
1137 655 1159 679 ο
1171 638 1313 693 teles)
1342 643 1484 681 efferre
1504 645 1680 683 solebant

275 702 465 745 ἅλεαίνειν
500 706 737 745 vocabulum
773 719 862 744 cum
892 707 1034 758 spiritu
1062 721 1202 759 aspero
1232 705 1333 759 (cfr.
1371 710 1591 749 Pierson
1628 711 1679 749 ad

272 772 489 812 Moerid.
519 785 558 823 p.
584 774 677 818 165,
697 786 720 810 a
746 771 808 810 ed.
830 773 1002 823 Koch)
1042 775 1090 813 ab
1120 775 1255 814 eadem
1283 775 1416 813 radice
1441 777 1677 827 profectum,

270 840 324 878 ita
345 840 462 878 etiam
490 836 692 889 εἶλικρινές
721 839 972 878 scribendum
1008 855 1091 879 esse
1126 855 1288 889 censeo,
1327 843 1557 893 praesertim
1588 857 1677 881 cum

270 908 400 945 nullus
419 905 517 944 mihi
534 906 751 944 innotuerit
767 906 887 955 locus,
905 908 972 958 qui
990 907 1179 959 probatae
1196 908 1308 946 nobis
1326 909 1587 959 etymologiae
1605 909 1678 947 ob-

270 980 465 1012 versetur.
519 972 672 1011 Eodem
693 973 778 1010 fere
802 973 922 1011 modo
951 973 1001 1012 de
1018 975 1159 1026 spiritu
1183 974 1392 1025 ambigitur
1416 975 1459 1013 in
1475 975 1678 1013 vocabulis

269 1037 404 1088 εἱλεῖν,
434 1037 676 1091 εἷληθερεῒν,
711 1035 926 1091 εἶληθερές.
965 1062 1022 1068 --
1074 1041 1142 1080 Ad
1169 1041 1312 1079 verba:
1363 1038 1419 1080 τὸ
1457 1038 1517 1091 μὲ
1525 1055 1548 1080 ν
1582 1038 1676 1094 γὰρ

269 1101 372 1144 ἄνω
401 1104 483 1144 καὶ
510 1103 662 1156 μέχρι
691 1102 927 1156 σελήνης,
968 1103 1145 1158 ἕτερον
1175 1101 1307 1145 εἶναι
1335 1103 1482 1158 σῶμά
1510 1120 1677 1160 φαμεν

269 1168 432 1225 πυρός
458 1185 511 1210 τε
539 1170 622 1210 καὶ
651 1168 803 1222 ἀέρος
839 1171 1096 1210 adscribenda
1130 1178 1223 1210 sunt
1251 1173 1375 1211 verba
1405 1174 1677 1212 Accoram-

267 1238 387 1276 boni
405 1236 470 1288 (V
466 1252 539 1275 era
563 1251 673 1275 mens
684 1237 815 1276 Arist.
837 1237 1009 1289 p.472):
1032 1240 1130 1276 Non
1148 1239 1325 1289 loquitur
1343 1239 1414 1276 hic
1438 1239 1486 1276 de
1507 1253 1676 1289 corpore

267 1306 449 1352 caelesti,
477 1313 522 1342 ut
539 1305 672 1354 aliqui
688 1311 871 1353 putant.-
901 1305 1001 1355 quia
1022 1304 1192 1342 caeleste
1215 1318 1363 1354 corpus
1389 1304 1595 1355 uniforme
1616 1314 1676 1342 εει

267 1378 406 1419 totum,
438 1384 566 1421 neque
597 1368 719 1407 habet
743 1377 882 1422 partes
904 1371 998 1419 plus
1023 1370 1091 1408 vel
1117 1372 1252 1408 minus
1275 1384 1424 1422 puras,
1454 1371 1525 1408 sed
1547 1379 1675 1409 totum

266 1437 544 1474 immateriale
567 1443 648 1485 εει,
678 1450 802 1486 neque
822 1437 1023 1473 terminat
1046 1450 1135 1473 cum
1155 1436 1257 1474 a'e‘re.
1313 1435 1556 1476 Aristoteles
1577 1451 1673 1475 vero

264 1505 447 1555 loquitur
470 1503 519 1540 de
537 1504 738 1555 superiori
759 1515 937 1554 corpore,
957 1499 1100 1539 ultimo
1120 1500 1411 1552 elementorum,
1425 1503 1535 1555 quod
1550 1502 1676 1541 habet

257 1579 400 1620 partes
422 1571 561 1620 magis
580 1582 739 1619 puras,
765 1581 869 1619 quae
894 1575 990 1605 sunt
1017 1570 1237 1618 contiguae
1257 1581 1348 1605 cum
1368 1567 1462 1606 orbe
1486 1570 1608 1606 lunae
1634 1576 1675 1606 et

264 1638 397 1674 minue
423 1649 567 1687 pura-9,
600 1649 706 1686 quae
735 1637 964 1672 terminant
992 1647 1084 1671 cum
1109 1634 1230 1680 ae're5
1257 1642 1297 1672 et
1316 1634 1442 1681 dicit,
1471 1635 1582 1686 quod
1598 1635 1674 1673 hoc

263 1715 407 1753 corpus
428 1711 485 1738 est
509 1698 716 1739 diversum
739 1701 792 1738 ab
814 1701 930 1751 igne,
962 1714 1037 1752 quo
1058 1714 1130 1738 ηοε
1149 1702 1327 1738 utimur.-
1355 1702 1452 1752 quia
1470 1702 1577 1752 igni-s=
1597 1715 1673 1739 no-

262 1777 344 1806 ster
363 1776 424 1805 εει
443 1781 635 1805 excessus
657 1765 815 1815 caloris,
845 1774 884 1803 ει
906 1774 950 1803 ιιι
970 1767 1080 1804 νεῖαι
1095 1766 1245 1816 servor
1267 1765 1458 1818 quidam,
1490 1769 1589 1818 quia
1614 1776 1673 1805 εει

262 1848 406 1886 corpus
429 1837 601 1872 mixtum
610 1846 625 1878 ,·
669 1848 747 1870 non
783 1831 1022 1870 elementum
1047 1830 1244 1884 simplex,
1284 1841 1330 1871 ut
1354 1834 1425 1871 hic
1454 1835 1540 1884 ipse
1568 1834 1673 1870 dicit

261 1902 438 1951 inferius
463 1899 521 1952 (ᾖ.
546 1897 643 1951 14);
683 1906 743 1935 εει
771 1899 880 1935 enim
902 1898 1046 1948 fumus
1077 1910 1293 1944 accensens-5
1326 1898 1463 1948 sumu-s·
1488 1912 1582 1936 vero
1611 1906 1672 1936 εει

262 1968 435 2019 quidam
456 1980 590 2017 vapor
606 1966 765 2002 mioetus
780 1977 828 2001 ex
851 1971 966 2001 terra
985 1970 1026 2000 ει
1047 1963 1153 2010 aere,
1173 1961 1261 2001 ideo
1280 1971 1338 2000 εει
1353 1961 1510 2001 calidus
1529 1971 1569 2001 et
1585 1966 1671 2003 sic-

261 2048 342 2072 οιιε.
402 2035 536 2084 Quare
555 2033 668 2083 ignis
686 2031 947 2068 elementari-5
965 2037 1025 2066 εει
1045 2029 1224 2067 diversus
1244 2030 1299 2067 ab
1317 2029 1393 2067 hoc
1413 2036 1551 2068 nostro
1572 2032 1670 2083 igne

261 2109 301 2138 ει
321 2101 376 2138 ab
395 2100 505 2148 ae're,
536 2100 608 2150 qui
630 2105 690 2135 εει
716 2099 831 2134 circa
853 2103 1030 2140 terram‚·
1059 2098 1162 2146 quia
1182 2096 1254 2133 ae‘r
1285 2110 1445 2147 quoque
1475 2104 1532 2133 εει
1557 2110 1671 2135 com-

259 2170 410 2205 mixtus
426 2174 466 2204 et
476 2165 616 2219 plenue
632 2176 846 2213 vaporum,
863 2164 936 2213 qui
952 2163 1140 2199 continue
1160 2162 1411 2199 adscendunt
1429 2176 1476 2199 ex
1496 2175 1612 2213 aqua
1629 2170 1670 2200 ει

259 2242 387 2271 terra.
399 2226 404 2233 ’
416 2235 509 2271 Hoc
519 2233 629 2270 idem
641 2232 748 2269 dixit
758 2230 1000 2268 Aristoteles
1020 2230 1218 2278 superius,
1243 2229 1372 2279 Ῑὲηἰε,
1384 2230 1527 2279 inquit,
1542 2237 1583 2265 et
1601 2229 1669 2266 ae'r

260 2308 301 2337 et
322 2300 635 2350 unumquodque
649 2298 851 2335 dictorum
870 2309 951 2333 non
970 2303 1030 2332 εει
1042 2293 1218 2347 simplex,
1234 2296 1308 2333 sed
1320 2297 1493 2333 mixtum
1504 2310 1517 2331 .·
1545 2292 1669 2332 intel-

259 2367 393 2417 ligem
422 2368 471 2404 de
499 2365 588 2403 ae’re
611 2372 651 2401 et
670 2365 719 2402 de
737 2365 847 2413 igne,
876 2364 1058 2414 quisunt
1086 2361 1201 2414 apud
1224 2375 1307 2399 ηοε.
1362 2362 1492 2399 Locus
1512 2367 1592 2398 est:
1617 2360 1666 2397 de

254 2440 447 2483 generat.
467 2440 507 2469 et
526 2433 677 2471 interit.
706 2432 757 2479 II,
788 2434 836 2468 3:
879 2424 951 2467 οὒκ
981 2425 1063 2466 ἐστὶ
1092 2425 1136 2466 δὲ
1165 2421 1210 2466 ‘co‘
1239 2428 1317 2480 πῦρ
1347 2425 1411 2466 καὶ
1440 2421 1461 2465 ὅ
1492 2422 1568 2478 ἀὴρ
1598 2424 1665 2463 καὶ

258 2498 424 2538 ἕκαστον
453 2499 534 2538 τῶν
562 2495 777 2550 εἰρημένων
806 2491 980 2544 ἁπλοῦν,
1019 2491 1122 2532 ἀλλὰ
1149 2490 1302 2544 μικτόν.

372 2571 434 2605 13.
472 2566 584 2604 Idem
612 2562 1031 2604 Accorambonus
1058 2560 1273 2598 illustravit
1293 2558 1414 2597 verba
1441 2555 1664 2610 φερομένου

257 2630 302 2670 δὲ
329 2633 403 2671 τοῦ
430 2628 593 2685 πρώτου
622 2629 816 2681 στοιχείου
846 2655 1006 2670 .......
1030 2623 1264 2680 θερμότητα
1290 2624 1367 2661 hoc
1383 2623 1502 2662 modo
1530 2622 1661 2677 (1.1.):

259 2699 382 2736 Clare
400 2699 469 2736 hio
483 2698 726 2736 Aristoteles
745 2705 870 2736 vocat
889 2699 1024 2748 ignem
1044 2696 1172 2746 ipsum
1192 2689 1477 2728 elementarem
1497 2690 1571 2727 sub
1591 2705 1663 2728 no-

257 2767 362 2803 mine
393 2766 597 2816 corporis,
626 2765 738 2814 quod
763 2771 823 2800 εει
852 2764 1086 2812 contiguum
1114 2757 1308 2808 inferiori
1333 2756 1502 2803 mundo,
1537 2770 1662 2807 quare
