1708 3178
608 379 1021 425 PRAEFATIO.
1354 376 1533 420 XXXV

96 499 196 553 quin
221 511 294 538 me
326 495 518 553 plagulas
551 497 833 552 corrigentem
861 494 1048 550 fugerint
1076 492 1202 534 huius
1223 492 1339 534 modi
1368 506 1534 534 errores

96 564 237 607 nullus
260 565 431 606 dubito:
462 572 506 605 et
523 563 750 620 benignior
778 564 953 619 quisque
981 562 1138 612 iudex,
1169 562 1343 616 quinon
1365 562 1536 617 ignorat

94 631 230 674 solam
261 631 393 675 solius
421 632 502 674 hac
535 634 581 674 in
604 646 651 674 re
684 645 770 672 non
802 629 1000 672 sufficere
1030 629 1292 685 diligentiam
1321 629 1535 684 animique

94 702 383 752 attentionem,
415 702 582 742 veniam
612 699 802 755 precanti
828 697 934 739 mihi
954 713 1039 740 non
1059 695 1297 754 denegabit.
1356 695 1536 739 Monen-

94 768 193 809 dum
215 778 450 823 praeterea,
470 776 517 810 ut
536 782 631 809 cum
650 768 741 809 fere
761 774 1005 808 constanter
1021 781 1123 808 usus
1141 767 1222 807 sim
1241 763 1535 806 Strabonis

93 835 278 876 editione
295 834 693 886 Almeloveeniana,
729 835 916 875 nesciam
938 849 1021 890 qua
1040 848 1135 876 mea
1157 833 1314 874 factum
1341 833 1396 874 sit
1418 833 1538 873 incu-

91 903 170 953 ria,
201 911 246 943 ut
264 904 476 946 interdum
491 902 844 945 Casaubonianae
866 903 910 942 in
934 902 1126 956 margine
1147 908 1339 941 enotatas
1358 900 1538 955 paginas

91 968 370 1012 laudaverim.
441 970 591 1013 Simile
621 971 819 1027 quiddam
848 969 1001 1010 accidit
1027 969 1072 1008 in
1102 966 1393 1009 Plutarchi
1430 966 1536 1009 locis

92 1037 350 1090 adferendis,
379 1040 499 1080 cuius
518 1038 630 1095 quod
650 1037 777 1079 modo
796 1035 1057 1090 Wyttenb
1070 1034 1234 1086 achii,
1266 1035 1394 1076 modo
1411 1034 1537 1076 Hut-

91 1106 254 1156 tenii‚
285 1107 410 1148 modo
437 1105 676 1156 Reiskii‚
707 1106 750 1146 in
773 1102 1003 1145 Placitis
1033 1101 1386 1159 philosophorum
1407 1104 1537 1144 inter-

92 1172 191 1213 dum
217 1174 343 1214 etiam
377 1175 544 1226 (versus
565 1172 696 1215 finem
716 1173 1003 1228 potissimum)
1033 1170 1276 1212 Corsinii
1308 1172 1536 1213 editionem

90 1237 284 1291 laudavi,
324 1239 437 1284 haud
468 1256 564 1283 mea
595 1241 785 1297 profecto
811 1248 902 1281 erat
923 1238 1060 1295 culpa.
1119 1239 1174 1280 Et
1202 1240 1399 1290 omnino,
1441 1253 1537 1282 cum

91 1307 324 1349 editionum
353 1310 532 1365 paginae
561 1308 724 1351 nullum
754 1306 885 1350 alium
912 1309 956 1349 in
975 1306 1107 1349 finem
1129 1322 1155 1348 a
1173 1320 1242 1348 me
1266 1308 1352 1348 sint
1380 1308 1537 1349 adscri-

90 1382 213 1429 ptae,
243 1377 327 1417 nisi
345 1385 391 1418 ut
413 1391 531 1419 error
551 1378 596 1419 in
618 1376 719 1419 libri
745 1386 788 1418 et
815 1377 962 1432 capitis
986 1373 1199 1416 indicibus
1225 1374 1404 1417 fortasse
1424 1389 1536 1416 com-

91 1443 246 1485 missus
276 1445 399 1486 citius
421 1447 579 1501 corrigi
598 1447 747 1501 possit,
781 1459 865 1486 non
884 1445 1030 1500 magni
1051 1458 1154 1485 sane
1175 1444 1365 1494 interest,
1395 1452 1537 1485 utrum

91 1508 201 1551 hanc
230 1525 284 1552 an
313 1510 431 1553 illam
461 1511 727 1555 laudaverim
758 1514 1000 1554 editionem.
1071 1510 1253 1554 Multum
1291 1526 1446 1567 operae
1486 1526 1537 1552 eo

88 1578 303 1633 impendi,
342 1588 389 1621 ut
416 1595 563 1622 omnes
593 1589 797 1637 quotquot
825 1579 1005 1621 aliorum
1036 1581 1292 1634 scriptorum
1320 1578 1437 1620 locos
1466 1580 1538 1620 ad-

89 1644 289 1688 ferendos
320 1661 565 1698 censerem,
610 1649 701 1702 ipse
734 1661 1052 1702 compararem,
1098 1647 1208 1701 quod
1238 1645 1394 1701 ubique
1432 1644 1537 1688 alias

90 1711 250 1754 factum
283 1728 367 1754 non
398 1715 482 1754 nisi
511 1722 611 1754 tunc
642 1715 845 1755 omissum
875 1722 940 1754 est
966 1713 1203 1764 interdum,
1245 1727 1341 1754 cum
1369 1727 1452 1769 quo
1482 1728 1538 1756 ex

91 1778 209 1821 fonte
241 1779 339 1821 talis
369 1780 542 1822 fluxerit
566 1780 776 1833 laudatio,
817 1795 843 1822 a
870 1795 938 1822 me
966 1781 1199 1822 indicatum
1229 1789 1306 1822 est.

204 1845 427 1897 Quomodo
449 1849 662 1900 acciderit,
694 1856 740 1890 ut
756 1857 915 1890 tantam
940 1849 1230 1890 addendorum
1253 1863 1302 1890 ac
1323 1850 1537 1906 corrigen-

91 1914 241 1957 dorum
271 1917 458 1971 copiam,
500 1917 621 1972 quasi
650 1930 774 1958 curas
803 1917 1083 1972 posteriores,
1115 1918 1160 1959 in
1189 1915 1276 1958 fine
1305 1916 1536 1960 voluminis

92 1983 374 2024 adiiciendam
398 1985 662 2036 censuerim,
700 1983 826 2026 facile
858 1992 922 2026 est
952 1984 1180 2041 explicatu.
1238 1985 1411 2026 Etenim
1436 1984 1535 2037 loci,

92 2063 175 2105 quo
203 2049 314 2092 liber
342 2053 576 2107 impressus
606 2061 684 2103 est,
715 2052 916 2094 distantia
943 2053 1069 2105 fecit,
1100 2061 1147 2094 ut
1168 2068 1395 2109 operarum
1424 2068 1537 2095 com-

90 2116 232 2172 plures
261 2133 329 2160 me
359 2134 442 2161 non
474 2121 836 2162 animadvertente
859 2123 1142 2163 remanserint
1157 2134 1344 2163 errores:
1376 2130 1537 2177 tempo—

91 2186 150 2226 ris
173 2187 438 2239 diuturnitas,
470 2202 564 2229 cum
583 2187 859 2244 praeterlapsi
881 2190 983 2230 anni
1002 2190 1124 2230 initio
1150 2190 1322 2230 iamiam
1351 2190 1537 2244 imprimi

93 2262 285 2308 coeptum
307 2257 362 2296 sit
382 2270 510 2310 opus,
541 2263 586 2296 ut
605 2257 714 2297 inter
740 2254 969 2311 legendum
999 2256 1111 2298 haud
1140 2271 1279 2312 pauca
1307 2271 1410 2298 sane
1440 2271 1535 2298 sese

91 2317 203 2359 ultro
233 2320 339 2361 mibi
369 2321 624 2373 obtulerint,
666 2338 772 2378 quae
802 2326 1025 2379 opiniones
1057 2339 1173 2366 meas
1212 2333 1284 2366 aut
1318 2323 1538 2365 firmarent

93 2395 164 2427 aut
191 2388 464 2429 inverterent.
523 2387 642 2437 Quae
663 2391 701 2431 si
721 2389 890 2433 silentio
911 2393 1175 2433 transiissem
1196 2405 1331 2447 neque
1353 2390 1537 2433 aliorum

92 2468 228 2509 neque
258 2457 343 2496 mei
373 2456 506 2511 ipsius
537 2470 706 2498 causam
730 2457 839 2500 bene
869 2460 1009 2515 egisse
1039 2460 1262 2500 iudicarer.
1317 2456 1537 2500 Nonnulla

90 2521 223 2563 indici
260 2538 413 2578 graeco
451 2524 496 2564 in
526 2522 612 2565 fine
642 2523 816 2567 alterius
847 2525 1077 2568 voluminis
1116 2526 1344 2567 inserenda
1374 2528 1534 2568 censui.

93 2588 141 2629 Si
162 2591 260 2645 quid
286 2599 504 2646 praeterea
533 2600 605 2633 aut
630 2607 725 2634 mea
754 2602 827 2634 aut
855 2593 1034 2635 aliorum
1067 2592 1190 2649 culpa
1217 2603 1535 2650 peccatum-est,

91 2657 135 2697 id
164 2657 444 2700 imbecillitati
474 2658 685 2701 humanae
716 2662 992 2703 condonetur.
1053 2660 1258 2711 Quamvis
1289 2663 1403 2703 enim
1426 2660 1535 2703 bene

91 2722 350 2781 intelligam,
380 2742 465 2769 non
496 2729 599 2769 satis
629 2742 724 2770 esse
753 2727 939 2770 voluisse
968 2743 1017 2771 ac
1048 2728 1200 2771 melius
1231 2743 1535 2785 saepenumero

91 2791 244 2833 fecisse
285 2792 489 2850 aliquem,
538 2798 575 2837 si
616 2811 700 2837 non
743 2795 968 2838 voluisset:
1028 2796 1188 2853 aliquid
1226 2807 1367 2838 tamen
1402 2797 1537 2852 pretii

92 2860 218 2900 etiam
247 2859 351 2902 illud
382 2862 525 2915 habet,
556 2866 592 2905 si
625 2879 708 2906 non
740 2866 781 2905 in
804 2866 929 2906 unius
961 2866 1148 2907 cuiusvis
1178 2865 1303 2906 stadii
1333 2864 1450 2906 flexu
1482 2864 1536 2905 ad

92 2936 225 2969 metas
258 2927 486 2972 haesimus.
