1774 3198
0 2504 16 2520 ⁷-
14 2486 19 2496 „,
6 2406 19 2479 «ηε-’ν

395 319 618 361 LIBRUM
648 318 886 359 PRIMUM.
946 314 1060 357 CAP.
1079 317 1200 358 XIV.
1432 304 1529 349 479

93 436 158 478 καὶ
186 434 239 476 τὰ
267 433 363 490 περί
387 438 434 475 F.
466 435 521 475 H.
555 434 608 473 N.
636 455 694 463 ——-
719 428 792 473 τὸν
818 428 1032 485 Αἴγυπτον
1062 428 1352 470 Schneider
1387 427 1530 480 Eclog.

86 506 211 557 phys.
230 507 306 554 XI,
330 505 396 543 14.
428 518 470 556 p.
493 505 584 542 183.
641 504 830 541 Fortasse
858 497 930 540 τὸν
947 495 1164 552 Αἰγύπτου
1191 512 1242 536 sc.
1264 493 1401 537 τόπον.
1440 494 1531 548 περὶ

90 571 304 626 Αἴγυπτον
333 572 480 611 omisso
505 571 673 610 articulo
698 571 753 609 H.
776 571 830 608 N.

208 643 272 680 11.
304 639 383 680 αἰεί
406 641 459 679 H.
479 639 533 678 N.
554 661 610 668 -
647 642 878 691 Aegyptum
897 636 1134 676 inferiorem
1158 647 1319 685 semper
1338 633 1428 671 fieri
1455 633 1533 671 sic-

92 710 243 749 ciorem
257 738 268 759 ,
299 717 338 747 et
358 708 469 760 aquis
487 707 609 759 magis
627 708 829 759 magisque
848 706 1025 754 destitui,
1052 702 1246 742 indicium
1263 708 1323 741 est
1341 701 1535 740 arborum

94 792 224 830 prope
255 776 546 817 Alexandriam
579 782 716 814 nostra
752 781 881 814 aetate
920 774 1110 813 defectus.
1162 772 1238 811 cfr.
1278 770 1536 811 Minutoli

93 848 218 884 Reiee
241 845 350 883 naclz
370 845 443 881 der
467 842 678 894 lybiselzen
704 843 857 882 lVic'ste
885 842 975 880 und
1001 855 1095 879 zum
1122 841 1293 890 Tempel
1316 840 1386 878 des
1409 840 1539 889 Jupi-

94 922 159 952 ter
191 914 374 952 Ammon
412 910 660 962 lcerausgeg.
683 925 766 950 von
786 911 1040 950 Toelken.
1072 924 1111 962 p.
1129 914 1170 950 7.
1219 906 1396 947 R'itter
1422 907 1539 945 Erd-

93 982 228 1020 kunde
257 982 291 1020 I.
323 994 358 1032 p.
381 982 476 1018 865.
499 1001 554 1007 --
581 975 892 1031 πρόσχωσις
917 971 1048 1018 οὖσα
1074 979 1165 1018 τοῦ
1195 976 1403 1016 Νείλου.
1431 971 1538 1028 πρό-

90 1063 220 1099 χωσις
236 1063 298 1101 pr.
322 1061 428 1086 man.
449 1047 503 1088 N.
536 1047 658 1086 Multi
677 1054 770 1086 sunt
792 1053 951 1087 veteres
968 1048 1011 1086 in
1028 1047 1250 1101 fluviorum
1269 1044 1539 1083 alluvionibus

95 1116 377 1156 describendis.
417 1115 638 1167 Exemplis,
667 1129 767 1167 quae
786 1115 825 1154 h.
839 1116 863 1153 l.
889 1115 1205 1154 Aristoteles
1228 1113 1397 1165 profert,
1419 1125 1540 1164 prae-

93 1192 158 1224 ter
184 1186 398 1224 innumera
423 1184 499 1222 alia
529 1182 610 1221 duo
635 1183 786 1222 addere
808 1184 1018 1232 volumus,
1047 1183 1180 1222 minus
1201 1188 1310 1221 nota.
1370 1179 1541 1218 Theo-

93 1253 291 1305 phrast.
321 1254 486 1292 Hister.
506 1253 639 1306 plant.
663 1252 712 1301 V,
735 1255 773 1299 8,
794 1255 833 1290 3.
865 1266 904 1304 p.
927 1251 1031 1292 194:
1061 1249 1128 1291 καὶ
1148 1245 1347 1303 πρότερον
1369 1245 1445 1300 μὲν
1467 1240 1540 1287 οὖν

93 1322 218 1372 νῆσον
245 1316 345 1360 εἶναι
373 1317 420 1359 τὸ
450 1319 670 1374 Κιρκαῖον,
708 1321 780 1358 νῦν
811 1317 855 1358 δὲ
883 1314 962 1359 ὑπὸ
991 1321 1188 1371 ποταμῶν
1215 1332 1338 1358 τινων
1367 1329 1542 1369 προσκε-

90 1390 257 1440 χῶσθαι
287 1387 353 1428 καὶ
383 1383 483 1428 εἶναι
512 1384 629 1442 ᾐόνα.
689 1388 877 1427 Strabo
899 1377 959 1428 V.
988 1402 1029 1440 p.
1051 1387 1134 1428 354
1152 1384 1215 1426 A:
1256 1381 1393 1431 πόλεις
1417 1381 1458 1423 δ’
1476 1382 1542 1422 ἐπὶ

93 1453 285 1511 θαλάττῃ
311 1454 386 1509 μέν
415 1456 491 1497 εἶσι
519 1458 602 1497 τῶν
630 1454 842 1507 Λατίνων,
870 1452 922 1496 τά
951 1470 994 1496 τε
1019 1452 1187 1505 Ὠστιά,
1216 1450 1336 1500 πόλις
1355 1450 1542 1503 ἀλίμενος

94 1522 161 1566 διὰ
191 1522 266 1578 τὴν
292 1521 528 1577 πρόσχωσιν
544 1556 555 1576 ,
587 1521 636 1577 ἢν
668 1519 688 1563 ὃ
711 1523 876 1578 Τίβερις
903 1521 1220 1578 παρασκευάζει,
1261 1517 1542 1574 πληρούμενος

94 1592 138 1633 ἐκ
166 1595 328 1634 πολλῶν
356 1594 569 1646 ποταμῶν.
600 1614 655 1621 ——
705 1594 919 1632 Caeterum
948 1598 1087 1644 aperte
1116 1597 1269 1644 spectat
1299 1591 1538 1630 Herodo-

93 1668 199 1700 tum
225 1662 282 1708 ΙΙ,
305 1661 331 1699 4
352 1675 410 1713 sq.
434 1662 548 1699 cuius
566 1661 664 1700 haec
682 1661 809 1700 verba
826 1661 908 1700 huc
924 1660 1168 1712 pertinentia
1186 1659 1390 1698 adscribo:
1420 1660 1543 1709 βασι-

95 1730 233 1767 λεῦσαι
266 1726 316 1768 δὲ·
335 1729 498 1782 πρῶτον
516 1725 732 1782 Αἰγύπτου
762 1725 998 1784 ἀνθρώπων
1023 1726 1159 1782 ἔλεγον
1181 1728 1334 1779 Μῆνα·
1363 1725 1428 1766 ἐπὶ
1446 1723 1544 1767 τού-

95 1810 193 1846 του,
236 1793 340 1848 πλὴν
370 1798 446 1836 τοῦ
478 1795 692 1849 Θηβαϊκοῦ
729 1793 860 1848 νόμου
898 1798 1035 1836 πᾶσαν
1063 1793 1275 1849 Αἴγυπτον
1312 1791 1412 1835 εἶναι
1453 1793 1544 1842 ἕλος
1574 1820 1578 1824 -

95 1862 163 1903 καὶ
191 1860 318 1915 αὐτῆς
355 1859 455 1904 εἶναι
493 1862 613 1906 οὐδὲν
649 1860 845 1919 ὑπερέχον
879 1867 962 1906 τῶν
1002 1866 1074 1904 νῦν
1111 1861 1252 1918 ἔνερθε
1290 1862 1435 1916 λίμνης
1469 1865 1544 1915 τῆς

96 1930 279 1984 Μοίριος
296 1928 458 1972 ἐόντων.
490 1929 531 1979 ἔς
547 1929 621 1986 τὴν
641 1930 849 1979 ἀνάπλους
877 1929 958 1973 ἀπὸ
983 1929 1204 1985 θαλάσσης
1230 1928 1331 1972 ἑπτὰ
1358 1918 1563 1985 ἡμερέωνΔ

96 1997 182 2039 ἐστὶ
210 1995 289 2039 ἀνὰ
314 1996 387 2039 τὸν
414 1997 614 2051 ποταμόν.
678 2000 763 2041 Καὶ
801 1994 844 2042 εὖ
881 2015 952 2053 μοι
990 1998 1146 2041 ἐδόκεεν
1182 1998 1306 2053 λέγειν
1342 1999 1434 2054 περὶ
1471 2002 1545 2053 τῆς

92 2062 257 2119 χώρης·
299 2065 404 2119 δῆλα
432 2065 509 2122 γὰρ
542 2064 592 2121 δὴ
622 2068 688 2109 καὶ
716 2067 774 2123 μὴ
804 2066 1129 2124 προακούσαντι,
1168 2067 1298 2110 ἰδόντι
1329 2067 1398 2118 δέ,
1431 2065 1545 2115 ὅστις

95 2148 137 2186 γε
167 2131 325 2174 σύνεσιν
355 2131 455 2186 ἔχει,
494 2133 555 2177 ὅτι
581 2136 814 2190 Αἴγυπτος,
854 2136 896 2185 ἒς
922 2135 997 2190 τὴν
1016 2134 1209 2189 ’Έλληνες
1244 2136 1544 2186 ναυτίλλονται,

97 2198 181 2241 ἔστι
199 2199 460 2253 Αἰγυπτίοισι
491 2203 705 2257 ἐπίκτητός
732 2221 775 2245 τε
793 2207 843 2258 γῆ
874 2204 942 2245 καὶ
970 2205 1137 2258 δῶρον
1167 2206 1256 2244 τοῦ
1285 2205 1542 2255 ποταμοῦ.

97 2265 237 2308 καὶτὰ
257 2266 487 2325 κατύπερθε
518 2269 575 2311 ἔτι
603 2275 678 2325 τῆς
707 2272 853 2325 λίμνης
880 2268 1034 2324 ταύτης
1059 2270 1178 2325 μέχρι
1207 2273 1332 2325 τριῶν
1361 2267 1545 2325 ἡμερέων

97 2333 250 2386 πλόου,
281 2338 355 2388 τῆς
382 2335 473 2392 πέρι
503 2338 642 2380 ἐκεῖνοι
673 2337 791 2380 οὐδὲν
820 2337 876 2379 ἔτι
905 2336 1062 2379 τοιόνδε
1091 2337 1234 2392 ἔλεγεν.
1277 2337 1361 2379 ἔστι
1389 2336 1433 2379 δ’
1458 2332 1545 2379 ἕτε-

98 2420 170 2459 ρον
199 2405 401 2444 τοιοῦτον.
448 2404 664 2459 Αἰγύπτου
704 2404 781 2460 γὰρ
823 2403 945 2461 φύσις
985 2409 1059 2459 τῆς
1090 2404 1231 2460 χώρης
1269 2406 1354 2447 ἐστὶ
1391 2404 1542 2460 τοιήδε.

97 2474 241 2526 πρῶτα
267 2470 344 2524 μὲν
373 2472 614 2527 προσπλέων
642 2472 698 2514 ἔτι
719 2475 786 2514 καὶ
807 2471 960 2530 ἡμέρης
989 2472 1145 2527 δρόμον
1176 2472 1337 2527 ἀπέχων
1357 2472 1436 2515 ἀπὸ
1455 2477 1544 2529 γῆς,

98 2539 230 2587 κατεὶς
259 2541 648 2596 καταπειρητηρίην,
691 2540 819 2595 πηλόν
848 2559 890 2584 τε
921 2541 1094 2591 ἀνοίσεις
1131 2542 1197 2583 καὶ
1227 2541 1269 2583 ἐν
1298 2540 1439 2583 ἕνδεκα
1470 2540 1544 2595 ὄρ-

98 2607 229 2661 γυίῃσι
248 2605 367 2648 ἔσεαι.
399 2612 522 2649 τοῦτο
550 2608 626 2661 μὲν
657 2608 720 2650 ἐπὶ
750 2614 947 2651 τοσοῦτον
976 2611 1100 2664 δηλοῖ
1122 2609 1346 2666 πρόσχυσιν
1374 2613 1448 2663 τῆς
1470 2613 1543 2664 γῆς

100 2673 260 2714 ἐοῦσαν.
319 2677 441 2717 Adde
471 2679 773 2718 Strabonem
817 2681 918 2719 XV.
957 2693 998 2732 p.
1031 2682 1139 2720 1013
1168 2685 1227 2720 A:
1279 2677 1468 2733 Νέαρχος
1498 2676 1544 2718 δὲ

99 2741 191 2794 περὶ
227 2744 309 2783 τῶν
349 2743 394 2785 ἐκ
430 2747 513 2787 τῶν
551 2748 748 2798 ποταμῶν
790 2745 954 2800 ἕπιχοῆς
993 2747 1302 2802 παραδείγματα
1340 2745 1452 2802 φέρει
1488 2743 1540 2787 τὰ

99 2812 291 2862 τοιαῦτα,
322 2808 383 2852 ὅτι
413 2813 482 2854 καὶ
508 2810 554 2855 τὸ
579 2811 737 2868 ςΈρμου
766 2814 833 2855 καὶ
857 2812 1081 2871 Καΰστρου
1109 2816 1247 2858 πεδίον
1277 2814 1347 2856 καὶ
1370 2811 1541 2856 Μαιάν-
