1820 3158
114 426 285 472 —p.365,
304 438 334 461 a.
359 425 524 460 Bekk.-
570 410 742 465 LIB.Ii.
773 423 1000 464 GARVII.
1038 399 1210 465 -’ρ.348,
1226 419 1266 454 E.
1283 418 1409 453 Gas.—
1463 411 1556 454 109

113 542 152 581 4.
184 541 268 581 Καὶ
296 537 343 580 τὸ
377 538 500 594 λέγειν
527 537 602 592 μὲν
632 533 688 585 ὥς
717 534 785 577 διὰ
810 535 857 577 τὸ
884 499 1061 590 μέγεθος
1089 532 1153 575 ἐπὶ
1180 536 1255 582 τοῦ
1284 532 1404 588 ἀέρος
1429 531 1552 586 μένει,

111 608 295 649 σείεσθαι
325 606 370 648 δὲ
400 605 569 663 φάσκειν
594 602 850 658 τυπτομένην
878 601 1067 661 κάτωθεν
1098 600 1183 644 άνω
1212 599 1266 643 δι’
1296 599 1418 656 ὅλης,
1449 599 1555 657 πρὸς

112 675 160 716 δὲ
197 673 361 724 τούτοις
407 673 534 716 οὐθὲν
576 672 801 725 ἀποδίδωσι
841 674 924 714 τῶν
965 659 1275 725 συμβαινόντων
1322 669 1412 726 περὶ
1457 684 1556 717 τους

112 742 324 797 σεισμοι’··ς
374 741 466 784 ου’τε
496 740 573 798 γὰρ
599 744 733 796 χῶραι
763 738 854 782 ου’τε
885 740 987 796 ὡραι
1028 739 1072 780 αἱ
1109 742 1307 792 τυχοῦσαι
1343 736 1554 792 μετέχουσι

110 810 260 852 τούτου
287 814 363 852 τοῦ
390 810 571 858 πάθους.
645 813 683 851 5.
715 806 981 864 Δημόκριτος
1010 807 1058 849 δέ
1082 823 1183 864 φησι
1212 805 1347 862 πλήρη
1377 803 1453 860 τὴν
1481 807 1554 860 γῆν

109 876 263 927 ὕδατος
291 873 430 930 οὖσαν,
462 879 528 919 καὶ
551 875 656 919 πολὺ
687 875 906 930 δεχομένην
934 875 1070 932 ἕτερον
1098 874 1272 932 ὄμβριον
1300 872 1436 930 ὕδωρ,
1473 869 1554 914 ὑπὸ

108 945 261 988 τούτου
292 950 515 988 κινεῖσθαι·
546 944 732 993 πλειόνός
753 961 796 986 τε
824 943 902 1000 γὰρ
931 943 1142 999 γινομένου
1168 942 1238 985 διὰ
1265 941 1312 984 τὸ
1341 940 1400 996 μὴ
1431 939 1555 983 δύνα-

111 1018 213 1056 σθαι
244 1015 436 1068 δέχεσθαι
466 1014 541 1064 τὰς
568 1014 723 1061 κοιλίας
750 1005 1073 1065 ἀποβιαζόμενον
1108 1017 1236 1053 ποιεῖν
1270 1009 1343 1052 τὸν
1372 1008 1552 1063 σεισμόν,

110 1084 176 1125 καὶ
207 1083 497 1140 ’ξηραινομένην
527 1084 593 1124 καὶ
624 1081 820 1123 ἕλκουσαν
848 1080 907 1127 εἷς
934 1077 1032 1127 τοὺς
1060 1079 1200 1128 κενοὺς
1227 1078 1381 1127 τόπους
1409 1078 1454 1119 ἐκ
1471 1080 1554 1119 τῶν

110 1152 394 1208 πληρεστέρων
422 1150 469 1193 τὸ
499 1148 759 1205 μεταβάλλον
788 1147 987 1201 ἐμπῖπτον
1015 1153 1148 1188 κινεῖν.
1223 1153 1262 1189 6.
1292 1145 1556 1199 Ἀναξιμένης

110 1219 159 1261 δέ
185 1234 286 1276 φησι
312 1218 562 1275 βρεχομένην
591 1216 666 1271 τὴν
693 1219 766 1271 γῆν
796 1215 862 1256 καὶ
886 1214 1179 1270 ξηραινομένην
1200 1213 1455 1272 ῥήγνυσθαι,
1486 1213 1554 1255 καὶ

106 1284 186 1329 ὖπό
214 1286 372 1337 τούτων
411 1290 493 1329 τῶν
532 1284 899 1343 ἀπορρηγνυμένων
935 1287 1127 1326 κολωνῶν
1156 1282 1440 1337 ἐμπιπτόντων
1473 1283 1555 1324 σεί-

108 1358 254 1396 εσθαι·
287 1353 350 1396 διὸ
371 1355 437 1396 καὶ
467 1355 654 1410 γίνεσθαι
682 1353 781 1403 τοὺς
810 1351 1002 1407 σεισμοὺς
1029 1351 1070 1394 ἕν
1098 1368 1142 1393 τε
1171 1358 1258 1401 τοῖς
1285 1344 1459 1405 αὐᾷςμοῖς
1487 1351 1555 1392 καὶ

105 1421 228 1464 πάλιν
257 1422 299 1463 ἓν
325 1428 416 1472 ταῖς
448 1419 765 1479 ὓπερομβρίαις·
815 1420 856 1463 ἕν
884 1438 927 1463 τε
956 1419 1035 1477 γὰρ
1064 1426 1152 1469 τοῖς
1180 1419 1375 1474 αὐχμοῖς,
1417 1417 1553 1475 ὥσπερ

106 1489 260 1547 εἴρηται
300 1490 594 1547 ξηραινομένην
631 1488 860 1547 ῥήγνυσθαι
898 1490 964 1531 καὶ
993 1480 1074 1531 {mii
1102 1491 1185 1530 τῶν
1211 1485 1377 1530 ὖόάτων
1406 1485 1557 1544 ὓπερυ-

104 1558 371 1615 γραινομένην
419 1559 659 1601 διαπίπτειν.
746 1564 786 1600 7.
830 1556 942 1599 ’Έὸει
983 1556 1028 1598 δὲ
1065 1556 1215 1598 τούτου
1256 1556 1556 1609 συμβαίνοντος

105 1624 416 1669 ὕπονοστοῢσαν
453 1629 664 1679 πολλαχοῦ
706 1626 930 1682 φαίνεσθαι
966 1623 1042 1678 τὴν
1072 1627 1161 1679 γῆν.
1212 1623 1269 1665 ἔτι
1299 1623 1344 1665 δὲ
1373 1622 1441 1664 διὰ
1469 1621 1551 1664 τίν’

108 1695 245 1736 αἲτίαν
281 1695 372 1751 περὶ
413 1694 567 1742 τόπους
602 1692 719 1742 τινὰς
754 1691 951 1742 πολλάκις
988 1693 1137 1747 γίνεται
1175 1695 1298 1734 τοῦτο
1336 1690 1384 1733 τὸ
1414 1689 1555 1740 πάθος

109 1830 278 1882 figuram
297 1831 543 1883 conglobata.
600 1831 643 1869 4.
674 1832 887 1869 Praeterea
910 1829 1057 1876 dicere,
1089 1829 1256 1868 eandem
1277 1830 1320 1867 in
1340 1827 1436 1868 ae‘re
1452 1842 1553 1881 pro-

108 1905 203 1951 pter
223 1898 537 1950 magnitudinem
559 1899 789 1944 consistere,
810 1898 919 1950 quati
940 1911 1040 1936 vero
1060 1898 1108 1936 ab
1127 1899 1210 1936 imo
1230 1910 1390 1936 sursum
1409 1910 1552 1936 versus

107 1980 184 2019 per
203 1972 332 2005 totum
354 1967 624 2006 verberatam.
683 1965 752 2005 Ad
780 1965 879 2004 haec
908 1965 1010 2004 nihil
1040 1966 1091 2004 de
1110 1965 1172 2004 his
1187 1996 1197 2016 ,
1230 1979 1332 2017 quae
1354 1965 1394 2003 in
1418 1971 1553 2003 terrae

108 2035 281 2084 motibus
311 2034 517 2084 accidunt,
557 2034 702 2074 tradit:
742 2047 875 2086 neque
907 2034 1014 2072 enim
1051 2034 1238 2086 regiones
1275 2034 1441 2086 quaevis
1483 2039 1552 2071 aut

105 2108 287 2154 tempora
312 2102 415 2141 hanc
443 2103 694 2142 affectionem
723 2102 975 2154 participant.
1044 2105 1084 2141 5.
1127 2102 1390 2142 Democritus
1416 2107 1552 2139 autem

107 2170 163 2209 ait
181 2176 357 2216 terram,
386 2185 478 2210 cum
504 2185 628 2222 aquae
657 2171 709 2209 sit
735 2171 855 2223 plena
883 2171 1082 2221 aliamque
1109 2171 1273 2222 pluviae
1292 2170 1448 2221 copiam
1479 2183 1552 2207 ex-

108 2237 247 2288 cipiat,
278 2238 326 2276 ab
344 2237 419 2276 hae
444 2239 615 2278 moveri.
673 2240 780 2277 Nam
811 2245 852 2277 et
881 2252 973 2277 cum
1004 2239 1179 2290 amplior
1208 2239 1312 2277 sacta
1331 2244 1412 2284 est,
1442 2237 1553 2289 quod

106 2304 152 2342 in
179 2305 367 2343 cavitates
396 2306 530 2358 excipi
556 2313 751 2357 nequeat,
789 2308 876 2346 vim
904 2307 1119 2346 inferendo
1150 2313 1303 2345 terram
1334 2312 1552 2344 concutere

109 2376 150 2408 et
168 2384 258 2410 cum
274 2378 384 2410 terra
407 2374 628 2411 exsiccatur
649 2380 689 2412 et
705 2388 728 2412 e
748 2375 847 2413 locis
872 2374 1119 2427 plenioribus
1148 2375 1192 2412 in
1218 2374 1349 2412 inania
1376 2372 1551 2422 attrahit,

109 2452 218 2487 eam,
248 2453 349 2491 quae
369 2441 502 2478 locum
524 2447 670 2490 mutat,
698 2441 966 2494 irrumpendo
995 2455 1267 2479 commovere.
1327 2444 1361 2478 6.
1394 2440 1554 2479 Anaxi—

107 2520 245 2545 menes
283 2514 418 2546 autem
455 2508 511 2546 ait
549 2514 699 2547 terram
739 2515 780 2547 et
816 2523 909 2548 eum
950 2509 1121 2547 siccatur
1158 2508 1296 2560 rumpi
1332 2514 1374 2546 et
1411 2508 1460 2546 ab
1488 2507 1552 2546 his

62 2600 68 2610 .
106 2574 341 2626 fragmentis
361 2575 652 2614 collabentibus
674 2577 848 2615 concuti.
907 2577 974 2616 Ob
996 2589 1163 2628 eamque
1179 2589 1337 2614 causam
1367 2582 1478 2614 aestu
1506 2590 1551 2615 ac

108 2647 289 2694 tempore
319 2643 463 2694 pluvio
494 2644 774 2681 concussiones
802 2650 937 2682 terrae
963 2643 1067 2682 fieri.
1135 2644 1266 2683 Aestu
1291 2643 1478 2695 quidem,
1505 2650 1552 2683 ut

108 2709 301 2759 diximus,
332 2711 569 2748 exsiccatam
593 2711 814 2762 disrumpi,
842 2712 891 2748 ab
911 2711 1109 2749 imbribus
1133 2725 1236 2750 vero
1265 2710 1386 2750 valde
1410 2711 1552 2750 made-

107 2775 251 2816 factam
279 2791 484 2817 corruere.
546 2782 582 2817 7.
617 2779 853 2830 Oportebat
871 2785 1026 2828 autem,
1057 2780 1091 2817 si
1118 2778 1198 2817 hoc
1228 2779 1434 2828 eveniret,
1464 2785 1551 2818 ter-

108 2856 194 2882 ram
230 2846 429 2899 plerisque
463 2847 506 2885 in
536 2847 634 2885 locis
663 2847 707 2885 in
737 2860 822 2885 sese
856 2847 1125 2898 refugientem
1160 2847 1349 2899 conspici.
1417 2848 1551 2897 Quam

110 2918 316 2961 praeterea
346 2915 397 2952 ob
427 2928 583 2953 causam
612 2914 767 2953 affectio
796 2913 894 2952 haec
923 2912 1160 2965 quibusdam
1189 2915 1232 2953 in
1258 2915 1357 2954 locis
1393 2915 1549 2964 accidit,

1585 534 1609 571 4

1583 775 1650 846 5.

1583 1560 1610 1596 7
