<?xml version="1.0" encoding="UTF-8"?>
<!DOCTYPE html PUBLIC "-//W3C//DTD XHTML 1.0 Transitional//EN"
    "http://www.w3.org/TR/xhtml1/DTD/xhtml1-transitional.dtd">
<html xmlns="http://www.w3.org/1999/xhtml" xml:lang="en" lang="en">
 <head>
  <title>
</title>
<meta http-equiv="Content-Type" content="text/html;charset=utf-8" />
  <meta name='ocr-system' content='tesseract 3.04.00' />
  <meta name='ocr-capabilities' content='ocr_page ocr_carea ocr_par ocr_line ocrx_word'/>
</head>
<body>
  <div class='ocr_page' id='page_1' title='image "./meteorologicorum01arisuoft_0514.png"; bbox 0 0 1774 3198; ppageno 0'>
   <div class='ocr_carea' id='block_1_1' title="bbox 278 365 1454 426">
    <p class='ocr_par' dir='ltr' id='par_1_1' title="bbox 278 365 1454 426">
     <span class='ocr_line' id='line_1_1' title="bbox 278 365 1454 426; baseline 0.013 -15"><span class='ocrx_word' id='word_1_1' title='bbox 278 368 373 413; x_wconf 83' lang='lat'><em>474</em></span> <span class='ocrx_word' id='word_1_2' title='bbox 492 380 938 421; x_wconf 79' lang='lat' dir='ltr'><strong>COMMENTARIUS</strong></span> <span class='ocrx_word' id='word_1_3' title='bbox 965 383 1024 423; x_wconf 85' lang='lat' dir='ltr'><em>IN</em></span> <span class='ocrx_word' id='word_1_4' title='bbox 1052 365 1454 426; x_wconf 81' lang='lat' dir='ltr'><strong>METEOROLOG.</strong></span> 
     </span>
    </p>
   </div>
   <div class='ocr_carea' id='block_1_2' title="bbox 264 490 1680 1605">
    <p class='ocr_par' dir='ltr' id='par_1_2' title="bbox 392 490 1348 541">
     <span class='ocr_line' id='line_1_2' title="bbox 392 490 1348 541; baseline 0.006 -15"><span class='ocrx_word' id='word_1_5' title='bbox 392 490 622 527; x_wconf 78' lang='lat' dir='ltr'><em>Utilitatem</em></span> <span class='ocrx_word' id='word_1_6' title='bbox 650 498 924 541; x_wconf 80' lang='lat' dir='ltr'><strong><em>opportunam</em></strong></span> <span class='ocrx_word' id='word_1_7' title='bbox 953 492 1185 531; x_wconf 69' lang='lat' dir='ltr'><em>sitientibus</em></span> <span class='ocrx_word' id='word_1_8' title='bbox 1211 496 1348 532; x_wconf 79' lang='lat' dir='ltr'><em>nautis</em></span> 
     </span>
    </p>

    <p class='ocr_par' dir='ltr' id='par_1_3' title="bbox 264 555 1680 1605">
     <span class='ocr_line' id='line_1_3' title="bbox 387 555 1401 605; baseline 0.008 -15"><span class='ocrx_word' id='word_1_9' title='bbox 387 555 508 605; x_wconf 76' lang='lat' dir='ltr'><em>Quod</em></span> <span class='ocrx_word' id='word_1_10' title='bbox 532 555 666 593; x_wconf 76' lang='lat' dir='ltr'><em>dulc-es</em></span> <span class='ocrx_word' id='word_1_11' title='bbox 695 557 801 594; x_wconf 83' lang='lat' dir='ltr'><em>inter</em></span> <span class='ocrx_word' id='word_1_12' title='bbox 829 558 967 595; x_wconf 84' lang='lat' dir='ltr'><em>salsas</em></span> <span class='ocrx_word' id='word_1_13' title='bbox 997 560 1232 597; x_wconf 73' lang='lat' dir='ltr'><em>intervomit</em></span> <span class='ocrx_word' id='word_1_14' title='bbox 1257 561 1401 599; x_wconf 71' lang='lat' dir='ltr'><em>undas.</em></span> 
     </span>
     <span class='ocr_line' id='line_1_4' title="bbox 277 621 1679 671; baseline 0.006 -13"><span class='ocrx_word' id='word_1_15' title='bbox 277 621 403 658; x_wconf 80' lang='lat' dir='ltr'><em>Plin.</em></span> <span class='ocrx_word' id='word_1_16' title='bbox 432 622 547 658; x_wconf 62' lang='lat' dir='ltr'><em>His-t.</em></span> <span class='ocrx_word' id='word_1_17' title='bbox 570 630 657 660; x_wconf 86' lang='lat' dir='ltr'><em>nat.</em></span> <span class='ocrx_word' id='word_1_18' title='bbox 687 621 748 671; x_wconf 87' lang='lat' dir='ltr'><em>II,</em></span> <span class='ocrx_word' id='word_1_19' title='bbox 774 624 875 671; x_wconf 81' lang='lat'><strong>103,</strong></span> <span class='ocrx_word' id='word_1_20' title='bbox 900 625 1000 663; x_wconf 82' lang='lat'>106:</span> <span class='ocrx_word' id='word_1_21' title='bbox 1030 626 1145 663; x_wconf 79' lang='lat' dir='ltr'><em>Nam</em></span> <span class='ocrx_word' id='word_1_22' title='bbox 1166 626 1297 664; x_wconf 79' lang='lat' dir='ltr'><em>dulcis</em></span> <span class='ocrx_word' id='word_1_23' title='bbox 1313 627 1485 665; x_wconf 77' lang='lat' dir='ltr'><em>haustus</em></span> <span class='ocrx_word' id='word_1_24' title='bbox 1507 630 1553 666; x_wconf 81' lang='lat' dir='ltr'><em>in</em></span> <span class='ocrx_word' id='word_1_25' title='bbox 1570 631 1679 666; x_wconf 74' lang='lat' dir='ltr'><em>mari</em></span> 
     </span>
     <span class='ocr_line' id='line_1_5' title="bbox 269 685 1680 741; baseline 0.007 -19"><span class='ocrx_word' id='word_1_26' title='bbox 269 685 456 736; x_wconf 80' lang='lat' dir='ltr'><em>pluribus</em></span> <span class='ocrx_word' id='word_1_27' title='bbox 478 687 600 731; x_wconf 74' lang='lat' dir='ltr'><em>locis,</em></span> <span class='ocrx_word' id='word_1_28' title='bbox 632 695 677 724; x_wconf 81' lang='lat' dir='ltr'><em>ut</em></span> <span class='ocrx_word' id='word_1_29' title='bbox 701 689 761 726; x_wconf 82' lang='lat' dir='ltr'><em>ad</em></span> <span class='ocrx_word' id='word_1_30' title='bbox 779 689 1046 728; x_wconf 74' lang='lat' dir='ltr'><em>Chelidonias</em></span> <span class='ocrx_word' id='word_1_31' title='bbox 1074 693 1251 741; x_wconf 80' lang='lat' dir='ltr'><em>insulas,</em></span> <span class='ocrx_word' id='word_1_32' title='bbox 1289 700 1329 730; x_wconf 80' lang='lat' dir='ltr'><em>et</em></span> <span class='ocrx_word' id='word_1_33' title='bbox 1350 694 1542 731; x_wconf 79' lang='lat' dir='ltr'><em>Aradum</em></span> <span class='ocrx_word' id='word_1_34' title='bbox 1570 702 1610 732; x_wconf 85' lang='lat' dir='ltr'><em>et</em></span> <span class='ocrx_word' id='word_1_35' title='bbox 1635 696 1680 733; x_wconf 82' lang='lat' dir='ltr'><em>in</em></span> 
     </span>
     <span class='ocr_line' id='line_1_6' title="bbox 277 753 1679 808; baseline 0.005 -17"><span class='ocrx_word' id='word_1_36' title='bbox 277 753 487 791; x_wconf 79' lang='lat' dir='ltr'><em>Gaditano</em></span> <span class='ocrx_word' id='word_1_37' title='bbox 510 754 686 793; x_wconf 83' lang='lat' dir='ltr'><em>Oceano.</em></span> <span class='ocrx_word' id='word_1_38' title='bbox 745 756 923 793; x_wconf 83' lang='lat' dir='ltr'><em>strabo</em></span> <span class='ocrx_word' id='word_1_39' title='bbox 952 758 1069 795; x_wconf 87' lang='lat' dir='ltr'>XVI.</span> <span class='ocrx_word' id='word_1_40' title='bbox 1106 771 1146 808; x_wconf 87' lang='lat' dir='ltr'><em>p.</em></span> <span class='ocrx_word' id='word_1_41' title='bbox 1169 760 1275 798; x_wconf 77' lang='lat'>1094</span> <span class='ocrx_word' id='word_1_42' title='bbox 1296 761 1333 797; x_wconf 94' lang='lat' dir='ltr'><strong>A</strong></span> <span class='ocrx_word' id='word_1_43' title='bbox 1368 761 1492 797; x_wconf 84' lang='lat' dir='ltr'><em>refert</em></span> <span class='ocrx_word' id='word_1_44' title='bbox 1514 760 1679 798; x_wconf 78' lang='lat' dir='ltr'><strong>Aradios</strong></span> 
     </span>
     <span class='ocr_line' id='line_1_7' title="bbox 272 820 1678 878; baseline 0.004 -21"><span class='ocrx_word' id='word_1_45' title='bbox 272 821 378 858; x_wconf 91' lang='lat' dir='ltr'><em>bello</em></span> <span class='ocrx_word' id='word_1_46' title='bbox 403 826 543 871; x_wconf 83' lang='lat' dir='ltr'><em>puteos</em></span> <span class='ocrx_word' id='word_1_47' title='bbox 574 821 615 859; x_wconf 87' lang='lat' dir='ltr'><em>in</em></span> <span class='ocrx_word' id='word_1_48' title='bbox 640 822 727 872; x_wconf 89' lang='lat' dir='ltr'><em>ipso</em></span> <span class='ocrx_word' id='word_1_49' title='bbox 757 823 856 860; x_wconf 82' lang='lat' dir='ltr'><em>mari</em></span> <span class='ocrx_word' id='word_1_50' title='bbox 884 823 1043 862; x_wconf 62' lang='lat' dir='ltr'><em>fodisse.</em></span> <span class='ocrx_word' id='word_1_51' title='bbox 1100 825 1169 863; x_wconf 88' lang='lat' dir='ltr'><em>Ait</em></span> <span class='ocrx_word' id='word_1_52' title='bbox 1191 826 1318 863; x_wconf 89' lang='lat' dir='ltr'><em>enim:</em></span> <span class='ocrx_word' id='word_1_53' title='bbox 1350 821 1424 875; x_wconf 73' lang='grc' dir='ltr'><em>τήν</em></span> <span class='ocrx_word' id='word_1_54' title='bbox 1451 820 1611 878; x_wconf 71' lang='grc' dir='ltr'><strong><em>ὑδρείαν</em></strong></span> <span class='ocrx_word' id='word_1_55' title='bbox 1640 823 1678 864; x_wconf 81' lang='grc' dir='ltr'><em>οἱ</em></span> 
     </span>
     <span class='ocr_line' id='line_1_8' title="bbox 265 883 1679 942; baseline 0.005 -19"><span class='ocrx_word' id='word_1_56' title='bbox 265 883 442 939; x_wconf 78' lang='grc' dir='ltr'><em>Ἀράδιοι</em></span> <span class='ocrx_word' id='word_1_57' title='bbox 470 883 543 937; x_wconf 73' lang='grc' dir='ltr'><em>τὴν</em></span> <span class='ocrx_word' id='word_1_58' title='bbox 569 885 642 937; x_wconf 79' lang='grc' dir='ltr'><em>μὲν</em></span> <span class='ocrx_word' id='word_1_59' title='bbox 669 885 712 926; x_wconf 69' lang='grc' dir='ltr'><em>ἐκ</em></span> <span class='ocrx_word' id='word_1_60' title='bbox 739 889 819 927; x_wconf 84' lang='grc' dir='ltr'><em>τῶν</em></span> <span class='ocrx_word' id='word_1_61' title='bbox 848 885 1027 940; x_wconf 81' lang='grc' dir='ltr'>ὀμβρίων</span> <span class='ocrx_word' id='word_1_62' title='bbox 1055 889 1119 928; x_wconf 83' lang='grc' dir='ltr'><strong><em>καὶ</em></strong></span> <span class='ocrx_word' id='word_1_63' title='bbox 1143 889 1339 930; x_wconf 84' lang='grc' dir='ltr'><strong><em>λακκαίων</em></strong></span> <span class='ocrx_word' id='word_1_64' title='bbox 1354 886 1514 930; x_wconf 70' lang='grc' dir='ltr'><strong><em>ὑδάτων</em></strong></span> <span class='ocrx_word' id='word_1_65' title='bbox 1535 889 1679 942; x_wconf 61' lang='grc' dir='ltr'><em>ἔβςουσι,</em></span> 
     </span>
     <span class='ocr_line' id='line_1_9' title="bbox 270 949 1680 1009; baseline 0.003 -18"><span class='ocrx_word' id='word_1_66' title='bbox 270 949 349 1004; x_wconf 76' lang='grc' dir='ltr'><em>τὴν</em></span> <span class='ocrx_word' id='word_1_67' title='bbox 374 950 413 991; x_wconf 76' lang='grc' dir='ltr'><em>δ”</em></span> <span class='ocrx_word' id='word_1_68' title='bbox 431 951 474 992; x_wconf 69' lang='grc' dir='ltr'><em>ἐκ</em></span> <span class='ocrx_word' id='word_1_69' title='bbox 501 955 573 1004; x_wconf 80' lang='grc' dir='ltr'><em>τῆς</em></span> <span class='ocrx_word' id='word_1_70' title='bbox 605 953 782 1006; x_wconf 75' lang='grc' dir='ltr'><strong><em>περαίας.</em></strong></span> <span class='ocrx_word' id='word_1_71' title='bbox 822 952 863 993; x_wconf 76' lang='grc' dir='ltr'><em>ἓν</em></span> <span class='ocrx_word' id='word_1_72' title='bbox 893 953 936 994; x_wconf 77' lang='grc' dir='ltr'><em>δὲ</em></span> <span class='ocrx_word' id='word_1_73' title='bbox 963 960 1048 1001; x_wconf 84' lang='grc' dir='ltr'><strong><em>τοῖς</em></strong></span> <span class='ocrx_word' id='word_1_74' title='bbox 1074 955 1260 1007; x_wconf 71' lang='grc' dir='ltr'><strong><em>πολέμοις</em></strong></span> <span class='ocrx_word' id='word_1_75' title='bbox 1288 955 1330 996; x_wconf 72' lang='grc' dir='ltr'><em>ἐκ</em></span> <span class='ocrx_word' id='word_1_76' title='bbox 1349 958 1419 996; x_wconf 83' lang='grc' dir='ltr'><em>τοῦ</em></span> <span class='ocrx_word' id='word_1_77' title='bbox 1437 954 1564 1009; x_wconf 81' lang='grc' dir='ltr'><strong><em>πόρου</em></strong></span> <span class='ocrx_word' id='word_1_78' title='bbox 1593 959 1680 1007; x_wconf 78' lang='grc' dir='ltr'><strong><em>(τῆς</em></strong></span> 
     </span>
     <span class='ocr_line' id='line_1_10' title="bbox 270 1016 1679 1076; baseline 0.005 -19"><span class='ocrx_word' id='word_1_79' title='bbox 270 1016 506 1071; x_wconf 73' lang='grc' dir='ltr'>θαλάττης)</span> <span class='ocrx_word' id='word_1_80' title='bbox 545 1018 688 1073; x_wconf 88' lang='grc' dir='ltr'><strong><em>μικρὸν</em></strong></span> <span class='ocrx_word' id='word_1_81' title='bbox 717 1018 794 1073; x_wconf 84' lang='grc' dir='ltr'><strong><em>πρὸ</em></strong></span> <span class='ocrx_word' id='word_1_82' title='bbox 825 1022 897 1072; x_wconf 77' lang='grc' dir='ltr'><em>τῆς</em></span> <span class='ocrx_word' id='word_1_83' title='bbox 924 1018 1078 1068; x_wconf 79' lang='grc' dir='ltr'><strong><em>πόλεως</em></strong></span> <span class='ocrx_word' id='word_1_84' title='bbox 1104 1019 1336 1075; x_wconf 75' lang='grc' dir='ltr'><strong><em>ὓδρεύονται</em></strong></span> <span class='ocrx_word' id='word_1_85' title='bbox 1365 1022 1493 1076; x_wconf 80' lang='grc' dir='ltr'><strong><em>πηγὴν</em></strong></span> <span class='ocrx_word' id='word_1_86' title='bbox 1521 1022 1679 1074; x_wconf 74' lang='grc' dir='ltr'><strong><em>ἔχοντος</em></strong></span> 
     </span>
     <span class='ocr_line' id='line_1_11' title="bbox 270 1082 1680 1142; baseline 0.004 -19"><span class='ocrx_word' id='word_1_87' title='bbox 270 1082 459 1138; x_wconf 79' lang='grc' dir='ltr'><strong><em>ἀφθόνου</em></strong></span> <span class='ocrx_word' id='word_1_88' title='bbox 485 1082 653 1134; x_wconf 75' lang='grc' dir='ltr'><strong><em>ὕδατος,</em></strong></span> <span class='ocrx_word' id='word_1_89' title='bbox 684 1086 739 1132; x_wconf 73' lang='grc' dir='ltr'><em>εἷς</em></span> <span class='ocrx_word' id='word_1_90' title='bbox 766 1083 816 1137; x_wconf 74' lang='grc' dir='ltr'><em>ἢν</em></span> <span class='ocrx_word' id='word_1_91' title='bbox 843 1086 1245 1142; x_wconf 76' lang='grc' dir='ltr'><strong><em>περικαταστρέφεται</em></strong></span> <span class='ocrx_word' id='word_1_92' title='bbox 1274 1089 1461 1140; x_wconf 75' lang='grc' dir='ltr'><strong><em>κλίβανος</em></strong></span> <span class='ocrx_word' id='word_1_93' title='bbox 1488 1090 1680 1136; x_wconf 75' lang='grc' dir='ltr'><em>καθεθεὶς</em></span> 
     </span>
     <span class='ocr_line' id='line_1_12' title="bbox 270 1147 1679 1207; baseline 0.005 -18"><span class='ocrx_word' id='word_1_94' title='bbox 270 1148 348 1190; x_wconf 77' lang='grc' dir='ltr'><em>ἀπὸ</em></span> <span class='ocrx_word' id='word_1_95' title='bbox 367 1152 438 1190; x_wconf 84' lang='grc' dir='ltr'><em>τοῦ</em></span> <span class='ocrx_word' id='word_1_96' title='bbox 457 1147 723 1202; x_wconf 74' lang='grc' dir='ltr'><strong><em>ὗδρευομένου</em></strong></span> <span class='ocrx_word' id='word_1_97' title='bbox 745 1149 926 1205; x_wconf 80' lang='grc' dir='ltr'><strong><em>σκάφους</em></strong></span> <span class='ocrx_word' id='word_1_98' title='bbox 943 1155 1148 1204; x_wconf 78' lang='grc' dir='ltr'><strong><em>μολυβοῦς</em></strong></span> <span class='ocrx_word' id='word_1_99' title='bbox 1158 1185 1169 1203; x_wconf 86' lang='grc'>,</span> <span class='ocrx_word' id='word_1_100' title='bbox 1199 1152 1465 1207; x_wconf 79' lang='grc' dir='ltr'><strong><em>εὐρύστομος,</em></strong></span> <span class='ocrx_word' id='word_1_101' title='bbox 1497 1156 1551 1202; x_wconf 74' lang='grc' dir='ltr'><em>εἷς</em></span> <span class='ocrx_word' id='word_1_102' title='bbox 1570 1159 1679 1196; x_wconf 87' lang='grc' dir='ltr'><strong><em>πυθ-</em></strong></span> 
     </span>
     <span class='ocr_line' id='line_1_13' title="bbox 267 1215 1678 1275; baseline 0.004 -19"><span class='ocrx_word' id='word_1_103' title='bbox 267 1215 368 1267; x_wconf 79' lang='grc' dir='ltr'><strong><em>μένα</em></strong></span> <span class='ocrx_word' id='word_1_104' title='bbox 397 1216 638 1270; x_wconf 70' lang='grc' dir='ltr'><strong><em>συνηγμένος</em></strong></span> <span class='ocrx_word' id='word_1_105' title='bbox 665 1215 802 1257; x_wconf 83' lang='grc' dir='ltr'><strong><em>στενὸν</em></strong></span> <span class='ocrx_word' id='word_1_106' title='bbox 830 1215 970 1268; x_wconf 67' lang='grc' dir='ltr'><strong><em>ἔχοντα</em></strong></span> <span class='ocrx_word' id='word_1_107' title='bbox 998 1221 1132 1271; x_wconf 80' lang='grc' dir='ltr'><strong><em>τρῆμα</em></strong></span> <span class='ocrx_word' id='word_1_108' title='bbox 1155 1219 1336 1272; x_wconf 69' lang='grc' dir='ltr'><strong><em>μέτριον·</em></strong></span> <span class='ocrx_word' id='word_1_109' title='bbox 1364 1225 1421 1275; x_wconf 78' lang='grc' dir='ltr'><em>τῷ</em></span> <span class='ocrx_word' id='word_1_110' title='bbox 1442 1221 1485 1261; x_wconf 77' lang='grc' dir='ltr'><em>δὲ</em></span> <span class='ocrx_word' id='word_1_111' title='bbox 1503 1220 1678 1273; x_wconf 74' lang='grc' dir='ltr'><strong><em>πυθμένι</em></strong></span> 
     </span>
     <span class='ocr_line' id='line_1_14' title="bbox 269 1281 1680 1340; baseline 0.004 -18"><span class='ocrx_word' id='word_1_112' title='bbox 269 1281 562 1337; x_wconf 79' lang='grc' dir='ltr'><strong><em>περιέσφιγκται</em></strong></span> <span class='ocrx_word' id='word_1_113' title='bbox 589 1281 720 1335; x_wconf 80' lang='grc' dir='ltr'><strong><em>σωλὴν</em></strong></span> <span class='ocrx_word' id='word_1_114' title='bbox 749 1282 949 1333; x_wconf 79' lang='grc' dir='ltr'><strong><em>σκύτινος,</em></strong></span> <span class='ocrx_word' id='word_1_115' title='bbox 998 1283 1071 1324; x_wconf 71' lang='grc' dir='ltr'><em>εἴτε</em></span> <span class='ocrx_word' id='word_1_116' title='bbox 1102 1283 1270 1336; x_wconf 72' lang='grc' dir='ltr'><strong><em>ἅσκωμα</em></strong></span> <span class='ocrx_word' id='word_1_117' title='bbox 1300 1287 1363 1326; x_wconf 74' lang='grc' dir='ltr'><em>δεῖ</em></span> <span class='ocrx_word' id='word_1_118' title='bbox 1386 1286 1523 1340; x_wconf 75' lang='grc' dir='ltr'><strong><em>λέγειν,</em></strong></span> <span class='ocrx_word' id='word_1_119' title='bbox 1564 1284 1584 1326; x_wconf 80' lang='grc' dir='ltr'><em>ὃ</em></span> <span class='ocrx_word' id='word_1_120' title='bbox 1615 1287 1680 1326; x_wconf 77' lang='grc' dir='ltr'><em>δε-</em></span> 
     </span>
     <span class='ocr_line' id='line_1_15' title="bbox 264 1346 1679 1404; baseline 0.003 -16"><span class='ocrx_word' id='word_1_121' title='bbox 264 1346 434 1401; x_wconf 81' lang='grc' dir='ltr'><strong><em>χόμενος</em></strong></span> <span class='ocrx_word' id='word_1_122' title='bbox 461 1347 507 1388; x_wconf 85' lang='grc' dir='ltr'><em>τὸ</em></span> <span class='ocrx_word' id='word_1_123' title='bbox 540 1346 859 1400; x_wconf 80' lang='grc' dir='ltr'><strong><em>ἂναθλιβόμενον</em></strong></span> <span class='ocrx_word' id='word_1_124' title='bbox 888 1349 931 1389; x_wconf 73' lang='grc' dir='ltr'><em>ἐκ</em></span> <span class='ocrx_word' id='word_1_125' title='bbox 958 1353 1030 1402; x_wconf 75' lang='grc' dir='ltr'><em>τῆς</em></span> <span class='ocrx_word' id='word_1_126' title='bbox 1056 1354 1183 1403; x_wconf 80' lang='grc' dir='ltr'><strong><em>πηγῆς</em></strong></span> <span class='ocrx_word' id='word_1_127' title='bbox 1218 1349 1283 1390; x_wconf 81' lang='grc' dir='ltr'><em>διὰ</em></span> <span class='ocrx_word' id='word_1_128' title='bbox 1311 1356 1382 1392; x_wconf 85' lang='grc' dir='ltr'><em>τοῦ</em></span> <span class='ocrx_word' id='word_1_129' title='bbox 1412 1351 1602 1404; x_wconf 75' lang='grc' dir='ltr'><strong><em>κλιβάνου</em></strong></span> <span class='ocrx_word' id='word_1_130' title='bbox 1630 1350 1679 1392; x_wconf 79' lang='grc' dir='ltr'><em>ῧ-</em></span> 
     </span>
     <span class='ocr_line' id='line_1_16' title="bbox 269 1409 1676 1471; baseline 0.003 -16"><span class='ocrx_word' id='word_1_131' title='bbox 269 1415 366 1468; x_wconf 82' lang='grc' dir='ltr'><strong><em>ὁωρ.</em></strong></span> <span class='ocrx_word' id='word_1_132' title='bbox 409 1413 456 1455; x_wconf 83' lang='grc' dir='ltr'><em>τὸ</em></span> <span class='ocrx_word' id='word_1_133' title='bbox 485 1414 558 1467; x_wconf 78' lang='grc' dir='ltr'><em>μὲν</em></span> <span class='ocrx_word' id='word_1_134' title='bbox 589 1409 658 1455; x_wconf 66' lang='grc' dir='ltr'><em>οὖν</em></span> <span class='ocrx_word' id='word_1_135' title='bbox 686 1418 845 1469; x_wconf 80' lang='grc' dir='ltr'><strong><em>πρῶτον</em></strong></span> <span class='ocrx_word' id='word_1_136' title='bbox 878 1414 1099 1467; x_wconf 77' lang='grc' dir='ltr'><strong><em>ἀναθλιβὲν</em></strong></span> <span class='ocrx_word' id='word_1_137' title='bbox 1127 1414 1174 1456; x_wconf 72' lang='grc' dir='ltr'><em>τὰ</em></span> <span class='ocrx_word' id='word_1_138' title='bbox 1211 1420 1284 1469; x_wconf 81' lang='grc' dir='ltr'><em>τῆς</em></span> <span class='ocrx_word' id='word_1_139' title='bbox 1322 1418 1532 1471; x_wconf 75' lang='grc' dir='ltr'><strong><em>θαλάττης</em></strong></span> <span class='ocrx_word' id='word_1_140' title='bbox 1570 1418 1676 1459; x_wconf 74' lang='grc' dir='ltr'><strong><em>ἐστι’·</em></strong></span> 
     </span>
     <span class='ocr_line' id='line_1_17' title="bbox 267 1479 1675 1540; baseline 0.004 -20"><span class='ocrx_word' id='word_1_141' title='bbox 267 1480 540 1535; x_wconf 75' lang='grc' dir='ltr'><strong><em>περιμένοντες</em></strong></span> <span class='ocrx_word' id='word_1_142' title='bbox 570 1481 613 1521; x_wconf 77' lang='grc' dir='ltr'><em>δὲ</em></span> <span class='ocrx_word' id='word_1_143' title='bbox 640 1479 714 1534; x_wconf 83' lang='grc' dir='ltr'><em>τὴν</em></span> <span class='ocrx_word' id='word_1_144' title='bbox 742 1485 815 1522; x_wconf 86' lang='grc' dir='ltr'><em>τοῦ</em></span> <span class='ocrx_word' id='word_1_145' title='bbox 843 1485 1030 1535; x_wconf 86' lang='grc' dir='ltr'><strong><em>καθαροῦ</em></strong></span> <span class='ocrx_word' id='word_1_146' title='bbox 1067 1482 1132 1522; x_wconf 86' lang='grc' dir='ltr'><strong><em>καὶ</em></strong></span> <span class='ocrx_word' id='word_1_147' title='bbox 1162 1483 1334 1535; x_wconf 82' lang='grc' dir='ltr'><strong><em>ποτίμου</em></strong></span> <span class='ocrx_word' id='word_1_148' title='bbox 1366 1482 1515 1532; x_wconf 71' lang='grc' dir='ltr'><strong><em>ὕδατος</em></strong></span> <span class='ocrx_word' id='word_1_149' title='bbox 1551 1484 1675 1540; x_wconf 81' lang='grc' dir='ltr'><strong><em>ῥῦσιν,</em></strong></span> 
     </span>
     <span class='ocr_line' id='line_1_18' title="bbox 267 1544 1676 1605; baseline 0.001 -18"><span class='ocrx_word' id='word_1_150' title='bbox 267 1544 620 1600; x_wconf 71' lang='grc' dir='ltr'><strong><em>ὑπολαμβάνουσιν</em></strong></span> <span class='ocrx_word' id='word_1_151' title='bbox 647 1548 702 1595; x_wconf 73' lang='grc' dir='ltr'><em>εἷς</em></span> <span class='ocrx_word' id='word_1_152' title='bbox 731 1546 864 1601; x_wconf 77' lang='grc' dir='ltr'><strong><em>ἀγγεῖα</em></strong></span> <span class='ocrx_word' id='word_1_153' title='bbox 893 1548 1252 1603; x_wconf 77' lang='grc' dir='ltr'><strong><em>παρεσκευασμένα,</em></strong></span> <span class='ocrx_word' id='word_1_154' title='bbox 1284 1548 1378 1591; x_wconf 78' lang='grc' dir='ltr'><strong><em>ὅσον</em></strong></span> <span class='ocrx_word' id='word_1_155' title='bbox 1407 1548 1455 1590; x_wconf 77' lang='grc' dir='ltr'><em>ἂν</em></span> <span class='ocrx_word' id='word_1_156' title='bbox 1486 1550 1572 1605; x_wconf 78' lang='grc' dir='ltr'><em>δέῃ,</em></span> <span class='ocrx_word' id='word_1_157' title='bbox 1611 1551 1676 1590; x_wconf 85' lang='grc' dir='ltr'><strong><em>καὶ</em></strong></span> 
     </span>
    </p>
   </div>
   <div class='ocr_carea' id='block_1_3' title="bbox 267 1613 1678 1735">
    <p class='ocr_par' dir='ltr' id='par_1_4' title="bbox 267 1613 1678 1735">
     <span class='ocr_line' id='line_1_19' title="bbox 267 1613 1678 1668; baseline 0.001 -14"><span class='ocrx_word' id='word_1_158' title='bbox 267 1614 568 1668; x_wconf 80' lang='grc' dir='ltr'><strong><em>πορθμεύουσιν</em></strong></span> <span class='ocrx_word' id='word_1_159' title='bbox 606 1615 662 1661; x_wconf 75' lang='grc' dir='ltr'><em>εἷς</em></span> <span class='ocrx_word' id='word_1_160' title='bbox 689 1613 762 1667; x_wconf 87' lang='grc' dir='ltr'><em>τὴν</em></span> <span class='ocrx_word' id='word_1_161' title='bbox 790 1613 916 1655; x_wconf 87' lang='grc' dir='ltr'><strong><em>πόλιν.</em></strong></span> <span class='ocrx_word' id='word_1_162' title='bbox 954 1639 1007 1646; x_wconf 89' lang='grc'>-</span> <span class='ocrx_word' id='word_1_163' title='bbox 1064 1615 1132 1655; x_wconf 81' lang='grc' dir='ltr'><strong><em>καί</em></strong></span> <span class='ocrx_word' id='word_1_164' title='bbox 1165 1617 1212 1654; x_wconf 86' lang='lat' dir='ltr'><em>ab</em></span> <span class='ocrx_word' id='word_1_165' title='bbox 1248 1618 1361 1656; x_wconf 85' lang='lat' dir='ltr'><em>initio</em></span> <span class='ocrx_word' id='word_1_166' title='bbox 1400 1619 1678 1656; x_wconf 82' lang='lat' dir='ltr'>enuntiationis</span> 
     </span>
     <span class='ocr_line' id='line_1_20' title="bbox 269 1672 1677 1735; baseline 0.001 -16"><span class='ocrx_word' id='word_1_167' title='bbox 269 1683 417 1720; x_wconf 88' lang='lat' dir='ltr'><em>omittit</em></span> <span class='ocrx_word' id='word_1_168' title='bbox 434 1685 477 1721; x_wconf 90' lang='lat' dir='ltr'><em>E.</em></span> <span class='ocrx_word' id='word_1_169' title='bbox 500 1706 549 1711; x_wconf 89' lang='lat'><em>-</em></span> <span class='ocrx_word' id='word_1_170' title='bbox 573 1672 945 1735; x_wconf 46' lang='lat' dir='ltr'><em>&#39;Hotffavoflffss</em></span> <span class='ocrx_word' id='word_1_171' title='bbox 978 1705 1029 1712; x_wconf 94' lang='lat'>—</span> <span class='ocrx_word' id='word_1_172' title='bbox 1067 1680 1232 1722; x_wconf 69' lang='grc' dir='ltr'><strong><em>ἔλαττον</em></strong></span> <span class='ocrx_word' id='word_1_173' title='bbox 1263 1685 1306 1721; x_wconf 85' lang='grc' dir='ltr'><em>Ρ.</em></span> <span class='ocrx_word' id='word_1_174' title='bbox 1336 1705 1385 1711; x_wconf 92' lang='lat'><em>——-</em></span> <span class='ocrx_word' id='word_1_175' title='bbox 1423 1686 1515 1735; x_wconf 84' lang='lat' dir='ltr'>Bag.</span> <span class='ocrx_word' id='word_1_176' title='bbox 1536 1684 1677 1722; x_wconf 86' lang='lat' dir='ltr'><em>vertit:</em></span> 
     </span>
    </p>
   </div>
   <div class='ocr_carea' id='block_1_4' title="bbox 248 1748 1677 2858">
    <p class='ocr_par' dir='ltr' id='par_1_5' title="bbox 248 1748 1677 2858">
     <span class='ocr_line' id='line_1_21' title="bbox 267 1748 1677 1802; baseline 0 -15"><span class='ocrx_word' id='word_1_177' title='bbox 267 1749 510 1788; x_wconf 81' lang='lat' dir='ltr'><em>absorbetur</em></span> <span class='ocrx_word' id='word_1_178' title='bbox 540 1749 749 1800; x_wconf 82' lang='lat' dir='ltr'><em>quidem</em></span> <span class='ocrx_word' id='word_1_179' title='bbox 771 1751 948 1802; x_wconf 75' lang='lat' dir='ltr'><em>fluvius,</em></span> <span class='ocrx_word' id='word_1_180' title='bbox 975 1749 1145 1800; x_wconf 87' lang='lat' dir='ltr'><em>ideoque</em></span> <span class='ocrx_word' id='word_1_181' title='bbox 1164 1751 1301 1801; x_wconf 82' lang='lat' dir='ltr'><em>legisse</em></span> <span class='ocrx_word' id='word_1_182' title='bbox 1325 1751 1486 1789; x_wconf 86' lang='lat' dir='ltr'><em>videtur</em></span> <span class='ocrx_word' id='word_1_183' title='bbox 1502 1748 1576 1801; x_wconf 79' lang='grc' dir='ltr'><em>μὲν</em></span> <span class='ocrx_word' id='word_1_184' title='bbox 1601 1764 1677 1801; x_wconf 88' lang='lat' dir='ltr'><em>pro</em></span> 
     </span>
     <span class='ocr_line' id='line_1_22' title="bbox 265 1814 1676 1867; baseline -0.001 -13"><span class='ocrx_word' id='word_1_185' title='bbox 265 1829 350 1862; x_wconf 79' lang='grc' dir='ltr'><strong><em>τις,</em></strong></span> <span class='ocrx_word' id='word_1_186' title='bbox 378 1815 453 1853; x_wconf 84' lang='lat' dir='ltr'><em>nisi</em></span> <span class='ocrx_word' id='word_1_187' title='bbox 475 1814 708 1866; x_wconf 83' lang='lat' dir='ltr'><em>typothetae</em></span> <span class='ocrx_word' id='word_1_188' title='bbox 732 1816 885 1854; x_wconf 81' lang='lat' dir='ltr'><em>inc-uria</em></span> <span class='ocrx_word' id='word_1_189' title='bbox 912 1816 1113 1866; x_wconf 79' lang='lat' dir='ltr'><em>quidem</em></span> <span class='ocrx_word' id='word_1_190' title='bbox 1143 1829 1217 1866; x_wconf 86' lang='lat' dir='ltr'><em>pro</em></span> <span class='ocrx_word' id='word_1_191' title='bbox 1248 1817 1378 1867; x_wconf 76' lang='lat' dir='ltr'><em>quid</em></span> <span class='ocrx_word' id='word_1_192' title='bbox 1385 1831 1461 1854; x_wconf 89' lang='lat' dir='ltr'><em>am</em></span> <span class='ocrx_word' id='word_1_193' title='bbox 1489 1830 1676 1854; x_wconf 88' lang='lat' dir='ltr'><em>excusum</em></span> 
     </span>
     <span class='ocr_line' id='line_1_23' title="bbox 266 1881 1677 1932; baseline 0 -13"><span class='ocrx_word' id='word_1_194' title='bbox 266 1887 336 1919; x_wconf 85' lang='lat' dir='ltr'><em>est.</em></span> <span class='ocrx_word' id='word_1_195' title='bbox 368 1903 418 1910; x_wconf 93' lang='lat'><em>—-</em></span> <span class='ocrx_word' id='word_1_196' title='bbox 477 1883 686 1920; x_wconf 80' lang='lat' dir='ltr'><em>Caeterum</em></span> <span class='ocrx_word' id='word_1_197' title='bbox 705 1882 748 1919; x_wconf 87' lang='lat' dir='ltr'><em>in</em></span> <span class='ocrx_word' id='word_1_198' title='bbox 768 1881 829 1919; x_wconf 84' lang='lat' dir='ltr'><em>his</em></span> <span class='ocrx_word' id='word_1_199' title='bbox 856 1882 989 1920; x_wconf 80' lang='lat' dir='ltr'><em>verbis</em></span> <span class='ocrx_word' id='word_1_200' title='bbox 1016 1882 1159 1919; x_wconf 88' lang='lat' dir='ltr'><em>vitium</em></span> <span class='ocrx_word' id='word_1_201' title='bbox 1187 1883 1400 1932; x_wconf 83' lang='lat' dir='ltr'><em>antiquitus</em></span> <span class='ocrx_word' id='word_1_202' title='bbox 1427 1883 1550 1919; x_wconf 83' lang='lat' dir='ltr'><em>latere</em></span> <span class='ocrx_word' id='word_1_203' title='bbox 1580 1882 1677 1919; x_wconf 88' lang='lat' dir='ltr'><em>mihi</em></span> 
     </span>
     <span class='ocr_line' id='line_1_24' title="bbox 265 1946 1676 1996; baseline 0.001 -12"><span class='ocrx_word' id='word_1_204' title='bbox 265 1946 437 1985; x_wconf 82' lang='lat' dir='ltr'><em>videtur.</em></span> <span class='ocrx_word' id='word_1_205' title='bbox 497 1947 652 1996; x_wconf 86' lang='lat' dir='ltr'><strong>Quodsi</strong></span> <span class='ocrx_word' id='word_1_206' title='bbox 672 1948 774 1984; x_wconf 89' lang='lat' dir='ltr'><em>enim</em></span> <span class='ocrx_word' id='word_1_207' title='bbox 793 1947 914 1985; x_wconf 81' lang='lat' dir='ltr'><em>alium</em></span> <span class='ocrx_word' id='word_1_208' title='bbox 934 1947 1101 1985; x_wconf 82' lang='lat' dir='ltr'><em>fluvium</em></span> <span class='ocrx_word' id='word_1_209' title='bbox 1121 1961 1208 1985; x_wconf 89' lang='lat' dir='ltr'><em>cum</em></span> <span class='ocrx_word' id='word_1_210' title='bbox 1226 1948 1423 1986; x_wconf 87' lang='lat' dir='ltr'><em>Rhodano</em></span> <span class='ocrx_word' id='word_1_211' title='bbox 1447 1961 1676 1996; x_wconf 82' lang='lat' dir='ltr'><em>comparare</em></span> 
     </span>
     <span class='ocr_line' id='line_1_25' title="bbox 264 2012 1676 2064; baseline -0.001 -13"><span class='ocrx_word' id='word_1_212' title='bbox 264 2013 466 2061; x_wconf 84' lang='lat' dir='ltr'><em>voluisset,</em></span> <span class='ocrx_word' id='word_1_213' title='bbox 489 2012 605 2051; x_wconf 87' lang='lat' dir='ltr'><em>huius</em></span> <span class='ocrx_word' id='word_1_214' title='bbox 623 2013 803 2063; x_wconf 87' lang='lat' dir='ltr'><em>profecto</em></span> <span class='ocrx_word' id='word_1_215' title='bbox 822 2019 909 2051; x_wconf 88' lang='lat' dir='ltr'><em>tum</em></span> <span class='ocrx_word' id='word_1_216' title='bbox 927 2014 1119 2064; x_wconf 87' lang='lat' dir='ltr'><em>temporis</em></span> <span class='ocrx_word' id='word_1_217' title='bbox 1138 2014 1313 2052; x_wconf 87' lang='lat' dir='ltr'><em>nondum</em></span> <span class='ocrx_word' id='word_1_218' title='bbox 1334 2014 1423 2051; x_wconf 75' lang='lat' dir='ltr'><em>satis</em></span> <span class='ocrx_word' id='word_1_219' title='bbox 1442 2014 1539 2061; x_wconf 83' lang='lat' dir='ltr'><em>noti,</em></span> <span class='ocrx_word' id='word_1_220' title='bbox 1564 2027 1676 2051; x_wconf 90' lang='lat' dir='ltr'><em>men-</em></span> 
     </span>
     <span class='ocr_line' id='line_1_26' title="bbox 264 2079 1677 2130; baseline 0 -13"><span class='ocrx_word' id='word_1_221' title='bbox 264 2080 414 2117; x_wconf 88' lang='lat' dir='ltr'><em>tionem</em></span> <span class='ocrx_word' id='word_1_222' title='bbox 443 2080 620 2128; x_wconf 85' lang='lat' dir='ltr'><em>fecisset,</em></span> <span class='ocrx_word' id='word_1_223' title='bbox 660 2093 825 2130; x_wconf 87' lang='lat' dir='ltr'><em>remque</em></span> <span class='ocrx_word' id='word_1_224' title='bbox 853 2085 1072 2124; x_wconf 84' lang='lat' dir='ltr'><em>narrasset,</em></span> <span class='ocrx_word' id='word_1_225' title='bbox 1111 2079 1159 2116; x_wconf 86' lang='lat' dir='ltr'><em>de</em></span> <span class='ocrx_word' id='word_1_226' title='bbox 1189 2093 1265 2130; x_wconf 87' lang='lat' dir='ltr'><em>qua</em></span> <span class='ocrx_word' id='word_1_227' title='bbox 1290 2079 1553 2118; x_wconf 82' lang='lat' dir='ltr'><em>conferendus</em></span> <span class='ocrx_word' id='word_1_228' title='bbox 1581 2093 1677 2130; x_wconf 86' lang='lat' dir='ltr'><em>prae</em></span> 
     </span>
     <span class='ocr_line' id='line_1_27' title="bbox 265 2144 1676 2196; baseline -0.001 -12"><span class='ocrx_word' id='word_1_229' title='bbox 265 2146 428 2184; x_wconf 84' lang='lat' dir='ltr'><em>caeteris</em></span> <span class='ocrx_word' id='word_1_230' title='bbox 457 2144 705 2196; x_wconf 83' lang='lat' dir='ltr'><em>Polybius</em></span> <span class='ocrx_word' id='word_1_231' title='bbox 734 2146 860 2193; x_wconf 90' lang='lat' dir='ltr'>XVI,</span> <span class='ocrx_word' id='word_1_232' title='bbox 884 2148 957 2195; x_wconf 88' lang='lat'><em>17,</em></span> <span class='ocrx_word' id='word_1_233' title='bbox 987 2146 1020 2183; x_wconf 86' lang='lat' dir='ltr'><em>si</em></span> <span class='ocrx_word' id='word_1_234' title='bbox 1039 2146 1199 2183; x_wconf 85' lang='lat' dir='ltr'><em>omnino</em></span> <span class='ocrx_word' id='word_1_235' title='bbox 1220 2146 1262 2183; x_wconf 86' lang='lat' dir='ltr'><em>in</em></span> <span class='ocrx_word' id='word_1_236' title='bbox 1281 2159 1326 2184; x_wconf 84' lang='lat' dir='ltr'><em>re</em></span> <span class='ocrx_word' id='word_1_237' title='bbox 1344 2147 1544 2184; x_wconf 86' lang='lat' dir='ltr'><em>notissima</em></span> <span class='ocrx_word' id='word_1_238' title='bbox 1566 2146 1676 2183; x_wconf 88' lang='lat' dir='ltr'><em>testi-</em></span> 
     </span>
     <span class='ocr_line' id='line_1_28' title="bbox 264 2208 1675 2263; baseline -0.001 -13"><span class='ocrx_word' id='word_1_239' title='bbox 264 2213 399 2250; x_wconf 85' lang='lat' dir='ltr'><em>monio</em></span> <span class='ocrx_word' id='word_1_240' title='bbox 421 2225 519 2263; x_wconf 87' lang='lat' dir='ltr'><em>opus</em></span> <span class='ocrx_word' id='word_1_241' title='bbox 537 2217 609 2250; x_wconf 89' lang='lat' dir='ltr'><em>est.</em></span> <span class='ocrx_word' id='word_1_242' title='bbox 665 2208 847 2256; x_wconf 87' lang='lat' dir='ltr'><em>Accedit,</em></span> <span class='ocrx_word' id='word_1_243' title='bbox 878 2211 984 2262; x_wconf 87' lang='lat' dir='ltr'><em>quod</em></span> <span class='ocrx_word' id='word_1_244' title='bbox 1002 2226 1117 2250; x_wconf 89' lang='lat' dir='ltr'><em>nemo</em></span> <span class='ocrx_word' id='word_1_245' title='bbox 1137 2213 1254 2250; x_wconf 84' lang='lat' dir='ltr'><em>istum</em></span> <span class='ocrx_word' id='word_1_246' title='bbox 1276 2213 1453 2260; x_wconf 89' lang='lat' dir='ltr'><em>fluvium,</em></span> <span class='ocrx_word' id='word_1_247' title='bbox 1479 2212 1675 2251; x_wconf 86' lang='lat' dir='ltr'><em>Rhodano</em></span> 
     </span>
     <span class='ocr_line' id='line_1_29' title="bbox 264 2279 1676 2329; baseline -0.001 -13"><span class='ocrx_word' id='word_1_248' title='bbox 264 2292 345 2316; x_wconf 87' lang='lat' dir='ltr'><em>non</em></span> <span class='ocrx_word' id='word_1_249' title='bbox 371 2279 567 2316; x_wconf 87' lang='lat' dir='ltr'><em>minorem</em></span> <span class='ocrx_word' id='word_1_250' title='bbox 590 2279 751 2316; x_wconf 86' lang='lat' dir='ltr'><em>nomine</em></span> <span class='ocrx_word' id='word_1_251' title='bbox 778 2292 924 2317; x_wconf 85' lang='lat' dir='ltr'><em>vocare</em></span> <span class='ocrx_word' id='word_1_252' title='bbox 943 2279 1140 2329; x_wconf 86' lang='lat' dir='ltr'><em>potuerit:</em></span> <span class='ocrx_word' id='word_1_253' title='bbox 1173 2279 1249 2316; x_wconf 88' lang='lat' dir='ltr'><em>nisi</em></span> <span class='ocrx_word' id='word_1_254' title='bbox 1269 2279 1375 2329; x_wconf 87' lang='lat' dir='ltr'><em>quod</em></span> <span class='ocrx_word' id='word_1_255' title='bbox 1402 2279 1676 2318; x_wconf 85' lang='lat' dir='ltr'><em>Vicomer·</em></span> 
     </span>
     <span class='ocr_line' id='line_1_30' title="bbox 264 2345 1674 2396; baseline -0.001 -14"><span class='ocrx_word' id='word_1_256' title='bbox 264 2352 407 2383; x_wconf 84' lang='lat' dir='ltr'><em>catus</em></span> <span class='ocrx_word' id='word_1_257' title='bbox 435 2346 648 2396; x_wconf 84' lang='lat' dir='ltr'><em>suspicatus</em></span> <span class='ocrx_word' id='word_1_258' title='bbox 669 2351 741 2390; x_wconf 88' lang='lat' dir='ltr'><em>est,</em></span> <span class='ocrx_word' id='word_1_259' title='bbox 771 2345 921 2383; x_wconf 84' lang='lat' dir='ltr'><em>Padum</em></span> <span class='ocrx_word' id='word_1_260' title='bbox 940 2345 1180 2383; x_wconf 84' lang='lat' dir='ltr'><em>intellectum</em></span> <span class='ocrx_word' id='word_1_261' title='bbox 1201 2359 1283 2382; x_wconf 88' lang='lat' dir='ltr'><em>esse</em></span> <span class='ocrx_word' id='word_1_262' title='bbox 1301 2345 1348 2382; x_wconf 83' lang='lat' dir='ltr'><em>ab</em></span> <span class='ocrx_word' id='word_1_263' title='bbox 1376 2345 1674 2389; x_wconf 85' lang='lat' dir='ltr'><em>Aristotele,</em></span> 
     </span>
     <span class='ocr_line' id='line_1_31' title="bbox 263 2408 1674 2462; baseline -0.003 -13"><span class='ocrx_word' id='word_1_264' title='bbox 263 2412 331 2462; x_wconf 87' lang='lat' dir='ltr'><em>qui</em></span> <span class='ocrx_word' id='word_1_265' title='bbox 352 2426 374 2449; x_wconf 94' lang='lat' dir='ltr'><em>e</em></span> <span class='ocrx_word' id='word_1_266' title='bbox 391 2412 540 2462; x_wconf 87' lang='lat' dir='ltr'><em>gremio</em></span> <span class='ocrx_word' id='word_1_267' title='bbox 553 2411 689 2450; x_wconf 88' lang='lat' dir='ltr'><em>Vesuli</em></span> <span class='ocrx_word' id='word_1_268' title='bbox 710 2412 854 2449; x_wconf 76' lang='lat' dir='ltr'><em>montis</em></span> <span class='ocrx_word' id='word_1_269' title='bbox 877 2413 918 2449; x_wconf 91' lang='lat' dir='ltr'><em>in</em></span> <span class='ocrx_word' id='word_1_270' title='bbox 935 2412 1190 2449; x_wconf 86' lang='lat' dir='ltr'><em>celsissimum</em></span> <span class='ocrx_word' id='word_1_271' title='bbox 1211 2424 1394 2459; x_wconf 69' lang='lat' dir='ltr'><em>cacumen</em></span> <span class='ocrx_word' id='word_1_272' title='bbox 1417 2411 1507 2449; x_wconf 79' lang='lat' dir='ltr'><em>elati</em></span> <span class='ocrx_word' id='word_1_273' title='bbox 1525 2411 1566 2447; x_wconf 89' lang='lat' dir='ltr'><em>in</em></span> <span class='ocrx_word' id='word_1_274' title='bbox 1584 2408 1674 2445; x_wconf 82' lang='lat' dir='ltr'><em>fini-</em></span> 
     </span>
     <span class='ocr_line' id='line_1_32' title="bbox 263 2477 1672 2528; baseline -0.003 -14"><span class='ocrx_word' id='word_1_275' title='bbox 263 2477 336 2515; x_wconf 93' lang='lat' dir='ltr'><em>bus</em></span> <span class='ocrx_word' id='word_1_276' title='bbox 354 2479 548 2528; x_wconf 87' lang='lat' dir='ltr'><em>Ligurum</em></span> <span class='ocrx_word' id='word_1_277' title='bbox 562 2479 858 2528; x_wconf 84' lang='lat' dir='ltr'><em>Vagiennorum</em></span> <span class='ocrx_word' id='word_1_278' title='bbox 878 2478 1063 2528; x_wconf 87' lang='lat' dir='ltr'><em>profluit,</em></span> <span class='ocrx_word' id='word_1_279' title='bbox 1094 2479 1204 2516; x_wconf 85' lang='lat' dir='ltr'><em>fonte</em></span> <span class='ocrx_word' id='word_1_280' title='bbox 1222 2478 1402 2515; x_wconf 82' lang='lat' dir='ltr'><em>omnibus</em></span> <span class='ocrx_word' id='word_1_281' title='bbox 1431 2483 1543 2523; x_wconf 83' lang='lat' dir='ltr'><em>noto,</em></span> <span class='ocrx_word' id='word_1_282' title='bbox 1578 2487 1672 2511; x_wconf 87' lang='lat' dir='ltr'><em>con-</em></span> 
     </span>
     <span class='ocr_line' id='line_1_33' title="bbox 265 2540 1674 2606; baseline -0.004 -26"><span class='ocrx_word' id='word_1_283' title='bbox 265 2543 400 2606; x_wconf 45' lang='lat' dir='ltr'><em>ditqlic</em></span> <span class='ocrx_word' id='word_1_284' title='bbox 420 2558 502 2581; x_wconf 83' lang='lat' dir='ltr'><em>sese</em></span> <span class='ocrx_word' id='word_1_285' title='bbox 522 2545 726 2588; x_wconf 84' lang='lat' dir='ltr'><em>cuniculo,</em></span> <span class='ocrx_word' id='word_1_286' title='bbox 758 2550 796 2581; x_wconf 90' lang='lat' dir='ltr'><em>et</em></span> <span class='ocrx_word' id='word_1_287' title='bbox 819 2545 860 2581; x_wconf 92' lang='lat' dir='ltr'><em>in</em></span> <span class='ocrx_word' id='word_1_288' title='bbox 881 2545 1224 2582; x_wconf 84' lang='lat' dir='ltr'><em>Forovibicnsium</em></span> <span class='ocrx_word' id='word_1_289' title='bbox 1253 2557 1346 2593; x_wconf 86' lang='lat' dir='ltr'><em>agro</em></span> <span class='ocrx_word' id='word_1_290' title='bbox 1374 2542 1516 2579; x_wconf 86' lang='lat' dir='ltr'><em>iterum</em></span> <span class='ocrx_word' id='word_1_291' title='bbox 1539 2540 1674 2576; x_wconf 82' lang='lat' dir='ltr'><em>exori-</em></span> 
     </span>
     <span class='ocr_line' id='line_1_34' title="bbox 263 2604 1674 2657; baseline -0.004 -11"><span class='ocrx_word' id='word_1_292' title='bbox 263 2616 343 2657; x_wconf 80' lang='lat' dir='ltr'><em>tur,</em></span> <span class='ocrx_word' id='word_1_293' title='bbox 363 2611 462 2647; x_wconf 84' lang='lat' dir='ltr'><em>nulli</em></span> <span class='ocrx_word' id='word_1_294' title='bbox 482 2604 658 2648; x_wconf 36' lang='lat' dir='ltr'><em>amnium*</em></span> <span class='ocrx_word' id='word_1_295' title='bbox 676 2611 850 2648; x_wconf 84' lang='lat' dir='ltr'><em>claritate</em></span> <span class='ocrx_word' id='word_1_296' title='bbox 868 2611 1048 2649; x_wconf 83' lang='lat' dir='ltr'><em>inferior.</em></span> <span class='ocrx_word' id='word_1_297' title='bbox 1080 2611 1209 2649; x_wconf 85' lang='lat' dir='ltr'><em>Etiam</em></span> <span class='ocrx_word' id='word_1_298' title='bbox 1230 2611 1280 2647; x_wconf 89' lang='lat' dir='ltr'><em>G.</em></span> <span class='ocrx_word' id='word_1_299' title='bbox 1301 2609 1349 2646; x_wconf 88' lang='lat' dir='ltr'><em>de</em></span> <span class='ocrx_word' id='word_1_300' title='bbox 1363 2607 1470 2645; x_wconf 82' lang='lat' dir='ltr'><em>Pado</em></span> <span class='ocrx_word' id='word_1_301' title='bbox 1487 2606 1674 2655; x_wconf 85' lang='lat' dir='ltr'><em>cogitavit</em></span> 
     </span>
     <span class='ocr_line' id='line_1_35' title="bbox 248 2663 1673 2727; baseline -0.003 -15"><span class='ocrx_word' id='word_1_302' title='bbox 248 2663 312 2712; x_wconf 63' lang='lat' dir='ltr'><em>&gt;ad</em></span> <span class='ocrx_word' id='word_1_303' title='bbox 341 2677 572 2714; x_wconf 85' lang='lat' dir='ltr'><em>Plinium</em></span> <span class='ocrx_word' id='word_1_304' title='bbox 598 2679 676 2721; x_wconf 90' lang='lat' dir='ltr'>III,</span> <span class='ocrx_word' id='word_1_305' title='bbox 705 2680 754 2713; x_wconf 80' lang='lat'><em>16</em></span> <span class='ocrx_word' id='word_1_306' title='bbox 785 2690 856 2713; x_wconf 88' lang='lat' dir='ltr'><em>nos</em></span> <span class='ocrx_word' id='word_1_307' title='bbox 879 2677 1077 2727; x_wconf 69' lang='lat' dir='ltr'><em>ablegatis,</em></span> <span class='ocrx_word' id='word_1_308' title='bbox 1104 2676 1210 2714; x_wconf 88' lang='lat' dir='ltr'><em>unde</em></span> <span class='ocrx_word' id='word_1_309' title='bbox 1233 2687 1301 2712; x_wconf 86' lang='lat' dir='ltr'><em>sua</em></span> <span class='ocrx_word' id='word_1_310' title='bbox 1323 2673 1480 2724; x_wconf 85' lang='lat' dir='ltr'><em>repetiit</em></span> <span class='ocrx_word' id='word_1_311' title='bbox 1507 2672 1673 2710; x_wconf 89' lang='lat' dir='ltr'><em>Vico—</em></span> 
     </span>
     <span class='ocr_line' id='line_1_36' title="bbox 263 2732 1673 2793; baseline -0.001 -15"><span class='ocrx_word' id='word_1_312' title='bbox 263 2748 471 2780; x_wconf 81' lang='lat' dir='ltr'><em>mercatus.</em></span> <span class='ocrx_word' id='word_1_313' title='bbox 528 2745 593 2780; x_wconf 91' lang='lat' dir='ltr'><em>De</em></span> <span class='ocrx_word' id='word_1_314' title='bbox 615 2742 723 2779; x_wconf 83' lang='lat' dir='ltr'><em>Pado</em></span> <span class='ocrx_word' id='word_1_315' title='bbox 753 2743 1000 2793; x_wconf 83' lang='lat' dir='ltr'><em>Polybius</em></span> <span class='ocrx_word' id='word_1_316' title='bbox 1028 2744 1078 2781; x_wconf 88' lang='lat' dir='ltr'><em>II.</em></span> <span class='ocrx_word' id='word_1_317' title='bbox 1109 2755 1148 2791; x_wconf 86' lang='lat' dir='ltr'><em>p.</em></span> <span class='ocrx_word' id='word_1_318' title='bbox 1169 2739 1247 2778; x_wconf 81' lang='lat'><em>104</em></span> <span class='ocrx_word' id='word_1_319' title='bbox 1267 2742 1312 2778; x_wconf 91' lang='grc' dir='ltr'><em>Β.</em></span> <span class='ocrx_word' id='word_1_320' title='bbox 1342 2738 1447 2776; x_wconf 74' lang='lat' dir='ltr'><em>Cas:</em></span> <span class='ocrx_word' id='word_1_321' title='bbox 1477 2732 1496 2775; x_wconf 82' lang='grc' dir='ltr'><strong><em>ὃ</em></strong></span> <span class='ocrx_word' id='word_1_322' title='bbox 1516 2735 1559 2776; x_wconf 74' lang='grc' dir='ltr'><em>δὲ</em></span> <span class='ocrx_word' id='word_1_323' title='bbox 1579 2737 1673 2776; x_wconf 87' lang='grc' dir='ltr'><strong><em>Πα-</em></strong></span> 
     </span>
     <span class='ocr_line' id='line_1_37' title="bbox 264 2801 1671 2858; baseline -0.001 -14"><span class='ocrx_word' id='word_1_324' title='bbox 264 2802 334 2852; x_wconf 77' lang='grc' dir='ltr'><em>δὸς</em></span> <span class='ocrx_word' id='word_1_325' title='bbox 362 2804 561 2857; x_wconf 84' lang='grc' dir='ltr'><strong><em>ποταμός,</em></strong></span> <span class='ocrx_word' id='word_1_326' title='bbox 604 2802 680 2846; x_wconf 69' lang='grc' dir='ltr'><em>ὕπὸ</em></span> <span class='ocrx_word' id='word_1_327' title='bbox 712 2805 754 2846; x_wconf 78' lang='grc' dir='ltr'><em>δὲ</em></span> <span class='ocrx_word' id='word_1_328' title='bbox 783 2809 863 2846; x_wconf 81' lang='grc' dir='ltr'><em>τῶν</em></span> <span class='ocrx_word' id='word_1_329' title='bbox 898 2809 1072 2858; x_wconf 80' lang='grc' dir='ltr'><strong><em>ποιητῶν</em></strong></span> <span class='ocrx_word' id='word_1_330' title='bbox 1106 2801 1324 2856; x_wconf 76' lang='grc' dir='ltr'><strong><em>Ἠριὸανὸς</em></strong></span> <span class='ocrx_word' id='word_1_331' title='bbox 1357 2801 1671 2855; x_wconf 75' lang='grc' dir='ltr'><strong><em>θρυλλούμενος,</em></strong></span> 
     </span>
    </p>
   </div>
  </div>
 </body>
</html>
