1774 3198
491 180 514 194 f

295 334 390 378 450
513 339 958 381 COMMENTARIUS
988 341 1048 378 IN
1070 342 1472 382 METEOROLOG.

295 453 460 490 humore
475 452 670 500 pluviali.
685 470 737 477 —
764 452 829 497 De
842 449 1015 488 fontibus
1031 449 1240 501 periodicis
1262 449 1415 488 abunde
1437 453 1516 502 egit
1542 455 1693 491 Beck-

296 531 502 556 mannus
530 517 580 554 ad
607 516 848 566 Antigon.
890 515 1086 566 caryst.
1126 529 1158 554 c.
1189 518 1279 554 178.
1321 516 1371 554 ad
1401 516 1617 556 Aristot.
1648 520 1696 556 cle

295 582 471 620 mirabil.
493 581 663 618 ausc-ult.
695 595 727 618 c.
748 583 810 619 55.
839 595 875 632 p.
899 584 989 619 113.
1021 602 1074 609 --
1102 577 1166 619 ἀεί
1190 582 1335 620 omittit
1354 584 1399 620 E.
1431 604 1479 611 -
1509 580 1697 630 ἀεννάους

293 649 355 686 hic
375 654 413 684 et
436 647 552 698 paulo
576 652 663 697 post
681 648 725 684 F.
748 648 798 685 H.
817 647 866 685 N.
881 647 927 684 A.
941 647 1051 685 Cam.
1069 647 1108 684 S.
1124 648 1208 686 Cas.
1227 647 1295 684 sed
1315 648 1356 685 in
1377 649 1502 687 soluta
1521 650 1698 688 oratione

295 714 435 764 ubique
452 712 737 750 restituendum
758 725 839 750 esse
859 708 1014 762 ἀέναος,
1039 712 1174 778 ᾶςϋιιὶῐ
1188 715 1220 751 Β
1233 726 1320 751 ern
1334 713 1358 750 h
1371 714 1496 765 ardy
1512 715 1561 752 ad
1581 716 1697 753 Dio-

292 793 393 830 nys
421 779 625 828 Periegmes
656 780 774 816 1055.
801 791 837 828 p.
858 782 949 825 806,
979 791 1096 828 quem
1118 778 1182 816 adi
1204 785 1294 829 post
1321 779 1698 832 Schellenberg

294 845 344 882 ad
379 843 673 883 Antimachi
709 840 857 894 Relltq.
904 858 942 895 p.
977 847 1043 882 71.
1101 845 1373 884 Heindorf
1411 846 1462 884 ad
1501 847 1697 885 Platon.

295 891 471 947 Phaedr.
503 923 542 960 p.
564 914 669 955 238,
697 910 905 949 Boeckh
933 910 983 948 ad
1010 910 1209 949 Pindar.
1237 923 1274 961 p.
1295 910 1376 950 482
1403 925 1459 963 sq.
1501 919 1542 951 et
1567 914 1697 951 Her-

293 989 438 1014 mann
477 976 528 1013 ad
553 977 732 1027 Eurip.
771 977 859 1014 Ion.
900 990 941 1015 v.
972 979 1064 1016 117.
1097 990 1136 1029 Ρ.
1168 979 1232 1015 13.
1291 973 1503 1024 ἀένναος
1538 979 1698 1016 iubente

292 1048 420 1080 metro
444 1048 502 1078 est
520 1042 626 1092 apud
645 1042 975 1093 Aristophan.
1004 1045 1115 1081 Ran.
1138 1045 1257 1081 1316.
1287 1043 1346 1081 ed.
1376 1044 1616 1083 Dindorf.
1642 1066 1698 1072 -

292 1103 388 1146 εἶναι
419 1108 563 1145 omittit
580 1110 669 1158 Bag.
699 1129 752 1135 —
782 1104 848 1145 διά
869 1110 1014 1146 omittit
1033 1111 1078 1148 E.
1097 1130 1152 1137 —
1179 1108 1549 1161 παραναλίσκεσθαι
1571 1110 1623 1147 N.
1645 1132 1696 1138 ·—

292 1174 405 1212 Idem
426 1173 551 1210 codex
572 1173 731 1211 exhibet
752 1170 822 1211 τὸν
843 1170 997 1226 ὄμβρον
1014 1188 1091 1224 pro
1119 1171 1164 1213 τὸ
1189 1171 1369 1227 ὄμβριον.
1386 1195 1441 1204 --
1468 1173 1509 1214 ἓν
1526 1181 1616 1213 ante
1639 1177 1697 1228 τῷ

288 1240 450 1289 χειμῶνι
468 1239 586 1277 ‘deest
604 1240 645 1276 in
667 1241 713 1277 E.
735 1259 785 1265 —
816 1234 934 1284 ὅσους
958 1253 1033 1290 pro
1053 1236 1162 1285 ὅσοις
1180 1240 1226 1276 Ε.
1255 1238 1362 1280 ὅσων
1379 1243 1430 1280 A.
1451 1263 1506 1270 --
1530 1237 1698 1287 τούτους

294 1302 342 1355 δή
372 1308 418 1344 F.
434 1302 488 1343 A.
506 1306 614 1344 Cam.
637 1305 679 1343 P.
700 1306 741 1343 S.
759 1305 845 1344 Cas.
875 1302 922 1343 δέ
933 1318 1095 1357 prorsus
1116 1306 1283 1344 omisere
1301 1308 1353 1345 H.
1372 1308 1427 1346 N.
1454 1328 1509 1334 —
1537 1306 1696 1360 φθίνειν

293 1385 366 1422 pro
386 1367 556 1424 φθάνειν
575 1370 625 1407 N.

405 1441 443 1475 8.
473 1437 556 1476 Vix
578 1448 678 1487 opus
697 1442 772 1486 est,
798 1442 844 1475 ut
864 1449 1100 1486 moneamus,
1130 1437 1439 1488 egregie-falsum
1465 1452 1546 1477 esse
1564 1438 1636 1476 hac
1654 1440 1695 1476 in

293 1518 338 1541 re
355 1501 626 1551 Aristotelem,
646 1503 752 1554 quod
768 1504 1119 1541 instrumentorum
1139 1504 1249 1552 ratio,
1268 1505 1407 1555 quibus
1425 1518 1531 1542 nunc
1547 1505 1697 1542 utimur

294 1577 332 1607 et
355 1583 452 1620 quae
481 1570 566 1608 sive
594 1569 966 1618 ombrometra,
995 1570 1080 1608 sive
1106 1569 1430 1620 hyetometra
1456 1571 1541 1608 sive
1569 1571 1697 1608 udo-

294 1641 451 1673 metra
476 1642 543 1673 aut
561 1636 638 1673 alio
659 1635 827 1686 denique
842 1636 1002 1673 nomine
1019 1649 1164 1674 vocare
1183 1636 1363 1684 solemus,
1390 1637 1481 1674 satis
1501 1650 1698 1687 superque

293 1702 447 1752 probat.
503 1703 673 1740 Necesse
701 1702 806 1739 enim
831 1708 934 1749 erat,
972 1702 1080 1752 quod
1105 1716 1186 1739 non
1215 1702 1496 1741 animadvertit
1521 1702 1699 1753 philoso-

292 1767 406 1818 phus,
435 1781 588 1816 cavere,
616 1781 667 1805 ne
689 1767 782 1818 quid
804 1781 993 1818 aquarum
1020 1781 1071 1805 ex
1087 1768 1349 1806 adiacentibus
1367 1769 1461 1806 locis
1479 1775 1609 1819 posset
1627 1768 1698 1806 ad-

292 1832 428 1871 fluere.
448 1855 504 1863 --
531 1834 611 1871 Pro
629 1831 796 1872 ἐλλείποι
816 1829 870 1872 F.
882 1835 1010 1884 prima
1030 1847 1148 1871 manu
1168 1833 1327 1872 exhibet
1347 1832 1533 1883 ἐλλείπει,
1562 1835 1614 1873 N.
1634 1832 1699 1872 ἐλ-

295 1897 410 1936 λίποι.
439 1901 484 1937 F.
504 1899 667 1949 praebet
686 1899 801 1936 ..iam
823 1896 1075 1949 ἐνδεχόμενον
1094 1913 1169 1950 pro
1191 1897 1411 1949 δεχόμενον.

405 1967 442 2003 9.
476 1960 579 2002 ἀλλὰ
606 1962 726 2014 δῆλον
754 1961 826 2013 μὲν
854 1961 1010 2003 ὅτι-καὶ
1040 1963 1246 2015 συμβαίνει
1266 1963 1331 2003 καὶ
1347 1966 1397 2003 Ν.
1427 1961 1488 2004 ὅτι
1509 1964 1574 2004 καὶ
1593 1976 1697 2015 συμ-

292 2020 749 2078 βαίνειπολλά-οωίεεὶε
765 2027 839 2080 μὲν
867 2028 931 2068 καὶ
959 2031 1007 2068 Α.
1029 2031 1136 2070 cam.
1159 2033 1205 2069 P.
1229 2032 1313 2070 Cas.
1355 2026 1456 2069 ἀλλὰ
1487 2030 1608 2082 δῆλον
1636 2028 1696 2070 ὅτι

294 2093 497 2145 συμβαίνει
524 2093 598 2145 μὲν
627 2094 691 2134 καὶ
712 2093 842 2134 πολλά
868 2098 915 2134 F.
936 2097 987 2134 H.
1010 2097 1050 2134 S.
1069 2098 1111 2135 P.
1167 2097 1252 2135 Nos
1271 2098 1436 2135 fecimus
1455 2111 1543 2136 cum
1561 2097 1608 2135 E.
1628 2097 1695 2148 qui

291 2158 363 2210 μέν
372 2174 534 2212 prorsus
547 2163 701 2210 omittit,
712 2168 750 2200 et
761 2169 852 2213 post
858 2163 930 2213 γῆς
940 2162 1089 2200 maiore
1103 2162 1351 2201 distinximus
1367 2163 1696 2214 interpunctione.

293 2247 345 2256 —
375 2227 577 2277 πολλαχοῦ
605 2230 652 2267 F.
674 2230 727 2266 H.
749 2229 802 2266 N.
831 2250 886 2257 —
929 2229 1094 2266 Sensum
1126 2230 1342 2267 verborum
1375 2229 1475 2267 bene
1508 2230 1697 2280 explicuit

293 2293 589 2332 Alexander
615 2294 686 2333 fol.
711 2297 775 2342 87,
793 2307 834 2332 a·
866 2290 927 2333 ὅτι
945 2289 1042 2332 εἶναι
1056 2292 1141 2344 μέν
1168 2309 1279 2341 τινας
1307 2293 1372 2333 καὶ
1399 2292 1587 2341 τοιαύτας
1613 2309 1696 2334 κοι-

293 2354 462 2435 ὶέότητας
491 2356 531 2396 ἐν
559 2360 608 2412 τῇ
637 2361 687 2412 γῇ
724 2357 952 2412 χωρητικὰς
986 2356 1134 2407 ὕδατος
1169 2358 1284 2400 οὐδὲν
1312 2359 1573 2412 θαυμαστόν,
1624 2355 1690 2411 ἀφ’

293 2414 348 2461 ὧν
360 2412 652 2477 πληρωθεισῶν
679 2427 751 2464 τοῦ
776 2428 970 2477 χειμῶνος
997 2422 1218 2479 ἀπόρρυσιν
1235 2426 1419 2480 γίνεσθαί
1433 2441 1532 2466 τινα.
1562 2426 1695 2465 Verba

293 2485 338 2526 οὗ
365 2484 444 2540 μήν
471 2491 682 2530 omittitE.
712 2514 767 2520 --
800 2491 944 2543 νομίζει
968 2506 1041 2543 pro
1062 2492 1213 2543 νομίζοι
1243 2495 1290 2532 Ε.
1307 2496 1354 2532 F.
1377 2494 1429 2531 N.
1449 2513 1504 2519 --
1537 2486 1557 2529 ὃ
1578 2487 1695 2540 ατμί-

293 2552 366 2601 ζων
395 2552 485 2606 ἀήρ.
522 2557 594 2595 cst.
623 2558 673 2596 ad
700 2561 740 2607 I,
773 2562 816 2606 3,
849 2561 912 2597 15.
942 2580 997 2587 -—
1023 2555 1135 2612 ὕδωρ
1163 2556 1208 2598 τὸ
1237 2554 1541 2609 ἀποκεκριμένον
1567 2558 1613 2594 F.
1642 2577 1694 2585 -

290 2622 433 2660 Verbis
471 2619 574 2661 ἀλλὰ
610 2622 675 2661 καὶ
709 2622 889 2675 γίνεσθαι
919 2626 1089 2674 συνεχῶς
1124 2626 1285 2676 respicit
1320 2623 1370 2659 ad
1397 2621 1597 2672 superiora
1627 2622 1693 2659 illa

291 2686 356 2724 καὶ
383 2685 486 2727 τοῦτ’
518 2686 713 2739 ἐνδελεχὲς
740 2686 868 2728 ἐθέλει
898 2688 1078 2741 γίνεσθαι
1107 2687 1208 2729 κατά
1236 2703 1277 2741 γε
1303 2685 1375 2738 τὴν
1400 2683 1523 2732 τάξιν·
1553 2689 1585 2735 I,
1607 2691 1693 2737 9‚6,

292 2751 359 2789 ubi
384 2752 434 2790 de
459 2755 711 2803 generatione
735 2768 858 2805 aquae
886 2757 926 2794 in
953 2757 1158 2807 superiore
1185 2757 1271 2793 loco
1297 2754 1458 2802 eiusque
1485 2752 1617 2791 reditu
1642 2754 1693 2791 ad
