1774 3198
444 355 664 396 LIBRUM
694 353 1027 395 SECUNDUM.
1083 354 1155 394 CA
1162 354 1204 393 P.
1217 354 1270 393 V.
1503 346 1595 390 567

156 484 298 508 reum
338 469 388 508 ad
419 468 680 511 Cleomed.
708 471 888 508 Meteor.
914 453 1031 518 1,‘2.
1067 469 1110 520 p.
1136 469 1219 506 288
1246 479 1304 519 sq.
1344 466 1407 506 ed.
1437 469 1596 518 Bake,

155 537 332 576 indicavi
361 537 578 576 Meteorol.
609 544 690 576 vet.
721 538 792 576 Gr.
818 544 859 575 et
885 533 1004 575 Rom.
1041 537 1130 586 XI,
1162 537 1228 575 50.
1258 548 1301 587 p.
1320 536 1401 574 208
1426 548 1510 588 sqq.
1540 557 1595 564 —-

156 601 227 643 τὸν
257 601 301 643 ‹5’
327 600 449 644 αὐτὸν
478 601 632 658 τρόπον
667 603 734 644 καὶ
765 599 869 656 πρός
896 605 943 643 F.
975 627 1027 633 ——
1058 599 1232 642 δυνατόν
1259 616 1337 654 pro
1366 599 1519 642 δυνατά
1547 605 1594 643 F.

156 672 212 711 H.
234 670 290 710 N.
334 672 503 725 Olymp.
529 673 599 712 fol.
625 672 702 721 42,
722 686 758 712 a.
791 674 900 713 Cam.
936 659 1109 725 WCaS.
1138 685 1195 700 ·--
1223 667 1466 710 ἒπέκεινα
1495 671 1595 710 τῶν

154 741 361 793 τροπῶν
395 741 510 779 ultra
533 743 718 791 tropicos
738 742 919 792 circulos
943 753 996 779 sc.
1025 753 1048 778 a
1064 745 1180 791 parte
1204 737 1479 777 habitabilium
1510 744 1595 777 ter-

153 821 223 846 rae
242 809 470 860 regionum,
501 808 551 847 de
572 808 716 860 quibus
742 809 864 861 paulo
891 815 985 847 ante
1013 807 1192 857 dixerat,
1223 813 1269 845 ut
1287 807 1339 846 sit
1356 806 1464 845 idem
1487 806 1595 858 quod

153 877 267 914 intra
293 879 492 926 tropicos.
522 898 578 906 -—
606 876 689 916 τῶν
712 882 805 915 ante
836 877 1000 930 τροπῶν
1031 875 1178 914 omittit
1200 876 1250 914 E.
1282 876 1364 914 τῶν
1392 875 1595 927 τροπικῶν

151 943 248 994 legit
275 943 478 996 Olymp.
511 945 584 984 τοῦ
611 944 806 998 τροπικοῦ
830 945 940 983 Cam.
962 932 1042 997 W
1065 943 1154 983 Cas.
1212 943 1430 994 vulgatum
1460 948 1594 981 tuetur

152 1010 270 1048 etiam
299 1013 390 1062 Bag.
426 1013 569 1051 ultra
608 1008 898 1052 ver'siones.
929 1032 986 1040 --
1021 1005 1230 1050 ὗπολιπεΐν
1258 1024 1335 1063 pro
1363 1005 1593 1050 ὑπολείπειν

150 1076 205 1115 Η.
228 1077 280 1115 Ν.
300 1097 358 1106 ·-
386 1075 440 1117 τὰ
459 1077 502 1119 δ’
534 1092 612 1132 pro
640 1077 692 1119 τά
712 1077 765 1119 θ’
795 1079 960 1119 exhibet
983 1080 1033 1119 E.
1064 1076 1194 1118 ταῦθ’
1223 1079 1333 1118 Cam.

265 1193 332 1229 12.
364 1188 549 1244 φαίνεται
576 1204 653 1242 pro
681 1179 846 1245 φέρει-ἀι
874 1191 972 1242 legit
999 1188 1155 1243 Olym
1164 1204 1206 1243 p.
1263 1191 1350 1231 Cfr.
1381 1193 1434 1233 V.
1457 1193 1508 1230 L.
1541 1193 1592 1230 ad

147 1258 198 1307 H,
216 1260 258 1303 2,
278 1259 316 1296 5.
339 1280 390 1286 ——
422 1253 558 1297 §ante
579 1255 780 1312 στέφανος
798 1259 946 1298 omittit
969 1259 1017 1298 E.
1074 1260 1149 1298 Est
1177 1272 1370 1298 corona
1398 1260 1591 1298 borea-
1621 1257 1624 1260 ’

145 1324 237 1371 lis,
276 1337 392 1375 quam
412 1326 568 1377 primus
598 1327 952 1373 Pto1emaeus‚
991 1326 1143 1365 addens
1171 1326 1409 1365 borealis
1441 1340 1591 1365 nomen

144 1391 193 1429 ab
224 1391 385 1430 australi
416 1393 612 1433 distinxit.
649 1395 724 1435 cfr.
755 1394 939 1434 Ideler
974 1392 1107 1432 Ueber
1135 1392 1216 1431 den
1247 1393 1476 1445 Ursprung
1506 1393 1595 1432 und

145 1458 212 1496 die
235 1459 489 1512 Bedeutung
509 1461 584 1499 der
604 1462 882 1501 Sternnamen
908 1475 950 1514 p.
972 1463 1025 1501 58
1046 1474 1105 1513 sq.
1125 1483 1182 1490 —-
1210 1456 1315 1499 κατὰ
1343 1462 1491 1500 τοῦτον
1520 1457 1590 1500 τὸν

142 1519 297 1579 τρόπον
325 1527 375 1565 Ε.
435 1528 649 1567 Caeterum
670 1530 849 1568 Athenas
880 1529 994 1568 innui
1020 1529 1101 1569 iam
1124 1528 1344 1579 suspicatus
1368 1535 1427 1567 est
1454 1531 1590 1568 Koe-

143 1593 391 1644 nigmann
421 1595 449 1634 l.
470 1595 496 1634 1.
521 1609 562 1648 p.
589 1601 656 1637 17.
687 1598 770 1637 not.
795 1599 869 1646 55,
901 1596 1099 1650 docetque
1121 1602 1332 1648 computus
1356 1610 1377 1634 a
1399 1611 1463 1635 me
1491 1610 1589 1636 con-

143 1660 283 1699 fectus.
342 1661 404 1700 Sit
433 1663 539 1702 enim

139 2464 220 2515 AQ
251 2464 469 2515 Aequator,
497 2465 586 2503 MN
603 2467 820 2518 eccliptica.
881 2468 1178 2506 Ptolemaei
1208 2466 1334 2520 (Alm.
1363 2470 1457 2509 libr.
1481 2470 1577 2525 VII)

139 2536 267 2569 aetate
293 2530 463 2569 latitudo
494 2545 668 2572 coronae
696 2534 868 2572 borealis
898 2536 967 2573 SD
994 2542 1080 2574 erat
1098 2551 1154 2570 =
1176 2536 1254 2574 440
1277 2534 1339 2586 5¹,
1369 2539 1576 2591 longitudo

139 2600 212 2638 BD
238 2612 293 2633 =
320 2597 380 2639 ἑ
414 2597 493 2636 140
524 2597 616 2649 20¹,
651 2601 826 2654 indeque
854 2603 1178 2642 Aristotelis
1207 2606 1474 2657 temporibus,
1508 2609 1576 2659 qui

140 2665 221 2704 450
241 2666 326 2704 fere
346 2665 459 2704 annis
488 2673 580 2705 ante
607 2668 964 2708 Ptolemaeum
998 2670 1102 2710 vixit
1131 2671 1182 2710 8Ο
1211 2671 1264 2712 5¹.
1307 2674 1488 2726 Angulus
1509 2689 1574 2713 ec—

140 2733 318 2783 clipticae
342 2735 456 2784 DBQ
477 2749 532 2769 =
551 2736 629 2773 230
653 2732 734 2775 51¹.
791 2738 863 2775 Est
883 2736 1005 2788 igitur
1032 2738 1075 2777 in
1100 2736 1140 2778 Δ
1175 2741 1296 2779 SBD:

412 2848 489 2874 cos.
523 2837 583 2875 SB
606 2850 660 2871 =
684 2849 763 2875 cos.
794 2838 876 2877 SD.
915 2853 993 2879 cos.
1016 2843 1089 2880 BD
