1820 3178
408 395 629 437 LIBRUM
654 395 894 435 PRIMUM.
952 394 1070 435 CAP.
1089 394 1205 435 VIII.
1432 385 1526 430 411

98 511 218 549 Plac.
245 508 356 548 Phil.
382 512 462 558 HI,
487 514 506 548 1
522 524 534 548 t
562 503 839 554 Ποσειδώνιος
866 502 997 560 πυρὸς
1023 503 1238 557 σύστασιν,
1275 501 1429 560 ἄστρου
1455 503 1531 557 μὲν

102 574 388 631 λαμπροτέραν
406 577 534 629 (quod
555 591 606 615 ex
625 576 850 614 stobaeo
877 576 919 613 in
937 572 1176 628 μανωτέραν
1194 575 1428 614 mutandum
1445 587 1531 613 esse

98 646 177 684 iam
208 646 275 684 alii
310 642 587 695 docuerunt),
633 641 758 697 αὐγῆς
785 641 830 683 δὲ
858 640 1119 696 πυκνοτέραν.
1179 641 1530 694 Theophrasti

98 714 334 752 sententiam
357 726 480 765 supra
498 712 576 750 alio
598 713 688 750 loco
710 711 982 763 exposuimus.
1020 710 1199 750 Eandem
1218 710 1348 762 tetigit
1361 709 1532 749 Achil-

97 781 173 819 les
203 781 388 819 Tatius
414 781 584 832 Isagog.
607 781 654 817 in
671 779 799 819 Arar.
829 793 860 817 c.
883 781 949 816 24.
967 792 1007 830 p.
1028 782 1097 824 86,
1124 791 1340 831 suppresso
1361 777 1532 816 auctoris

97 848 279 886 nomine:
322 844 437 887 ἄλλοι
468 845 512 886 δὲ
542 846 585 886 ἐκ
615 846 823 898 συμβολῆς
850 846 932 885 τῶν
962 841 1034 885 δύο
1070 841 1347 900 ἡμισφαιρίων
1375 842 1533 898 λέγουσι

98 909 223 954 αὐτὸν
259 913 351 965 [τὸν
380 916 454 955 τοῦ
481 913 675 968 γαλαξίου
705 910 871 964 κύκλον]
909 910 1121 966 γεγονέναι.
1180 914 1265 954 Cfr.
1300 913 1532 954 Macrob.

100 983 235 1021 Somn.
257 984 370 1033 Scip.
400 983 434 1021 Ι.
458 985 522 1022 15.
553 996 594 1034 p.
619 985 673 1021 79
704 981 879 1020 Gron.:
916 980 1224 1031 Theophrastus
1250 982 1428 1019 lacteum
1448 983 1534 1020 cir-

98 1050 234 1088 culum
252 1047 361 1088 dixit
377 1064 462 1088 esse
481 1063 736 1101 compagem,
754 1055 838 1100 qu'a
850 1048 899 1086 de
916 1048 1072 1086 duobus
1088 1048 1408 1098 hemisphaeriis
1424 1050 1536 1088 caela·

98 1117 282 1171 sphaera
303 1117 490 1155 solidata
508 1124 580 1167 est,
610 1124 650 1154 et
666 1114 738 1154 ubi
758 1129 859 1154 orae
877 1118 1075 1168 utrinque
1093 1124 1388 1166 convenerant,
1407 1124 1534 1155 nota-

99 1184 223 1223 bilem
246 1185 485 1222 claritatem
506 1184 652 1222 videri.

213 1256 251 1291 1.
271 1251 409 1290 Verba
429 1248 602 1302 λέγωμεν
619 1247 700 1302 ἤδη
722 1263 814 1288 cum
834 1249 1092 1302 sequentibus
1109 1249 1314 1302 coniungit
1332 1251 1421 1289 cod.
1439 1253 1535 1292 Mo-

96 1318 201 1362 rellii
219 1318 326 1370 apud
345 1319 532 1370 Sylburg.
553 1325 593 1356 et
610 1319 696 1358 Cas.
719 1318 895 1357 scribens
918 1315 1094 1370 λέγωμεν
1110 1314 1191 1370 ἤδη
1221 1316 1535 1371 προδιελθόντες

97 1382 163 1424 καὶ
192 1384 282 1439 περὶ
311 1382 460 1425 τούτου
491 1392 531 1424 et
551 1399 588 1438 q.
615 1401 643 1424 s.
671 1383 940 1439 προέλθωμεν
968 1385 1133 1424 exhibet
1160 1386 1214 1424 H.
1244 1386 1316 1424 sed
1338 1387 1416 1425 iam
1436 1390 1533 1440 Bag.

94 1454 221 1492 vertit
242 1466 657 1507 praepercurremus,
695 1455 772 1492 nisi
796 1455 829 1492 is
855 1455 1024 1493 fortasse
1053 1453 1150 1504 legit
1178 1452 1533 1506 παραὸιέλθωμεν.

96 1521 300 1573 Deinceps
331 1519 425 1573 περί
449 1534 525 1572 pro
553 1518 666 1574 παρά
696 1521 748 1560 Α.
767 1523 839 1560 Er.
871 1522 922 1560 G.
949 1522 1017 1573 qui
1036 1528 1171 1560 tamen
1195 1518 1307 1574 παρά
1329 1523 1536 1574 corrigen-

98 1588 196 1627 dum
221 1603 305 1627 esse
327 1589 494 1626 censuit.
551 1589 762 1627 Vocabulo
791 1585 896 1640 γάλα
923 1602 1001 1640 pro
1026 1587 1219 1641 γαλαξίας
1245 1603 1340 1627 usus
1369 1596 1428 1629 est
1453 1591 1535 1629 iam

98 1662 190 1694 ante
206 1652 470 1694 Aristotelem
500 1655 840 1694 Parmenides
869 1655 1040 1707 fragm.
1070 1670 1110 1708 p.
1133 1659 1186 1694 86
1216 1657 1280 1695 ed.
1311 1658 1533 1709 Peyron,

97 1722 208 1761 unde
227 1728 350 1774 patet,
378 1736 496 1774 quam
513 1723 649 1774 inepta
665 1724 716 1762 sit
735 1725 766 1762 Α
778 1723 859 1761 chi
871 1724 959 1762 llis
979 1724 1124 1762 Tatii
1151 1724 1380 1763 observatio
1402 1725 1455 1775 (c.
1468 1726 1532 1766 24.

99 1803 140 1842 p.
161 1788 253 1842 86),
310 1790 526 1829 Aratum
556 1788 774 1830 Phaenom.
798 1790 880 1830 475
919 1791 997 1829 isto
1026 1791 1224 1830 vocabulo
1259 1793 1379 1831 metri
1418 1807 1533 1832 causa

96 1871 215 1896 usum
251 1871 347 1896 esse.

211 1929 251 1964 2.
283 1923 648 1976 Pythagoraeorum
670 1911 889 1978 exponitur
908 1926 1118 1976 sententia,
1142 1940 1267 1979 eaque
1289 1927 1439 1980 duplex
1454 1942 1532 1981 pro

96 1991 258 2031 dissidio
275 1992 384 2031 inter
400 1992 508 2031 illius
526 1992 686 2032 scholae
703 1993 876 2033 adseclas
892 2000 979 2033 tum
997 1995 1191 2046 temporis
1207 2002 1365 2044 exorto,
1383 1996 1434 2034 de
1450 2010 1531 2048 quo

94 2059 191 2099 vide
211 2060 262 2098 ad
281 2062 313 2108 I,
337 2063 374 2108 6,
398 2059 437 2099 4.
496 2061 583 2099 Cfr.
615 2061 754 2101 Stob.
786 2062 933 2114 Eclog.
954 2064 988 2111 I,
1012 2065 1088 2101 28.'
1109 2077 1150 2115 p.
1174 2064 1276 2103 574:
1319 2065 1414 2103 Τῶν
1442 2064 1533 2104 Πυ-

95 2126 325 2180 θαγορείων
355 2123 394 2166 οἳ
421 2124 497 2177 μὲν
524 2124 681 2181 ἔφασαν
712 2126 883 2181 ἀστέρος
915 2124 1015 2168 εἶναι
1038 2126 1262 2178 διάκαυσιν,
1294 2127 1534 2179 ἐκπεσόντος

96 2191 171 2244 μὲν
203 2190 283 2233 ἀπὸ
309 2195 382 2245 τῆς
410 2192 516 2240 ἵδιάς
543 2192 685 2247 ἕδρας,
717 2193 771 2235 δι’
795 2188 842 2235 οὗ
867 2194 911 2235 δὲ
935 2194 1176 2250 περιέδραμε
1200 2196 1356 2251 χωρίου
1386 2200 1533 2238 κυκλο-

97 2261 224 2313 τερῶς
260 2257 360 2299 αὐτὸ
398 2259 733 2314 περιφλέξαντος,
772 2261 837 2301 ἐπὶ
865 2265 938 2302 τοῦ
968 2261 1072 2303 κατὰ
1102 2263 1345 2311 Φαέθοντος
1374 2263 1532 2319 ἐμπρη-

98 2329 227 2378 σμοῦ·
280 2324 319 2367 οἳ
350 2324 395 2365 δὲ
424 2324 497 2366 τὸν
534 2323 699 2379 ἡλιακὸν
735 2326 864 2384 ταύτῃ
903 2330 1005 2384 φασὶ
1043 2329 1136 2370 κατ’
1178 2329 1307 2385 ἀρχὰς
1333 2331 1532 2385 γεγονέναι

99 2391 266 2449 δρόμον.
326 2394 392 2432 Ad
414 2400 625 2447 utramque
642 2397 818 2436 fabulam
843 2398 987 2436 alludit
1014 2399 1266 2439 Manilius
1293 2401 1530 2442 Astronom.

95 2464 134 2512 Ι,
155 2466 238 2502 727
256 2476 362 2515 sqq.:

208 2529 282 2568 An
311 2531 454 2568 melius
482 2539 623 2568 manet
649 2531 726 2570 illa
750 2531 862 2580 fides
870 2561 884 2579 ‚
918 2547 994 2585 per
1020 2534 1188 2572 saecula
1209 2538 1361 2585 prisca

206 2599 317 2637 Illac
342 2598 445 2636 solis
476 2611 600 2649 equos
629 2598 804 2637 diversis
831 2600 1020 2638 crinibus
1047 2602 1142 2647 isse,

208 2665 349 2716 Atque
374 2667 511 2704 aliam
539 2668 707 2704 trivisse
735 2669 873 2705 viam.-
909 2668 1153 2720 longumque
1173 2684 1255 2720 per
1274 2685 1417 2711 aevum.

210 2734 396 2770 Exustas
426 2733 564 2783 sedes,
603 2736 850 2786 inc-octoque
876 2735 1020 2773 sidera
1042 2737 1236 2786 flammis

214 2795 455 2838 Caeruleum
482 2814 600 2838 verso
629 2804 809 2852 speciem
835 2810 1019 2841 mutasse
1049 2802 1208 2852 colore,-

210 2864 477 2920 Infusumque
507 2865 594 2906 loeo
621 2871 824 2919 cinerem,
859 2870 1136 2923 mundumque
1162 2873 1361 2923 sepultum
