<?xml version="1.0" encoding="UTF-8"?>
<!DOCTYPE html PUBLIC "-//W3C//DTD XHTML 1.0 Transitional//EN"
    "http://www.w3.org/TR/xhtml1/DTD/xhtml1-transitional.dtd">
<html xmlns="http://www.w3.org/1999/xhtml" xml:lang="en" lang="en">
 <head>
  <title>
</title>
<meta http-equiv="Content-Type" content="text/html;charset=utf-8" />
  <meta name='ocr-system' content='tesseract 3.04.00' />
  <meta name='ocr-capabilities' content='ocr_page ocr_carea ocr_par ocr_line ocrx_word'/>
</head>
<body>
  <div class='ocr_page' id='page_1' title='image "./meteorologicorum01arisuoft_0611.png"; bbox 0 0 1774 3198; ppageno 0'>
   <div class='ocr_carea' id='block_1_1' title="bbox 431 344 1563 398">
    <p class='ocr_par' dir='ltr' id='par_1_1' title="bbox 431 344 1563 398">
     <span class='ocr_line' id='line_1_1' title="bbox 431 344 1563 398; baseline -0.008 -1"><span class='ocrx_word' id='word_1_1' title='bbox 431 357 653 398; x_wconf 89' lang='lat' dir='ltr'>LIBRUM</span> <span class='ocrx_word' id='word_1_2' title='bbox 676 355 1002 397; x_wconf 86' lang='lat' dir='ltr'><strong>SECUNDUM.</strong></span> <span class='ocrx_word' id='word_1_3' title='bbox 1060 351 1183 394; x_wconf 85' lang='lat' dir='ltr'>cAP.</span> <span class='ocrx_word' id='word_1_4' title='bbox 1200 355 1250 394; x_wconf 88' lang='lat' dir='ltr'>V.</span> <span class='ocrx_word' id='word_1_5' title='bbox 1469 344 1563 389; x_wconf 87' lang='lat'>571</span> 
     </span>
    </p>
   </div>
   <div class='ocr_carea' id='block_1_2' title="bbox 103 465 1591 2899">
    <p class='ocr_par' dir='ltr' id='par_1_2' title="bbox 139 465 1571 998">
     <span class='ocr_line' id='line_1_2' title="bbox 139 465 1567 522; baseline -0.003 -12"><span class='ocrx_word' id='word_1_6' title='bbox 139 467 279 510; x_wconf 69' lang='grc' dir='ltr'><strong><em>ἔπλεον</em></strong></span> <span class='ocrx_word' id='word_1_7' title='bbox 316 466 420 522; x_wconf 51' lang='grc' dir='ltr'>τήν,</span> <span class='ocrx_word' id='word_1_8' title='bbox 448 468 629 522; x_wconf 82' lang='grc' dir='ltr'><strong><em>νοτίην</em></strong></span> <span class='ocrx_word' id='word_1_9' title='bbox 666 466 960 509; x_wconf 74' lang='grc' dir='ltr'><strong><em>θάλασσαν.</em></strong></span> <span class='ocrx_word' id='word_1_10' title='bbox 1018 468 1112 519; x_wconf 85' lang='lat' dir='ltr'>Ipse</span> <span class='ocrx_word' id='word_1_11' title='bbox 1141 466 1227 506; x_wconf 77' lang='lat' dir='ltr'>aliis</span> <span class='ocrx_word' id='word_1_12' title='bbox 1257 466 1301 505; x_wconf 86' lang='lat' dir='ltr'>in</span> <span class='ocrx_word' id='word_1_13' title='bbox 1329 466 1428 505; x_wconf 81' lang='lat' dir='ltr'>locis</span> <span class='ocrx_word' id='word_1_14' title='bbox 1458 465 1567 506; x_wconf 88' lang='lat' dir='ltr'>idem</span> 
     </span>
     <span class='ocr_line' id='line_1_3' title="bbox 139 534 1568 590; baseline -0.002 -12"><span class='ocrx_word' id='word_1_15' title='bbox 139 553 251 578; x_wconf 88' lang='lat' dir='ltr'>mare</span> <span class='ocrx_word' id='word_1_16' title='bbox 268 535 342 590; x_wconf 81' lang='grc' dir='ltr'>τὴν</span> <span class='ocrx_word' id='word_1_17' title='bbox 360 534 438 585; x_wconf 65' lang='grc' dir='ltr'>ἔξω</span> <span class='ocrx_word' id='word_1_18' title='bbox 455 535 675 577; x_wconf 74' lang='grc' dir='ltr'><strong><em>θάλασσαν</em></strong></span> <span class='ocrx_word' id='word_1_19' title='bbox 693 543 819 578; x_wconf 84' lang='lat' dir='ltr'>vocat.</span> <span class='ocrx_word' id='word_1_20' title='bbox 844 538 918 576; x_wconf 87' lang='lat' dir='ltr'>cfr.</span> <span class='ocrx_word' id='word_1_21' title='bbox 939 535 991 575; x_wconf 85' lang='lat' dir='ltr'>ad</span> <span class='ocrx_word' id='word_1_22' title='bbox 1009 538 1040 584; x_wconf 89' lang='lat' dir='ltr'>I,</span> <span class='ocrx_word' id='word_1_23' title='bbox 1064 538 1127 584; x_wconf 89' lang='lat'>13,</span> <span class='ocrx_word' id='word_1_24' title='bbox 1145 537 1209 573; x_wconf 87' lang='lat'>15.</span> <span class='ocrx_word' id='word_1_25' title='bbox 1269 535 1480 574; x_wconf 77' lang='lat' dir='ltr'><strong>Caeterum</strong></span> <span class='ocrx_word' id='word_1_26' title='bbox 1502 534 1568 575; x_wconf 86' lang='lat' dir='ltr'>hic</span> 
     </span>
     <span class='ocr_line' id='line_1_4' title="bbox 139 602 1566 660; baseline -0.005 -14"><span class='ocrx_word' id='word_1_27' title='bbox 139 608 226 660; x_wconf 86' lang='lat' dir='ltr'>ipse</span> <span class='ocrx_word' id='word_1_28' title='bbox 246 608 356 646; x_wconf 84' lang='lat' dir='ltr'>locus</span> <span class='ocrx_word' id='word_1_29' title='bbox 374 606 498 645; x_wconf 85' lang='lat' dir='ltr'>fidem</span> <span class='ocrx_word' id='word_1_30' title='bbox 518 606 668 645; x_wconf 81' lang='lat' dir='ltr'><strong>addere</strong></span> <span class='ocrx_word' id='word_1_31' title='bbox 686 605 784 645; x_wconf 84' lang='lat' dir='ltr'>mihi</span> <span class='ocrx_word' id='word_1_32' title='bbox 803 606 968 659; x_wconf 87' lang='lat' dir='ltr'>videtur</span> <span class='ocrx_word' id='word_1_33' title='bbox 988 602 1085 656; x_wconf 83' lang='lat' dir='ltr'>(cfr.·</span> <span class='ocrx_word' id='word_1_34' title='bbox 1098 603 1149 641; x_wconf 91' lang='lat' dir='ltr'>ad</span> <span class='ocrx_word' id='word_1_35' title='bbox 1169 603 1368 655; x_wconf 83' lang='lat' dir='ltr'>Excerpta</span> <span class='ocrx_word' id='word_1_36' title='bbox 1386 605 1434 654; x_wconf 88' lang='lat' dir='ltr'>H,</span> <span class='ocrx_word' id='word_1_37' title='bbox 1447 605 1482 653; x_wconf 85' lang='lat'>5,</span> <span class='ocrx_word' id='word_1_38' title='bbox 1497 602 1566 656; x_wconf 92' lang='lat'>10)</span> 
     </span>
     <span class='ocr_line' id='line_1_5' title="bbox 139 671 1570 732; baseline -0.001 -19"><span class='ocrx_word' id='word_1_39' title='bbox 139 675 218 723; x_wconf 84' lang='lat' dir='ltr'>isti,</span> <span class='ocrx_word' id='word_1_40' title='bbox 252 689 370 729; x_wconf 88' lang='lat' dir='ltr'>quam</span> <span class='ocrx_word' id='word_1_41' title='bbox 397 688 494 713; x_wconf 88' lang='lat' dir='ltr'>mox</span> <span class='ocrx_word' id='word_1_42' title='bbox 512 674 722 713; x_wconf 86' lang='lat' dir='ltr'>Herodoto</span> <span class='ocrx_word' id='word_1_43' title='bbox 746 681 906 732; x_wconf 75' lang='lat' dir='ltr'>auctore</span> <span class='ocrx_word' id='word_1_44' title='bbox 923 673 1121 724; x_wconf 83' lang='lat' dir='ltr'>tetigimus</span> <span class='ocrx_word' id='word_1_45' title='bbox 1129 700 1140 719; x_wconf 93' lang='lat'><strong><em>,</em></strong></span> <span class='ocrx_word' id='word_1_46' title='bbox 1171 671 1403 710; x_wconf 76' lang='lat' dir='ltr'>narrationi.</span> <span class='ocrx_word' id='word_1_47' title='bbox 1460 673 1570 712; x_wconf 78' lang='lat' dir='ltr'>Vere</span> 
     </span>
     <span class='ocr_line' id='line_1_6' title="bbox 142 739 1570 796; baseline -0.001 -15"><span class='ocrx_word' id='word_1_48' title='bbox 142 744 249 781; x_wconf 90' lang='lat' dir='ltr'>enim</span> <span class='ocrx_word' id='word_1_49' title='bbox 277 744 320 782; x_wconf 85' lang='lat' dir='ltr'>in</span> <span class='ocrx_word' id='word_1_50' title='bbox 353 743 514 781; x_wconf 84' lang='lat' dir='ltr'><strong>australi</strong></span> <span class='ocrx_word' id='word_1_51' title='bbox 533 743 717 789; x_wconf 88' lang='lat' dir='ltr'>Oceano,</span> <span class='ocrx_word' id='word_1_52' title='bbox 749 743 853 781; x_wconf 87' lang='lat' dir='ltr'>circa</span> <span class='ocrx_word' id='word_1_53' title='bbox 876 741 1112 791; x_wconf 76' lang='lat' dir='ltr'>orientalem</span> <span class='ocrx_word' id='word_1_54' title='bbox 1131 739 1285 796; x_wconf 83' lang='lat' dir='ltr'>Libyae</span> <span class='ocrx_word' id='word_1_55' title='bbox 1307 746 1479 791; x_wconf 87' lang='lat' dir='ltr'>partem,</span> <span class='ocrx_word' id='word_1_56' title='bbox 1508 740 1570 779; x_wconf 83' lang='lat' dir='ltr'>al-</span> 
     </span>
     <span class='ocr_line' id='line_1_7' title="bbox 142 807 1571 863; baseline -0.001 -14"><span class='ocrx_word' id='word_1_57' title='bbox 142 817 280 849; x_wconf 85' lang='lat' dir='ltr'>ternos</span> <span class='ocrx_word' id='word_1_58' title='bbox 309 811 464 863; x_wconf 85' lang='lat' dir='ltr'>spirare</span> <span class='ocrx_word' id='word_1_59' title='bbox 494 817 639 850; x_wconf 83' lang='lat' dir='ltr'>ventos</span> <span class='ocrx_word' id='word_1_60' title='bbox 668 824 720 849; x_wconf 77' lang='lat' dir='ltr'>ex</span> <span class='ocrx_word' id='word_1_61' title='bbox 747 823 932 848; x_wconf 87' lang='lat' dir='ltr'>occasura</span> <span class='ocrx_word' id='word_1_62' title='bbox 960 815 1000 847; x_wconf 88' lang='lat' dir='ltr'>et</span> <span class='ocrx_word' id='word_1_63' title='bbox 1028 809 1182 847; x_wconf 90' lang='lat' dir='ltr'>oriente</span> <span class='ocrx_word' id='word_1_64' title='bbox 1208 807 1304 846; x_wconf 86' lang='lat' dir='ltr'>caeli</span> <span class='ocrx_word' id='word_1_65' title='bbox 1330 809 1571 860; x_wconf 67' lang='lat' dir='ltr'>regionibus,</span> 
     </span>
     <span class='ocr_line' id='line_1_8' title="bbox 142 873 1571 930; baseline -0.002 -13"><span class='ocrx_word' id='word_1_66' title='bbox 142 879 229 930; x_wconf 91' lang='lat' dir='ltr'>quis</span> <span class='ocrx_word' id='word_1_67' title='bbox 246 879 396 917; x_wconf 84' lang='lat' dir='ltr'>nesciat</span> <span class='ocrx_word' id='word_1_68' title='bbox 413 879 682 930; x_wconf 84' lang='lat' dir='ltr'>anemologiae</span> <span class='ocrx_word' id='word_1_69' title='bbox 698 892 780 916; x_wconf 89' lang='lat' dir='ltr'>non</span> <span class='ocrx_word' id='word_1_70' title='bbox 798 891 964 930; x_wconf 89' lang='lat' dir='ltr'>prorsus</span> <span class='ocrx_word' id='word_1_71' title='bbox 982 877 1141 928; x_wconf 83' lang='lat' dir='ltr'>ignarus</span> <span class='ocrx_word' id='word_1_72' title='bbox 1152 877 1172 916; x_wconf 68' lang='grc' dir='ltr'>’.Ρ</span> <span class='ocrx_word' id='word_1_73' title='bbox 1187 897 1238 902; x_wconf 94' lang='grc'><strong>-</strong></span> <span class='ocrx_word' id='word_1_74' title='bbox 1258 873 1478 915; x_wconf 76' lang='grc' dir='ltr'><strong><em>θάλασσαν</em></strong></span> <span class='ocrx_word' id='word_1_75' title='bbox 1496 889 1571 929; x_wconf 85' lang='lat' dir='ltr'>pro</span> 
     </span>
     <span class='ocr_line' id='line_1_9' title="bbox 142 939 1433 998; baseline -0.003 -13"><span class='ocrx_word' id='word_1_76' title='bbox 142 943 358 986; x_wconf 73' lang='grc' dir='ltr'><strong><em>θάλατταν</em></strong></span> <span class='ocrx_word' id='word_1_77' title='bbox 377 948 424 986; x_wconf 90' lang='grc' dir='ltr'>Ε.</span> <span class='ocrx_word' id='word_1_78' title='bbox 447 970 497 976; x_wconf 91' lang='grc'><strong>-</strong></span> <span class='ocrx_word' id='word_1_79' title='bbox 529 944 612 986; x_wconf 77' lang='grc' dir='ltr'>ε’κεῖ</span> <span class='ocrx_word' id='word_1_80' title='bbox 626 947 772 986; x_wconf 85' lang='lat' dir='ltr'>omittit</span> <span class='ocrx_word' id='word_1_81' title='bbox 792 948 855 995; x_wconf 71' lang='lat' dir='ltr'>E„</span> <span class='ocrx_word' id='word_1_82' title='bbox 888 945 996 998; x_wconf 90' lang='lat' dir='ltr'>quod</span> <span class='ocrx_word' id='word_1_83' title='bbox 1019 944 1214 984; x_wconf 78' lang='lat' dir='ltr'>antecedit</span> <span class='ocrx_word' id='word_1_84' title='bbox 1234 939 1365 990; x_wconf 74' lang='grc' dir='ltr'><strong><em>οὕτως</em></strong></span> <span class='ocrx_word' id='word_1_85' title='bbox 1385 946 1433 984; x_wconf 91' lang='grc' dir='ltr'>Α.</span> 
     </span>
    </p>

    <p class='ocr_par' dir='ltr' id='par_1_3' title="bbox 103 1009 1585 2215">
     <span class='ocr_line' id='line_1_10' title="bbox 260 1009 1575 1061; baseline -0.002 -8"><span class='ocrx_word' id='word_1_86' title='bbox 260 1018 323 1054; x_wconf 87' lang='grc'>19.</span> <span class='ocrx_word' id='word_1_87' title='bbox 353 1009 509 1061; x_wconf 83' lang='grc' dir='ltr'><strong><em>ὃνότος</em></strong></span> <span class='ocrx_word' id='word_1_88' title='bbox 527 1017 573 1054; x_wconf 89' lang='lat' dir='ltr'>F.</span> <span class='ocrx_word' id='word_1_89' title='bbox 594 1016 647 1054; x_wconf 90' lang='lat' dir='ltr'>H.</span> <span class='ocrx_word' id='word_1_90' title='bbox 668 1016 722 1054; x_wconf 92' lang='lat' dir='ltr'>N.</span> <span class='ocrx_word' id='word_1_91' title='bbox 746 1016 796 1054; x_wconf 92' lang='lat' dir='ltr'>A.</span> <span class='ocrx_word' id='word_1_92' title='bbox 821 1017 860 1054; x_wconf 94' lang='lat' dir='ltr'>S.</span> <span class='ocrx_word' id='word_1_93' title='bbox 880 1015 968 1054; x_wconf 68' lang='lat' dir='ltr'>Cas:</span> <span class='ocrx_word' id='word_1_94' title='bbox 983 1035 1038 1042; x_wconf 92' lang='lat'>-—</span> <span class='ocrx_word' id='word_1_95' title='bbox 1068 1013 1217 1052; x_wconf 84' lang='lat' dir='ltr'>Contra</span> <span class='ocrx_word' id='word_1_96' title='bbox 1242 1012 1455 1051; x_wconf 87' lang='lat' dir='ltr'>articulum</span> <span class='ocrx_word' id='word_1_97' title='bbox 1480 1018 1575 1051; x_wconf 86' lang='lat' dir='ltr'>ante</span> 
     </span>
     <span class='ocr_line' id='line_1_11' title="bbox 145 1077 1575 1136; baseline -0.001 -16"><span class='ocrx_word' id='word_1_98' title='bbox 145 1078 224 1121; x_wconf 83' lang='grc' dir='ltr'>ἀπὸ</span> <span class='ocrx_word' id='word_1_99' title='bbox 247 1084 320 1122; x_wconf 82' lang='grc' dir='ltr'><strong><em>τοῦ</em></strong></span> <span class='ocrx_word' id='word_1_100' title='bbox 350 1077 487 1136; x_wconf 71' lang='grc' dir='ltr'><strong><em>ἑτέρου</em></strong></span> <span class='ocrx_word' id='word_1_101' title='bbox 516 1079 645 1122; x_wconf 82' lang='grc' dir='ltr'><strong><em>πόλου</em></strong></span> <span class='ocrx_word' id='word_1_102' title='bbox 675 1084 864 1121; x_wconf 87' lang='lat' dir='ltr'>omittunt</span> <span class='ocrx_word' id='word_1_103' title='bbox 883 1083 932 1121; x_wconf 90' lang='lat' dir='ltr'>A.</span> <span class='ocrx_word' id='word_1_104' title='bbox 950 1083 995 1121; x_wconf 90' lang='grc' dir='ltr'>Ρ.</span> <span class='ocrx_word' id='word_1_105' title='bbox 1018 1083 1058 1120; x_wconf 86' lang='lat' dir='ltr'>S.</span> <span class='ocrx_word' id='word_1_106' title='bbox 1082 1103 1133 1108; x_wconf 93' lang='lat'><strong>—</strong></span> <span class='ocrx_word' id='word_1_107' title='bbox 1163 1077 1210 1119; x_wconf 79' lang='grc' dir='ltr'>δέ</span> <span class='ocrx_word' id='word_1_108' title='bbox 1226 1086 1317 1132; x_wconf 87' lang='lat' dir='ltr'>post</span> <span class='ocrx_word' id='word_1_109' title='bbox 1334 1077 1421 1120; x_wconf 73' lang='grc' dir='ltr'><strong><em>ἐπεί</em></strong></span> <span class='ocrx_word' id='word_1_110' title='bbox 1437 1080 1575 1120; x_wconf 84' lang='lat' dir='ltr'>omisi-</span> 
     </span>
     <span class='ocr_line' id='line_1_12' title="bbox 145 1148 1574 1202; baseline 0 -14"><span class='ocrx_word' id='word_1_111' title='bbox 145 1163 233 1188; x_wconf 83' lang='lat' dir='ltr'>mus</span> <span class='ocrx_word' id='word_1_112' title='bbox 259 1164 348 1189; x_wconf 90' lang='lat' dir='ltr'>cum</span> <span class='ocrx_word' id='word_1_113' title='bbox 369 1151 418 1188; x_wconf 92' lang='lat' dir='ltr'>E.</span> <span class='ocrx_word' id='word_1_114' title='bbox 443 1150 640 1201; x_wconf 83' lang='lat' dir='ltr'>probante</span> <span class='ocrx_word' id='word_1_115' title='bbox 661 1149 1047 1202; x_wconf 86' lang='lat' dir='ltr'>Koenigmanno</span> <span class='ocrx_word' id='word_1_116' title='bbox 1070 1149 1217 1200; x_wconf 78' lang='lat' dir='ltr'>Geogr.</span> <span class='ocrx_word' id='word_1_117' title='bbox 1227 1148 1443 1187; x_wconf 70' lang='lat' dir='ltr'>Aristotel.</span> <span class='ocrx_word' id='word_1_118' title='bbox 1465 1151 1574 1201; x_wconf 74' lang='lat' dir='ltr'><strong>p.78</strong></span> 
     </span>
     <span class='ocr_line' id='line_1_13' title="bbox 143 1216 1576 1271; baseline 0.001 -16"><span class='ocrx_word' id='word_1_119' title='bbox 143 1223 229 1256; x_wconf 90' lang='lat' dir='ltr'>not.</span> <span class='ocrx_word' id='word_1_120' title='bbox 253 1221 346 1257; x_wconf 86' lang='lat'><strong>193.</strong></span> <span class='ocrx_word' id='word_1_121' title='bbox 402 1219 564 1271; x_wconf 75' lang='lat' dir='ltr'>Etenim</span> <span class='ocrx_word' id='word_1_122' title='bbox 585 1217 688 1257; x_wconf 91' lang='lat' dir='ltr'>nihil</span> <span class='ocrx_word' id='word_1_123' title='bbox 713 1217 822 1257; x_wconf 87' lang='lat' dir='ltr'>aliud</span> <span class='ocrx_word' id='word_1_124' title='bbox 852 1217 986 1256; x_wconf 87' lang='lat' dir='ltr'>dicere</span> <span class='ocrx_word' id='word_1_125' title='bbox 1005 1217 1094 1255; x_wconf 81' lang='lat' dir='ltr'>vult</span> <span class='ocrx_word' id='word_1_126' title='bbox 1112 1216 1349 1255; x_wconf 79' lang='lat' dir='ltr'>Aristoteles</span> <span class='ocrx_word' id='word_1_127' title='bbox 1360 1246 1372 1265; x_wconf 91' lang='lat'><em>,</em></span> <span class='ocrx_word' id='word_1_128' title='bbox 1404 1217 1481 1255; x_wconf 87' lang='lat' dir='ltr'>nisi</span> <span class='ocrx_word' id='word_1_129' title='bbox 1503 1231 1576 1256; x_wconf 89' lang='lat' dir='ltr'>au-</span> 
     </span>
     <span class='ocr_line' id='line_1_14' title="bbox 143 1280 1574 1338; baseline 0.001 -15"><span class='ocrx_word' id='word_1_130' title='bbox 143 1291 271 1324; x_wconf 81' lang='lat' dir='ltr'>strum</span> <span class='ocrx_word' id='word_1_131' title='bbox 298 1298 378 1323; x_wconf 90' lang='lat' dir='ltr'>non</span> <span class='ocrx_word' id='word_1_132' title='bbox 405 1285 526 1336; x_wconf 86' lang='lat' dir='ltr'>magis</span> <span class='ocrx_word' id='word_1_133' title='bbox 546 1285 672 1334; x_wconf 86' lang='lat' dir='ltr'>hunc,</span> <span class='ocrx_word' id='word_1_134' title='bbox 701 1299 819 1338; x_wconf 85' lang='lat' dir='ltr'>quam</span> <span class='ocrx_word' id='word_1_135' title='bbox 845 1286 959 1324; x_wconf 84' lang='lat' dir='ltr'>illum</span> <span class='ocrx_word' id='word_1_136' title='bbox 982 1298 1066 1323; x_wconf 83' lang='lat' dir='ltr'>esse</span> <span class='ocrx_word' id='word_1_137' title='bbox 1085 1291 1268 1323; x_wconf 88' lang='lat' dir='ltr'>ventum.</span> <span class='ocrx_word' id='word_1_138' title='bbox 1293 1306 1342 1313; x_wconf 84' lang='lat'>·—</span> <span class='ocrx_word' id='word_1_139' title='bbox 1374 1280 1466 1323; x_wconf 72' lang='grc' dir='ltr'><strong><em>οὔτε</em></strong></span> <span class='ocrx_word' id='word_1_140' title='bbox 1495 1281 1574 1324; x_wconf 78' lang='grc' dir='ltr'>ἀπὸ</span> 
     </span>
     <span class='ocr_line' id='line_1_15' title="bbox 140 1348 1576 1405; baseline 0.001 -14"><span class='ocrx_word' id='word_1_141' title='bbox 140 1353 365 1405; x_wconf 78' lang='grc' dir='ltr'><strong><em>χειμερινῆς</em></strong></span> <span class='ocrx_word' id='word_1_142' title='bbox 393 1352 545 1403; x_wconf 86' lang='lat' dir='ltr'>Olym</span> <span class='ocrx_word' id='word_1_143' title='bbox 558 1367 598 1404; x_wconf 90' lang='lat' dir='ltr'>p.</span> <span class='ocrx_word' id='word_1_144' title='bbox 620 1354 691 1392; x_wconf 90' lang='lat' dir='ltr'>fol.</span> <span class='ocrx_word' id='word_1_145' title='bbox 716 1354 784 1400; x_wconf 83' lang='lat'>42,</span> <span class='ocrx_word' id='word_1_146' title='bbox 804 1354 852 1402; x_wconf 89' lang='lat' dir='ltr'>b,</span> <span class='ocrx_word' id='word_1_147' title='bbox 884 1354 952 1404; x_wconf 88' lang='lat' dir='ltr'>qui</span> <span class='ocrx_word' id='word_1_148' title='bbox 977 1352 1123 1391; x_wconf 86' lang='lat' dir='ltr'>deinde</span> <span class='ocrx_word' id='word_1_149' title='bbox 1154 1353 1279 1392; x_wconf 83' lang='lat' dir='ltr'>verba</span> <span class='ocrx_word' id='word_1_150' title='bbox 1308 1349 1390 1391; x_wconf 76' lang='grc' dir='ltr'><strong><em>δέοι</em></strong></span> <span class='ocrx_word' id='word_1_151' title='bbox 1420 1348 1497 1404; x_wconf 77' lang='grc' dir='ltr'>γὰρ</span> <span class='ocrx_word' id='word_1_152' title='bbox 1527 1348 1576 1392; x_wconf 74' lang='grc' dir='ltr'><strong><em>ἂν</em></strong></span> 
     </span>
     <span class='ocr_line' id='line_1_16' title="bbox 145 1416 1578 1473; baseline 0.001 -15"><span class='ocrx_word' id='word_1_153' title='bbox 145 1416 268 1459; x_wconf 70' lang='grc' dir='ltr'><strong><em>ἄλλον</em></strong></span> <span class='ocrx_word' id='word_1_154' title='bbox 299 1416 377 1459; x_wconf 83' lang='grc' dir='ltr'>ἀπὸ</span> <span class='ocrx_word' id='word_1_155' title='bbox 411 1421 578 1471; x_wconf 74' lang='grc' dir='ltr'><strong><em>θερινῆς</em></strong></span> <span class='ocrx_word' id='word_1_156' title='bbox 609 1416 707 1459; x_wconf 75' lang='grc' dir='ltr'><strong><em>εἶναι</em></strong></span> <span class='ocrx_word' id='word_1_157' title='bbox 735 1421 891 1473; x_wconf 76' lang='grc' dir='ltr'><strong><em>τροπῆς</em></strong></span> <span class='ocrx_word' id='word_1_158' title='bbox 920 1421 964 1458; x_wconf 89' lang='lat' dir='ltr'>in</span> <span class='ocrx_word' id='word_1_159' title='bbox 982 1426 1098 1458; x_wconf 86' lang='lat' dir='ltr'>textu</span> <span class='ocrx_word' id='word_1_160' title='bbox 1126 1421 1224 1458; x_wconf 87' lang='lat' dir='ltr'>etin</span> <span class='ocrx_word' id='word_1_161' title='bbox 1247 1421 1578 1473; x_wconf 80' lang='lat' dir='ltr'>interpretatione</span> 
     </span>
     <span class='ocr_line' id='line_1_17' title="bbox 145 1483 1577 1541; baseline 0.001 -16"><span class='ocrx_word' id='word_1_162' title='bbox 145 1488 300 1526; x_wconf 87' lang='lat' dir='ltr'>omittit.</span> <span class='ocrx_word' id='word_1_163' title='bbox 316 1509 371 1515; x_wconf 91' lang='lat'>——-</span> <span class='ocrx_word' id='word_1_164' title='bbox 399 1483 489 1526; x_wconf 62' lang='grc' dir='ltr'><strong><em>οὔτε</em></strong></span> <span class='ocrx_word' id='word_1_165' title='bbox 511 1483 531 1526; x_wconf 84' lang='grc' dir='ltr'><strong><em>ὃ</em></strong></span> <span class='ocrx_word' id='word_1_166' title='bbox 552 1485 631 1527; x_wconf 82' lang='grc' dir='ltr'>ἀπὸ</span> <span class='ocrx_word' id='word_1_167' title='bbox 658 1489 893 1541; x_wconf 76' lang='grc' dir='ltr'><strong><em>χειμερινῶν</em></strong></span> <span class='ocrx_word' id='word_1_168' title='bbox 913 1489 1075 1540; x_wconf 84' lang='grc' dir='ltr'><strong><em>τροπῶν</em></strong></span> <span class='ocrx_word' id='word_1_169' title='bbox 1094 1488 1213 1527; x_wconf 85' lang='lat' dir='ltr'>Alex.</span> <span class='ocrx_word' id='word_1_170' title='bbox 1225 1488 1297 1527; x_wconf 82' lang='lat' dir='ltr'>fol.</span> <span class='ocrx_word' id='word_1_171' title='bbox 1313 1490 1510 1538; x_wconf 85' lang='lat' dir='ltr'>103,b.A.</span> <span class='ocrx_word' id='word_1_172' title='bbox 1523 1513 1577 1519; x_wconf 90' lang='lat'><strong>—</strong></span> 
     </span>
     <span class='ocr_line' id='line_1_18' title="bbox 147 1544 1580 1609; baseline 0.002 -15"><span class='ocrx_word' id='word_1_173' title='bbox 147 1552 172 1594; x_wconf 82' lang='grc' dir='ltr'>ἆ</span> <span class='ocrx_word' id='word_1_174' title='bbox 184 1551 243 1594; x_wconf 82' lang='grc' dir='ltr'>πὸ</span> <span class='ocrx_word' id='word_1_175' title='bbox 274 1558 332 1594; x_wconf 56' lang='lat' dir='ltr'>&amp;a</span> <span class='ocrx_word' id='word_1_176' title='bbox 347 1569 369 1608; x_wconf 90' lang='grc' dir='ltr'><strong><em>ρ</em></strong></span> <span class='ocrx_word' id='word_1_177' title='bbox 383 1556 461 1606; x_wconf 62' lang='lat' dir='ltr'>cvij</span> <span class='ocrx_word' id='word_1_178' title='bbox 475 1569 494 1601; x_wconf 89' lang='grc' dir='ltr'><strong><em>ς</em></strong></span> <span class='ocrx_word' id='word_1_179' title='bbox 523 1569 547 1595; x_wconf 88' lang='grc' dir='ltr'><strong><em>τ</em></strong></span> <span class='ocrx_word' id='word_1_180' title='bbox 560 1570 583 1609; x_wconf 88' lang='grc' dir='ltr'><strong><em>ρ</em></strong></span> <span class='ocrx_word' id='word_1_181' title='bbox 597 1570 617 1595; x_wconf 94' lang='grc' dir='ltr'><strong><em>ο</em></strong></span> <span class='ocrx_word' id='word_1_182' title='bbox 629 1571 657 1594; x_wconf 87' lang='grc' dir='ltr'><em>π</em></span> <span class='ocrx_word' id='word_1_183' title='bbox 668 1558 693 1607; x_wconf 83' lang='grc' dir='ltr'><em>ῆ</em></span> <span class='ocrx_word' id='word_1_184' title='bbox 708 1570 742 1602; x_wconf 89' lang='grc' dir='ltr'>ς.</span> <span class='ocrx_word' id='word_1_185' title='bbox 781 1556 965 1606; x_wconf 83' lang='lat' dir='ltr'>Intellige</span> <span class='ocrx_word' id='word_1_186' title='bbox 983 1562 1162 1593; x_wconf 80' lang='lat' dir='ltr'>austrum</span> <span class='ocrx_word' id='word_1_187' title='bbox 1178 1544 1331 1594; x_wconf 43' lang='lat' dir='ltr'>&#39;versum</span> <span class='ocrx_word' id='word_1_188' title='bbox 1361 1558 1454 1595; x_wconf 83' lang='lat' dir='ltr'>Nec</span> <span class='ocrx_word' id='word_1_189' title='bbox 1468 1560 1580 1597; x_wconf 82' lang='lat' dir='ltr'>enim</span> 
     </span>
     <span class='ocr_line' id='line_1_19' title="bbox 103 1622 1580 1677; baseline 0.003 -17"><span class='ocrx_word' id='word_1_190' title='bbox 103 1624 106 1627; x_wconf 54' lang='lat'><strong>⁴</strong></span> <span class='ocrx_word' id='word_1_191' title='bbox 149 1635 177 1660; x_wconf 86' lang='lat' dir='ltr'>a</span> <span class='ocrx_word' id='word_1_192' title='bbox 194 1623 377 1660; x_wconf 65' lang='lat' dir='ltr'>solstitio</span> <span class='ocrx_word' id='word_1_193' title='bbox 400 1625 558 1662; x_wconf 70' lang='lat' dir='ltr'>aestivo</span> <span class='ocrx_word' id='word_1_194' title='bbox 582 1631 785 1662; x_wconf 73' lang='lat' dir='ltr'>ventum.</span> <span class='ocrx_word' id='word_1_195' title='bbox 812 1625 979 1675; x_wconf 80' lang='lat' dir='ltr'>spirare</span> <span class='ocrx_word' id='word_1_196' title='bbox 999 1630 1126 1674; x_wconf 78' lang='lat' dir='ltr'>negat</span> <span class='ocrx_word' id='word_1_197' title='bbox 1140 1622 1404 1671; x_wconf 73' lang='lat' dir='ltr'>Aristoteles,</span> <span class='ocrx_word' id='word_1_198' title='bbox 1429 1628 1580 1677; x_wconf 81' lang='lat' dir='ltr'>quippe</span> 
     </span>
     <span class='ocr_line' id='line_1_20' title="bbox 148 1689 1579 1748; baseline 0.005 -21"><span class='ocrx_word' id='word_1_199' title='bbox 148 1692 223 1740; x_wconf 81' lang='lat' dir='ltr'>qui</span> <span class='ocrx_word' id='word_1_200' title='bbox 245 1689 379 1740; x_wconf 84' lang='lat' dir='ltr'>paulo</span> <span class='ocrx_word' id='word_1_201' title='bbox 413 1698 510 1729; x_wconf 83' lang='lat' dir='ltr'>ante</span> <span class='ocrx_word' id='word_1_202' title='bbox 541 1691 876 1741; x_wconf 78' lang='lat' dir='ltr'>adfirmaverat,</span> <span class='ocrx_word' id='word_1_203' title='bbox 908 1697 1105 1729; x_wconf 77' lang='lat' dir='ltr'>austrum</span> <span class='ocrx_word' id='word_1_204' title='bbox 1128 1692 1190 1728; x_wconf 79' lang='lat' dir='ltr'>ad</span> <span class='ocrx_word' id='word_1_205' title='bbox 1210 1704 1285 1728; x_wconf 83' lang='lat' dir='ltr'>nos</span> <span class='ocrx_word' id='word_1_206' title='bbox 1311 1691 1471 1748; x_wconf 80' lang='lat' dir='ltr'>deferri</span> <span class='ocrx_word' id='word_1_207' title='bbox 1499 1690 1579 1734; x_wconf 79' lang='grc' dir='ltr'>ἀπὸ</span> 
     </span>
     <span class='ocr_line' id='line_1_21' title="bbox 147 1758 1582 1814; baseline 0.003 -18"><span class='ocrx_word' id='word_1_208' title='bbox 147 1758 422 1810; x_wconf 51' lang='grc' dir='ltr'><strong><em>τῆςηθερινῧς</em></strong></span> <span class='ocrx_word' id='word_1_209' title='bbox 450 1760 625 1811; x_wconf 78' lang='grc' dir='ltr'><strong><em>τροπῆς,</em></strong></span> <span class='ocrx_word' id='word_1_210' title='bbox 671 1759 792 1810; x_wconf 81' lang='lat' dir='ltr'>idque</span> <span class='ocrx_word' id='word_1_211' title='bbox 819 1766 859 1796; x_wconf 78' lang='lat' dir='ltr'>et</span> <span class='ocrx_word' id='word_1_212' title='bbox 886 1773 981 1796; x_wconf 85' lang='lat' dir='ltr'>mox</span> <span class='ocrx_word' id='word_1_213' title='bbox 1014 1758 1238 1810; x_wconf 50' lang='lat' dir='ltr'>significat</span> <span class='ocrx_word' id='word_1_214' title='bbox 1270 1762 1380 1798; x_wconf 75' lang='lat' dir='ltr'>sati-s·</span> <span class='ocrx_word' id='word_1_215' title='bbox 1415 1761 1582 1814; x_wconf 70' lang='lat' dir='ltr'>diserte,</span> 
     </span>
     <span class='ocr_line' id='line_1_22' title="bbox 147 1825 1581 1878; baseline 0.005 -16"><span class='ocrx_word' id='word_1_216' title='bbox 147 1826 224 1863; x_wconf 72' lang='lat' dir='ltr'>sed</span> <span class='ocrx_word' id='word_1_217' title='bbox 251 1825 308 1863; x_wconf 84' lang='lat' dir='ltr'>al</span> <span class='ocrx_word' id='word_1_218' title='bbox 316 1827 422 1864; x_wconf 72' lang='lat' dir='ltr'>ium</span> <span class='ocrx_word' id='word_1_219' title='bbox 448 1834 633 1877; x_wconf 73' lang='lat' dir='ltr'>ventum,</span> <span class='ocrx_word' id='word_1_220' title='bbox 672 1840 802 1878; x_wconf 81' lang='lat' dir='ltr'>quam</span> <span class='ocrx_word' id='word_1_221' title='bbox 830 1826 940 1864; x_wconf 75' lang='lat' dir='ltr'>hunc</span> <span class='ocrx_word' id='word_1_222' title='bbox 965 1828 1102 1877; x_wconf 78' lang='lat' dir='ltr'>ipsam</span> <span class='ocrx_word' id='word_1_223' title='bbox 1126 1834 1334 1877; x_wconf 75' lang='lat' dir='ltr'>austrum,</span> <span class='ocrx_word' id='word_1_224' title='bbox 1364 1827 1418 1866; x_wconf 82' lang='lat' dir='ltr'>ab</span> <span class='ocrx_word' id='word_1_225' title='bbox 1444 1830 1581 1868; x_wconf 85' lang='lat' dir='ltr'>eodem</span> 
     </span>
     <span class='ocr_line' id='line_1_23' title="bbox 149 1892 1583 1946; baseline 0.006 -17"><span class='ocrx_word' id='word_1_226' title='bbox 149 1892 221 1930; x_wconf 80' lang='lat' dir='ltr'>illo</span> <span class='ocrx_word' id='word_1_227' title='bbox 241 1893 420 1931; x_wconf 77' lang='lat' dir='ltr'>solstitio</span> <span class='ocrx_word' id='word_1_228' title='bbox 435 1895 658 1944; x_wconf 76' lang='lat' dir='ltr'>procedere</span> <span class='ocrx_word' id='word_1_229' title='bbox 679 1907 890 1946; x_wconf 84' lang='lat' dir='ltr'>quoquam</span> <span class='ocrx_word' id='word_1_230' title='bbox 908 1894 1137 1943; x_wconf 76' lang='lat' dir='ltr'>infitiatur.</span> <span class='ocrx_word' id='word_1_231' title='bbox 1194 1896 1330 1934; x_wconf 79' lang='lat' dir='ltr'>Verba</span> <span class='ocrx_word' id='word_1_232' title='bbox 1349 1903 1442 1935; x_wconf 87' lang='lat' dir='ltr'>sunt</span> <span class='ocrx_word' id='word_1_233' title='bbox 1458 1899 1583 1937; x_wconf 87' lang='lat' dir='ltr'>Koe-</span> 
     </span>
     <span class='ocr_line' id='line_1_24' title="bbox 148 1957 1585 2019; baseline 0.006 -22"><span class='ocrx_word' id='word_1_234' title='bbox 148 1959 412 2011; x_wconf 87' lang='lat' dir='ltr'>nigmanni</span> <span class='ocrx_word' id='word_1_235' title='bbox 439 1961 516 2000; x_wconf 86' lang='grc'>1.1.</span> <span class='ocrx_word' id='word_1_236' title='bbox 542 1967 594 1990; x_wconf 84' lang='lat'>-&#39;-</span> <span class='ocrx_word' id='word_1_237' title='bbox 626 1958 724 2001; x_wconf 70' lang='grc' dir='ltr'><strong><em>ἄλλο</em></strong></span> <span class='ocrx_word' id='word_1_238' title='bbox 754 1976 830 2014; x_wconf 89' lang='lat' dir='ltr'>pro</span> <span class='ocrx_word' id='word_1_239' title='bbox 862 1958 986 2002; x_wconf 70' lang='grc' dir='ltr'><strong><em>ἄλλον</em></strong></span> <span class='ocrx_word' id='word_1_240' title='bbox 1018 1963 1071 2001; x_wconf 88' lang='grc' dir='ltr'>Ν.</span> <span class='ocrx_word' id='word_1_241' title='bbox 1093 1985 1148 1991; x_wconf 92' lang='lat'>—-</span> <span class='ocrx_word' id='word_1_242' title='bbox 1177 1957 1276 2002; x_wconf 74' lang='grc' dir='ltr'><strong><em>εἶναι</em></strong></span> <span class='ocrx_word' id='word_1_243' title='bbox 1307 1959 1386 2004; x_wconf 81' lang='grc' dir='ltr'>ἀπὸ</span> <span class='ocrx_word' id='word_1_244' title='bbox 1417 1966 1585 2019; x_wconf 75' lang='grc' dir='ltr'><strong><em>θερινῆς</em></strong></span> 
     </span>
     <span class='ocr_line' id='line_1_25' title="bbox 147 2026 1585 2084; baseline 0.005 -18"><span class='ocrx_word' id='word_1_245' title='bbox 147 2033 300 2066; x_wconf 78' lang='lat' dir='ltr'>mutato</span> <span class='ocrx_word' id='word_1_246' title='bbox 323 2029 465 2067; x_wconf 86' lang='lat' dir='ltr'>ordine</span> <span class='ocrx_word' id='word_1_247' title='bbox 485 2031 529 2068; x_wconf 91' lang='lat' dir='ltr'>F.</span> <span class='ocrx_word' id='word_1_248' title='bbox 556 2053 612 2059; x_wconf 91' lang='lat'>-—</span> <span class='ocrx_word' id='word_1_249' title='bbox 649 2026 776 2081; x_wconf 85' lang='grc' dir='ltr'><strong><em>μόνον</em></strong></span> <span class='ocrx_word' id='word_1_250' title='bbox 804 2044 881 2082; x_wconf 87' lang='lat' dir='ltr'>pro</span> <span class='ocrx_word' id='word_1_251' title='bbox 912 2026 1039 2082; x_wconf 84' lang='grc' dir='ltr'><strong><em>μόνος</em></strong></span> <span class='ocrx_word' id='word_1_252' title='bbox 1067 2030 1177 2069; x_wconf 84' lang='lat' dir='ltr'>Cam.</span> <span class='ocrx_word' id='word_1_253' title='bbox 1209 2045 1272 2084; x_wconf 80' lang='grc' dir='ltr'>γρ.</span> <span class='ocrx_word' id='word_1_254' title='bbox 1303 2032 1392 2070; x_wconf 85' lang='lat' dir='ltr'>Cas.</span> <span class='ocrx_word' id='word_1_255' title='bbox 1425 2054 1477 2060; x_wconf 91' lang='lat'>—</span> <span class='ocrx_word' id='word_1_256' title='bbox 1520 2048 1585 2073; x_wconf 88' lang='grc' dir='ltr'>κε-</span> 
     </span>
     <span class='ocr_line' id='line_1_26' title="bbox 148 2093 1583 2153; baseline 0.006 -20"><span class='ocrx_word' id='word_1_257' title='bbox 148 2093 350 2145; x_wconf 76' lang='grc' dir='ltr'><strong><em>καυμένου</em></strong></span> <span class='ocrx_word' id='word_1_258' title='bbox 378 2109 454 2147; x_wconf 90' lang='lat' dir='ltr'>pro</span> <span class='ocrx_word' id='word_1_259' title='bbox 486 2094 836 2149; x_wconf 75' lang='grc' dir='ltr'><strong><em>κατακεκαυμένου</em></strong></span> <span class='ocrx_word' id='word_1_260' title='bbox 865 2101 912 2137; x_wconf 89' lang='lat' dir='ltr'>F.</span> <span class='ocrx_word' id='word_1_261' title='bbox 931 2097 988 2138; x_wconf 93' lang='lat' dir='ltr'>N.</span> <span class='ocrx_word' id='word_1_262' title='bbox 1013 2099 1134 2136; x_wconf 82' lang='lat' dir='ltr'>Alex.</span> <span class='ocrx_word' id='word_1_263' title='bbox 1164 2099 1237 2137; x_wconf 88' lang='lat' dir='ltr'>fol.</span> <span class='ocrx_word' id='word_1_264' title='bbox 1262 2101 1340 2138; x_wconf 79' lang='lat'>105</span> <span class='ocrx_word' id='word_1_265' title='bbox 1373 2098 1512 2153; x_wconf 87' lang='lat'>(104),</span> <span class='ocrx_word' id='word_1_266' title='bbox 1547 2116 1583 2142; x_wconf 90' lang='lat' dir='ltr'>a.</span> 
     </span>
     <span class='ocr_line' id='line_1_27' title="bbox 148 2162 1282 2215; baseline 0.004 -16"><span class='ocrx_word' id='word_1_267' title='bbox 148 2162 376 2201; x_wconf 87' lang='lat' dir='ltr'>Articulum</span> <span class='ocrx_word' id='word_1_268' title='bbox 399 2170 490 2202; x_wconf 82' lang='lat' dir='ltr'>ante</span> <span class='ocrx_word' id='word_1_269' title='bbox 511 2162 858 2215; x_wconf 75' lang='grc' dir='ltr'><strong><em>κατακεκαυμένου</em></strong></span> <span class='ocrx_word' id='word_1_270' title='bbox 879 2166 1071 2204; x_wconf 86' lang='lat' dir='ltr'>omittunt</span> <span class='ocrx_word' id='word_1_271' title='bbox 1090 2166 1143 2204; x_wconf 89' lang='lat' dir='ltr'>A.</span> <span class='ocrx_word' id='word_1_272' title='bbox 1165 2166 1282 2204; x_wconf 88' lang='lat' dir='ltr'>Alex.</span> 
     </span>
    </p>

    <p class='ocr_par' dir='ltr' id='par_1_4' title="bbox 149 2227 1591 2899">
     <span class='ocr_line' id='line_1_28' title="bbox 263 2227 1586 2284; baseline 0.007 -17"><span class='ocrx_word' id='word_1_273' title='bbox 263 2233 331 2267; x_wconf 87' lang='lat'>20.</span> <span class='ocrx_word' id='word_1_274' title='bbox 357 2227 541 2280; x_wconf 83' lang='grc' dir='ltr'><strong><em>νομάς,</em></strong></span> <span class='ocrx_word' id='word_1_275' title='bbox 572 2246 673 2283; x_wconf 86' lang='lat' dir='ltr'>quae</span> <span class='ocrx_word' id='word_1_276' title='bbox 696 2233 887 2270; x_wconf 89' lang='lat' dir='ltr'>maiorem</span> <span class='ocrx_word' id='word_1_277' title='bbox 911 2245 1006 2284; x_wconf 89' lang='lat' dir='ltr'>prae</span> <span class='ocrx_word' id='word_1_278' title='bbox 1026 2247 1068 2271; x_wconf 87' lang='lat' dir='ltr'>se</span> <span class='ocrx_word' id='word_1_279' title='bbox 1087 2233 1198 2271; x_wconf 88' lang='lat' dir='ltr'>ferre</span> <span class='ocrx_word' id='word_1_280' title='bbox 1219 2234 1348 2273; x_wconf 87' lang='lat' dir='ltr'>solent</span> <span class='ocrx_word' id='word_1_281' title='bbox 1366 2233 1586 2276; x_wconf 82' lang='lat' dir='ltr'>humidita-</span> 
     </span>
     <span class='ocr_line' id='line_1_29' title="bbox 149 2298 1588 2349; baseline 0.008 -15"><span class='ocrx_word' id='word_1_282' title='bbox 149 2301 253 2343; x_wconf 87' lang='lat' dir='ltr'>tem,</span> <span class='ocrx_word' id='word_1_283' title='bbox 288 2310 407 2347; x_wconf 81' lang='lat' dir='ltr'>quam</span> <span class='ocrx_word' id='word_1_284' title='bbox 433 2298 545 2337; x_wconf 82' lang='lat' dir='ltr'>arida</span> <span class='ocrx_word' id='word_1_285' title='bbox 573 2300 671 2337; x_wconf 87' lang='lat' dir='ltr'>loca.</span> <span class='ocrx_word' id='word_1_286' title='bbox 730 2300 814 2338; x_wconf 82' lang='lat' dir='ltr'>Cfr.</span> <span class='ocrx_word' id='word_1_287' title='bbox 845 2300 1173 2338; x_wconf 87' lang='lat' dir='ltr'>Herodotum</span> <span class='ocrx_word' id='word_1_288' title='bbox 1200 2303 1272 2349; x_wconf 88' lang='lat' dir='ltr'>IV,</span> <span class='ocrx_word' id='word_1_289' title='bbox 1300 2304 1376 2341; x_wconf 85' lang='lat'>185</span> <span class='ocrx_word' id='word_1_290' title='bbox 1406 2304 1500 2344; x_wconf 83' lang='lat' dir='ltr'>istas</span> <span class='ocrx_word' id='word_1_291' title='bbox 1517 2319 1588 2344; x_wconf 90' lang='lat' dir='ltr'>re-</span> 
     </span>
     <span class='ocr_line' id='line_1_30' title="bbox 151 2361 1588 2427; baseline 0.008 -27"><span class='ocrx_word' id='word_1_292' title='bbox 151 2364 288 2415; x_wconf 86' lang='lat' dir='ltr'>giones</span> <span class='ocrx_word' id='word_1_293' title='bbox 319 2364 374 2402; x_wconf 83' lang='lat' dir='ltr'>ita</span> <span class='ocrx_word' id='word_1_294' title='bbox 393 2364 706 2420; x_wconf 84' lang='lat' dir='ltr'>describentem:</span> <span class='ocrx_word' id='word_1_295' title='bbox 736 2361 838 2420; x_wconf 76' lang='grc' dir='ltr'>ῧπέρ</span> <span class='ocrx_word' id='word_1_296' title='bbox 867 2365 912 2406; x_wconf 70' lang='grc' dir='ltr'>δὲ</span> <span class='ocrx_word' id='word_1_297' title='bbox 939 2369 1012 2419; x_wconf 78' lang='grc' dir='ltr'><strong><em>τῆς</em></strong></span> <span class='ocrx_word' id='word_1_298' title='bbox 1041 2364 1201 2422; x_wconf 75' lang='grc' dir='ltr'><strong><em>ὀφρύης</em></strong></span> <span class='ocrx_word' id='word_1_299' title='bbox 1228 2365 1379 2421; x_wconf 76' lang='grc' dir='ltr'><strong><em>ταύτης</em></strong></span> <span class='ocrx_word' id='word_1_300' title='bbox 1404 2367 1457 2410; x_wconf 79' lang='grc' dir='ltr'>τοὶ</span> <span class='ocrx_word' id='word_1_301' title='bbox 1485 2370 1588 2427; x_wconf 83' lang='grc' dir='ltr'><strong><em>πρὸς</em></strong></span> 
     </span>
     <span class='ocr_line' id='line_1_31' title="bbox 151 2427 1588 2491; baseline 0.008 -22"><span class='ocrx_word' id='word_1_302' title='bbox 151 2427 274 2470; x_wconf 87' lang='grc' dir='ltr'><strong><em>νότον</em></strong></span> <span class='ocrx_word' id='word_1_303' title='bbox 302 2430 369 2470; x_wconf 85' lang='grc' dir='ltr'><strong><em>καὶ</em></strong></span> <span class='ocrx_word' id='word_1_304' title='bbox 396 2429 611 2485; x_wconf 80' lang='grc' dir='ltr'><strong><em>μεσόγαιον</em></strong></span> <span class='ocrx_word' id='word_1_305' title='bbox 636 2435 710 2486; x_wconf 84' lang='grc' dir='ltr'><strong><em>τῆς</em></strong></span> <span class='ocrx_word' id='word_1_306' title='bbox 736 2431 905 2487; x_wconf 79' lang='grc' dir='ltr'><strong><em>Λιβύης</em></strong></span> <span class='ocrx_word' id='word_1_307' title='bbox 941 2432 1090 2490; x_wconf 71' lang='grc' dir='ltr'><strong><em>ἕρημος</em></strong></span> <span class='ocrx_word' id='word_1_308' title='bbox 1134 2434 1199 2476; x_wconf 81' lang='grc' dir='ltr'><strong><em>καὶ</em></strong></span> <span class='ocrx_word' id='word_1_309' title='bbox 1235 2432 1409 2491; x_wconf 70' lang='grc' dir='ltr'><strong><em>ἄνυδρος</em></strong></span> <span class='ocrx_word' id='word_1_310' title='bbox 1443 2438 1509 2480; x_wconf 81' lang='grc' dir='ltr'><strong><em>καὶ</em></strong></span> <span class='ocrx_word' id='word_1_311' title='bbox 1539 2437 1588 2481; x_wconf 73' lang='grc' dir='ltr'>ἅ-</span> 
     </span>
     <span class='ocr_line' id='line_1_32' title="bbox 152 2497 1587 2556; baseline 0.008 -19"><span class='ocrx_word' id='word_1_312' title='bbox 152 2499 288 2551; x_wconf 71' lang='grc' dir='ltr'><strong><em>θηρος</em></strong></span> <span class='ocrx_word' id='word_1_313' title='bbox 327 2498 393 2538; x_wconf 85' lang='grc' dir='ltr'><strong><em>καὶ</em></strong></span> <span class='ocrx_word' id='word_1_314' title='bbox 433 2497 640 2554; x_wconf 73' lang='grc' dir='ltr'><strong><em>ἄνομβρος</em></strong></span> <span class='ocrx_word' id='word_1_315' title='bbox 670 2503 695 2554; x_wconf 70' lang='grc'>’(</span> <span class='ocrx_word' id='word_1_316' title='bbox 711 2503 820 2553; x_wconf 87' lang='lat' dir='ltr'>quod</span> <span class='ocrx_word' id='word_1_317' title='bbox 854 2517 937 2542; x_wconf 91' lang='lat' dir='ltr'>non</span> <span class='ocrx_word' id='word_1_318' title='bbox 974 2517 1139 2556; x_wconf 86' lang='lat' dir='ltr'>prorsus</span> <span class='ocrx_word' id='word_1_319' title='bbox 1172 2517 1318 2544; x_wconf 84' lang='lat' dir='ltr'>verum</span> <span class='ocrx_word' id='word_1_320' title='bbox 1352 2521 1437 2546; x_wconf 81' lang='lat' dir='ltr'>esse</span> <span class='ocrx_word' id='word_1_321' title='bbox 1468 2497 1587 2550; x_wconf 86' lang='lat' dir='ltr'>docui</span> 
     </span>
     <span class='ocr_line' id='line_1_33' title="bbox 153 2568 1591 2626; baseline 0.01 -22"><span class='ocrx_word' id='word_1_322' title='bbox 153 2568 371 2606; x_wconf 81' lang='lat' dir='ltr'>Meteorol.</span> <span class='ocrx_word' id='word_1_323' title='bbox 392 2576 473 2607; x_wconf 74' lang='lat' dir='ltr'>vet.</span> <span class='ocrx_word' id='word_1_324' title='bbox 497 2569 568 2608; x_wconf 85' lang='lat' dir='ltr'>Gr.</span> <span class='ocrx_word' id='word_1_325' title='bbox 587 2577 627 2607; x_wconf 84' lang='lat' dir='ltr'>et</span> <span class='ocrx_word' id='word_1_326' title='bbox 642 2571 763 2609; x_wconf 88' lang='lat' dir='ltr'>Rom.</span> <span class='ocrx_word' id='word_1_327' title='bbox 785 2572 857 2620; x_wconf 91' lang='lat' dir='ltr'>VI,</span> <span class='ocrx_word' id='word_1_328' title='bbox 880 2575 942 2611; x_wconf 88' lang='lat'>17.</span> <span class='ocrx_word' id='word_1_329' title='bbox 971 2578 1051 2610; x_wconf 80' lang='lat' dir='ltr'>not.</span> <span class='ocrx_word' id='word_1_330' title='bbox 1073 2575 1112 2611; x_wconf 88' lang='lat'>8.</span> <span class='ocrx_word' id='word_1_331' title='bbox 1146 2586 1184 2624; x_wconf 87' lang='lat' dir='ltr'>p.</span> <span class='ocrx_word' id='word_1_332' title='bbox 1209 2572 1325 2626; x_wconf 87' lang='lat'><strong>106),</strong></span> <span class='ocrx_word' id='word_1_333' title='bbox 1355 2575 1420 2615; x_wconf 81' lang='grc' dir='ltr'><strong><em>καὶ</em></strong></span> <span class='ocrx_word' id='word_1_334' title='bbox 1442 2573 1591 2626; x_wconf 73' lang='grc' dir='ltr'><strong><em>ἅξυλός</em></strong></span> 
     </span>
     <span class='ocr_line' id='line_1_34' title="bbox 154 2629 1588 2691; baseline 0.008 -19"><span class='ocrx_word' id='word_1_335' title='bbox 154 2632 239 2673; x_wconf 79' lang='grc' dir='ltr'><strong><em>ἔστι</em></strong></span> <span class='ocrx_word' id='word_1_336' title='bbox 267 2629 292 2673; x_wconf 59' lang='lat'>9‘.</span> <span class='ocrx_word' id='word_1_337' title='bbox 323 2630 452 2688; x_wconf 84' lang='grc' dir='ltr'><strong><em>χώρη.</em></strong></span> <span class='ocrx_word' id='word_1_338' title='bbox 510 2637 566 2674; x_wconf 88' lang='lat' dir='ltr'>At</span> <span class='ocrx_word' id='word_1_339' title='bbox 593 2637 696 2676; x_wconf 89' lang='lat' dir='ltr'>bene</span> <span class='ocrx_word' id='word_1_340' title='bbox 731 2639 1153 2691; x_wconf 77' lang='lat' dir='ltr'>Koenigmannus</span> <span class='ocrx_word' id='word_1_341' title='bbox 1180 2640 1210 2678; x_wconf 89' lang='grc'>1.</span> <span class='ocrx_word' id='word_1_342' title='bbox 1227 2642 1254 2680; x_wconf 92' lang='lat' dir='ltr'>l.</span> <span class='ocrx_word' id='word_1_343' title='bbox 1282 2644 1366 2685; x_wconf 60' lang='lat' dir='ltr'>not.</span> <span class='ocrx_word' id='word_1_344' title='bbox 1386 2648 1464 2684; x_wconf 87' lang='grc'>196</span> <span class='ocrx_word' id='word_1_345' title='bbox 1496 2659 1588 2686; x_wconf 88' lang='lat' dir='ltr'>cor—</span> 
     </span>
     <span class='ocr_line' id='line_1_35' title="bbox 154 2705 1589 2765; baseline 0.009 -25"><span class='ocrx_word' id='word_1_346' title='bbox 154 2705 334 2754; x_wconf 60' lang='lat' dir='ltr'>ruptum*</span> <span class='ocrx_word' id='word_1_347' title='bbox 354 2710 488 2742; x_wconf 86' lang='lat' dir='ltr'>censet</span> <span class='ocrx_word' id='word_1_348' title='bbox 516 2705 756 2744; x_wconf 82' lang='lat' dir='ltr'>vocabulum</span> <span class='ocrx_word' id='word_1_349' title='bbox 787 2713 855 2745; x_wconf 87' lang='lat' dir='ltr'>aut</span> <span class='ocrx_word' id='word_1_350' title='bbox 883 2718 935 2745; x_wconf 84' lang='lat' dir='ltr'>ex</span> <span class='ocrx_word' id='word_1_351' title='bbox 956 2705 1093 2753; x_wconf 81' lang='grc' dir='ltr'><strong><em>νοτίοις</em></strong></span> <span class='ocrx_word' id='word_1_352' title='bbox 1110 2714 1178 2746; x_wconf 82' lang='lat' dir='ltr'>aut</span> <span class='ocrx_word' id='word_1_353' title='bbox 1199 2722 1252 2747; x_wconf 85' lang='lat' dir='ltr'>ex</span> <span class='ocrx_word' id='word_1_354' title='bbox 1270 2709 1449 2762; x_wconf 77' lang='grc' dir='ltr'><strong><em>νοτίδος,</em></strong></span> <span class='ocrx_word' id='word_1_355' title='bbox 1479 2715 1589 2765; x_wconf 86' lang='lat' dir='ltr'>quod</span> 
     </span>
     <span class='ocr_line' id='line_1_36' title="bbox 157 2769 1589 2833; baseline 0.01 -26"><span class='ocrx_word' id='word_1_356' title='bbox 157 2769 291 2809; x_wconf 88' lang='lat' dir='ltr'>elucet</span> <span class='ocrx_word' id='word_1_357' title='bbox 310 2784 362 2809; x_wconf 84' lang='lat' dir='ltr'>ex</span> <span class='ocrx_word' id='word_1_358' title='bbox 381 2773 635 2822; x_wconf 85' lang='lat' dir='ltr'>sequentibus</span> <span class='ocrx_word' id='word_1_359' title='bbox 666 2770 714 2812; x_wconf 70' lang='grc' dir='ltr'><strong><em>αἳ</em></strong></span> <span class='ocrx_word' id='word_1_360' title='bbox 737 2771 804 2812; x_wconf 79' lang='grc' dir='ltr'>διὰ</span> <span class='ocrx_word' id='word_1_361' title='bbox 829 2771 907 2826; x_wconf 83' lang='grc' dir='ltr'>τὴν</span> <span class='ocrx_word' id='word_1_362' title='bbox 934 2774 1051 2828; x_wconf 77' lang='grc' dir='ltr'><strong><em>πῆξιν</em></strong></span> <span class='ocrx_word' id='word_1_363' title='bbox 1078 2772 1315 2828; x_wconf 81' lang='grc' dir='ltr'><strong><em>ποιήσουσιν</em></strong></span> <span class='ocrx_word' id='word_1_364' title='bbox 1344 2775 1516 2833; x_wconf 74' lang='grc' dir='ltr'><strong><em>ἐτησίας.</em></strong></span> <span class='ocrx_word' id='word_1_365' title='bbox 1532 2803 1589 2812; x_wconf 81' lang='lat'>-</span> 
     </span>
     <span class='ocr_line' id='line_1_37' title="bbox 159 2833 1590 2899; baseline 0.012 -25"><span class='ocrx_word' id='word_1_366' title='bbox 159 2836 269 2888; x_wconf 82' lang='grc' dir='ltr'><strong><em>τῆξιν</em></strong></span> <span class='ocrx_word' id='word_1_367' title='bbox 297 2851 373 2890; x_wconf 82' lang='lat' dir='ltr'>pro</span> <span class='ocrx_word' id='word_1_368' title='bbox 401 2839 517 2892; x_wconf 79' lang='grc' dir='ltr'><strong><em>πῆξιν</em></strong></span> <span class='ocrx_word' id='word_1_369' title='bbox 545 2854 651 2880; x_wconf 89' lang='lat' dir='ltr'>corr.</span> <span class='ocrx_word' id='word_1_370' title='bbox 683 2843 730 2881; x_wconf 90' lang='lat' dir='ltr'>E.</span> <span class='ocrx_word' id='word_1_371' title='bbox 771 2843 964 2893; x_wconf 77' lang='lat' dir='ltr'>praebent</span> <span class='ocrx_word' id='word_1_372' title='bbox 991 2845 1042 2883; x_wconf 90' lang='lat' dir='ltr'>N.</span> <span class='ocrx_word' id='word_1_373' title='bbox 1068 2842 1180 2883; x_wconf 85' lang='lat' dir='ltr'>Cam.</span> <span class='ocrx_word' id='word_1_374' title='bbox 1206 2833 1286 2899; x_wconf 48' lang='lat' dir='ltr'><em>W</em></span> <span class='ocrx_word' id='word_1_375' title='bbox 1308 2847 1400 2888; x_wconf 82' lang='lat' dir='ltr'>Cas.</span> <span class='ocrx_word' id='word_1_376' title='bbox 1431 2873 1485 2879; x_wconf 94' lang='lat'>-—-</span> <span class='ocrx_word' id='word_1_377' title='bbox 1524 2854 1590 2890; x_wconf 85' lang='lat' dir='ltr'>De</span> 
     </span>
    </p>
   </div>
  </div>
 </body>
</html>
