1812 3158
355 364 448 415 386
568 378 1012 419 COMMENTARIUS
1038 378 1097 417 IN
1122 378 1525 417 METEOROLOG.

355 489 496 527 delicet
515 489 720 527 derelictus
740 494 809 536 est,
838 488 1010 539 conspici
1027 493 1168 538 potest,
1194 499 1268 524 nec
1286 499 1422 525 rursus
1437 488 1551 535 ultra,
1573 488 1645 524 nisi
1666 493 1748 524 toto

354 568 425 592 suo
447 555 595 592 circulo
612 554 805 602 confecto,
835 553 886 590 ad
903 553 1010 591 idem
1030 559 1218 604 punctum
1236 551 1403 599 rediens,
1426 565 1562 590 rursus
1579 553 1749 590 derelin-

354 627 507 670 quatur.
564 625 696 670 Atque
720 619 775 656 ita
800 619 1099 669 intelligendum
1119 619 1298 666 videtur,
1327 618 1433 668 quod
1458 619 1512 656 ait
1543 618 1648 656 sidus
1677 618 1752 654 hoc

353 685 573 723 tardissime
591 685 777 735 relinqui.
834 685 950 733 Nam,
977 687 1010 723 si
1027 686 1133 724 sidus
1152 685 1321 735 relinqui
1348 684 1447 721 nihil
1478 684 1585 721 aliud
1611 685 1660 720 sit
1677 683 1752 720 hoc

353 750 395 788 in
411 751 522 798 loco,
550 765 665 802 quam
692 751 884 788 circulum
918 765 1034 790 suum
1061 751 1254 790 conficere
1280 758 1320 788 et
1351 750 1593 788 conficiendo
1623 749 1670 786 ab
1694 749 1752 795 iis,

355 828 454 865 quae
473 818 647 855 velocius
668 823 889 864 moventur,
913 818 1084 868 relinqui
1103 817 1218 869 (quae
1236 829 1327 854 sane
1348 817 1429 854 eius
1447 816 1627 854 vocabuli
1645 828 1754 852 com-

354 883 483 920 munis
509 888 566 920 est
588 882 695 934 apud
718 883 951 933 astrologos,
992 896 1107 933 quam
1126 882 1353 921 Alexander
1376 883 1578 933 probavit,
1607 879 1756 931 signifi-

355 946 471 999 catio)
501 949 633 987 doceri
654 950 832 1000 profecto
850 949 1004 999 nequit,
1035 948 1244 999 quomodo,
1277 949 1366 999 quia
1389 948 1607 986 tardissime
1632 946 1756 985 relin-

355 1020 518 1063 quatur,
549 1013 625 1052 hoc
650 1021 727 1063 est,
756 1029 913 1053 cursum
934 1028 1048 1052 suum
1067 1014 1266 1063 conficiat,
1295 1028 1386 1052 raro
1413 1020 1453 1052 et
1479 1026 1552 1064 per
1578 1013 1755 1062 longiora

354 1081 544 1129 temporis
561 1081 783 1126 intervalla,
805 1094 921 1131 quam
941 1080 1070 1119 sidera
1087 1087 1240 1118 caetera
1258 1081 1528 1131 conspiciatur.
1567 1080 1756 1116 Saturnus

355 1145 459 1182 enim
491 1146 711 1183 tardissime
740 1148 930 1184 circulum
966 1160 1078 1183 suum
1105 1146 1282 1194 conficit,
1321 1147 1372 1183 ob
1402 1159 1567 1196 eamque
1605 1157 1757 1182 causam

354 1211 573 1248 tardissime
601 1212 908 1262 derelinquitur,
943 1212 1010 1261 qui
1039 1218 1117 1248 tam
1147 1225 1260 1261 saepe
1286 1218 1326 1249 et
1345 1214 1572 1262 frequenter
1599 1211 1755 1248 visitur.

357 1276 399 1313 Si
418 1276 635 1314 tardissime
663 1276 739 1314 hoc
763 1277 868 1315 sidus
897 1277 1088 1315 circulum
1114 1290 1227 1314 suum
1254 1277 1447 1315 conficere
1472 1278 1646 1324 dicatur,
1676 1275 1757 1319 fiet,

355 1347 398 1378 ut
426 1355 546 1391 quum
566 1343 625 1379 sol
647 1344 858 1391 velociter,
886 1356 1030 1393 nempe
1046 1355 1125 1380 uno
1145 1355 1268 1387 annu,
1298 1343 1433 1379 orbem
1454 1357 1567 1380 suum
1586 1347 1757 1392 peragat,

356 1408 560 1456 quotannis
580 1421 694 1445 suum
722 1408 827 1445 sidus
856 1409 938 1446 eius
965 1408 1074 1446 modi
1104 1408 1310 1446 circuitum
1338 1408 1541 1455 conficiet,
1570 1407 1690 1445 totius
1711 1419 1757 1443 eo

356 1478 535 1523 tempore
553 1486 574 1510 a
590 1474 673 1511 sole
693 1473 1009 1524 derelinquatur:
1038 1487 1153 1524 quam
1172 1474 1223 1511 ob
1247 1487 1333 1511 rem
1365 1475 1480 1511 toties
1503 1473 1618 1510 etiam
1644 1472 1759 1510 vide-

356 1539 483 1587 bitur,
527 1553 607 1577 non
630 1535 763 1576 'autem
792 1552 885 1577 raro
911 1545 956 1577 ut
985 1539 1139 1576 dicitur.
1196 1539 1304 1589 Quid
1333 1546 1464 1577 autem
1497 1539 1584 1577 dico
1615 1539 1728 1576 toties
1740 1539 1760 1575 ¹?

355 1605 436 1642 imo
457 1618 556 1642 vero
577 1618 754 1655 semper,
783 1605 857 1642 nisi
877 1617 954 1654 quo
976 1610 1156 1655 tempore
1171 1606 1249 1652 sol,
1276 1606 1343 1655 qui
1361 1605 1534 1644 velocius
1562 1609 1759 1651 movetur,

288 1706 298 1715 ,
354 1670 464 1708 iuxta
488 1670 593 1708 sidus
613 1671 794 1708 transibit
812 1683 962 1726 suoque
980 1671 1155 1721 fulgore,
1182 1671 1244 1719 id,
1273 1684 1323 1708 ne
1343 1676 1546 1716 cernatur,
1576 1670 1759 1707 obscura-

356 1735 431 1772 bit:
450 1743 494 1772 ut
512 1738 543 1773 si
561 1737 739 1774 crinitam
761 1749 885 1775 annos
902 1737 1101 1786 sexaginta
1119 1737 1287 1785 moveri,
1306 1736 1520 1787 orbemque
1536 1747 1647 1774 suum
1665 1745 1759 1770 con-

357 1800 474 1838 ficere
503 1806 735 1848 statuamus,
763 1803 816 1838 ita
843 1808 887 1838 ut
914 1802 1074 1850 singulis
1104 1803 1276 1853 quinque
1304 1802 1415 1838 annis
1443 1802 1593 1850 signum
1624 1812 1758 1847 unum,

356 1867 590 1916 singulisque
624 1866 735 1903 annis
765 1880 835 1903 sex
860 1866 1003 1915 gradus
1034 1872 1073 1903 et
1101 1867 1260 1916 singulis
1291 1866 1489 1903 mensibus
1515 1864 1757 1903 dimidiatum

356 1932 518 1981 gradum
538 1931 726 1978 conficiat,
754 1937 869 1981 atque
886 1931 927 1967 in
947 1931 1094 1968 Arietis
1123 1933 1262 1969 eodem
1289 1933 1413 1982 gradu
1436 1938 1474 1969 et
1491 1931 1613 1968 solem
1641 1936 1679 1967 et
1705 1930 1759 1966 si-

357 1997 429 2034 dus
450 2010 651 2048 ponamus.
707 1997 796 2034 Fiet
817 1996 947 2046 igitur,
976 2002 1020 2034 ut
1041 2009 1117 2046 quo
1136 2003 1330 2047 tempore,
1353 2010 1496 2047 nempe
1515 2010 1646 2033 mense
1665 2008 1757 2041 une,

356 2063 415 2099 sol
449 2064 648 2113 integrum
677 2063 849 2112 signum,
888 2060 994 2099 sidus
1022 2062 1121 2099 illud
1148 2062 1392 2100 dimidiatum
1421 2062 1581 2113 gradum
1607 2067 1758 2099 tantum

356 2129 576 2176 confecerit,
596 2122 646 2165 ob'
668 2141 829 2179 eamque
848 2141 1004 2165 causum
1024 2128 1134 2178 signo
1157 2129 1242 2166 fere
1264 2129 1418 2179 integro
1437 2141 1459 2164 a
1478 2129 1559 2165 sole
1577 2128 1758 2165 relictum

357 2193 418 2231 sit.
477 2195 611 2244 Itaque
630 2206 652 2230 a
672 2194 762 2231 solis
788 2193 998 2244 splendore
1016 2194 1226 2232 liberatum
1249 2194 1379 2232 videri
1398 2194 1570 2243 incipiat,
1598 2198 1760 2242 totoque

357 2260 534 2309 sequenti
559 2266 758 2310 tempore,
779 2259 892 2310 'quod
918 2272 1054 2296 rursus
1083 2259 1134 2296 ad
1166 2261 1295 2310 ipsum
1320 2260 1441 2297 solem
1469 2258 1626 2305 redeat,
1664 2270 1760 2295 con-

356 2325 561 2374 spiciatur:
583 2324 688 2362 sidus
705 2338 797 2376 ergo
815 2326 1033 2363 tardissime
1047 2325 1277 2377 derelinqui,
1297 2339 1376 2363 non
1395 2325 1448 2362 ita
1467 2322 1758 2373 exponendum,

357 2389 425 2426 sed
448 2404 494 2427 eo
515 2389 647 2438 m0d0‚
674 2403 752 2441 quo
774 2391 920 2429 dictum
941 2398 1012 2436 est,
1040 2405 1160 2442 quum
1179 2392 1364 2430 videlicet
1392 2404 1470 2429 una
1488 2403 1576 2428 cum
1594 2389 1677 2425 sole
1697 2389 1760 2426 in-

356 2455 555 2506 greditur,
583 2469 797 2506 paremque
819 2470 908 2494 cum
931 2471 979 2494 eo
1006 2458 1092 2495 fere
1119 2459 1356 2496 celeritatem
1385 2456 1523 2501 habet,
1552 2461 1594 2492 ut
1613 2454 1760 2503 longis-

357 2521 497 2558 simum
529 2527 685 2571 tempus
714 2522 761 2559 ad
791 2536 836 2560 ea
862 2523 968 2561 inter
1001 2537 1043 2561 se
1078 2523 1333 2574 disiungenda
1362 2522 1604 2572 requiratur,
1652 2519 1757 2569 quod

358 2587 559 2624 Mercurio
587 2588 704 2625 etiam
732 2589 894 2625 evenire
921 2595 1034 2626 antea
1066 2588 1213 2627 dictum
1235 2596 1304 2627 est.
1363 2589 1462 2626 Cum
1484 2591 1613 2642 autem
1636 2583 1756 2620 semel

357 2664 379 2688 a
397 2651 480 2688 sole
501 2652 682 2690 relictum
707 2660 774 2701 est,
805 2660 902 2700 tum,
933 2655 1024 2704 quia
1041 2655 1161 2692 radiis
1181 2656 1262 2692 eius
1284 2652 1448 2692 liberum
1469 2651 1528 2694 sit,
1548 2647 1756 2685 visendum

357 2729 399 2753 se
418 2716 630 2765 praebere,
660 2718 728 2754 sed
749 2730 837 2755 cum
858 2719 908 2755 ad
927 2720 1051 2756 solem
1070 2719 1270 2767 protinus,
1299 2721 1366 2752 aut
1385 2714 1445 2752 sol
1474 2713 1523 2750 ad
1542 2713 1669 2763 ipsum
1689 2726 1757 2751 re-

356 2781 578 2830 grediatur,
608 2795 689 2820 nun
706 2785 810 2821 ultra
829 2784 1020 2833 conspici,
1049 2782 1175 2832 quoad
1200 2781 1344 2819 circulo
1369 2785 1453 2816 toto
1478 2780 1657 2817 confecto
1669 2807 1681 2824 ,
1707 2779 1755 2815 ad
