<?xml version="1.0" encoding="UTF-8"?>
<!DOCTYPE html PUBLIC "-//W3C//DTD XHTML 1.0 Transitional//EN"
    "http://www.w3.org/TR/xhtml1/DTD/xhtml1-transitional.dtd">
<html xmlns="http://www.w3.org/1999/xhtml" xml:lang="en" lang="en">
 <head>
  <title>
</title>
<meta http-equiv="Content-Type" content="text/html;charset=utf-8" />
  <meta name='ocr-system' content='tesseract 3.04.00' />
  <meta name='ocr-capabilities' content='ocr_page ocr_carea ocr_par ocr_line ocrx_word'/>
</head>
<body>
  <div class='ocr_page' id='page_1' title='image "./meteorologicorum01arisuoft_0334.png"; bbox 0 0 1760 3138; ppageno 0'>
   <div class='ocr_carea' id='block_1_1' title="bbox 269 343 1495 391">
    <p class='ocr_par' dir='ltr' id='par_1_1' title="bbox 269 343 1495 391">
     <span class='ocr_line' id='line_1_1' title="bbox 269 343 1495 391; baseline 0.003 -5"><span class='ocrx_word' id='word_1_1' title='bbox 269 343 363 387; x_wconf 79' lang='lat'><strong><em>294</em></strong></span> <span class='ocrx_word' id='word_1_2' title='bbox 433 350 726 391; x_wconf 85' lang='lat' dir='ltr'><strong>EXCERPTA</strong></span> <span class='ocrx_word' id='word_1_3' title='bbox 747 350 828 387; x_wconf 83' lang='lat' dir='ltr'><strong><em>Ex</em></strong></span> <span class='ocrx_word' id='word_1_4' title='bbox 847 349 1140 388; x_wconf 86' lang='lat' dir='ltr'>COMMENT.</span> <span class='ocrx_word' id='word_1_5' title='bbox 1162 349 1495 390; x_wconf 84' lang='lat' dir='ltr'><strong>ALEXANDRI</strong></span> 
     </span>
    </p>
   </div>
   <div class='ocr_carea' id='block_1_2' title="bbox 249 453 1687 2616">
    <p class='ocr_par' dir='ltr' id='par_1_2' title="bbox 259 453 1687 970">
     <span class='ocr_line' id='line_1_2' title="bbox 267 453 1669 511; baseline 0 -11"><span class='ocrx_word' id='word_1_6' title='bbox 267 477 344 500; x_wconf 85' lang='grc' dir='ltr'><strong><em>ται.</em></strong></span> <span class='ocrx_word' id='word_1_7' title='bbox 373 459 448 499; x_wconf 65' lang='grc' dir='ltr'><strong><em>ἔδει</em></strong></span> <span class='ocrx_word' id='word_1_8' title='bbox 475 457 550 511; x_wconf 80' lang='grc' dir='ltr'><strong><em>γὰρ</em></strong></span> <span class='ocrx_word' id='word_1_9' title='bbox 579 455 674 497; x_wconf 82' lang='grc' dir='ltr'><strong><em>ὅσον</em></strong></span> <span class='ocrx_word' id='word_1_10' title='bbox 703 455 764 495; x_wconf 78' lang='grc' dir='ltr'><strong><em>ἐπὶ</em></strong></span> <span class='ocrx_word' id='word_1_11' title='bbox 793 453 924 510; x_wconf 76' lang='grc' dir='ltr'><strong><em>τούτῳ</em></strong></span> <span class='ocrx_word' id='word_1_12' title='bbox 954 453 1106 502; x_wconf 82' lang='grc' dir='ltr'><strong><em>πάντας</em></strong></span> <span class='ocrx_word' id='word_1_13' title='bbox 1131 453 1361 508; x_wconf 84' lang='grc' dir='ltr'><strong><em>ἀπηλιώτας</em></strong></span> <span class='ocrx_word' id='word_1_14' title='bbox 1387 456 1496 499; x_wconf 74' lang='grc' dir='ltr'><strong><em>εἶναι.</em></strong></span> <span class='ocrx_word' id='word_1_15' title='bbox 1524 458 1669 511; x_wconf 80' lang='grc' dir='ltr'><strong><em>ηὐτόλ-</em></strong></span> 
     </span>
     <span class='ocr_line' id='line_1_3' title="bbox 266 520 1687 578; baseline 0 -13"><span class='ocrx_word' id='word_1_16' title='bbox 266 541 366 578; x_wconf 87' lang='grc' dir='ltr'><strong><em>μησε</em></strong></span> <span class='ocrx_word' id='word_1_17' title='bbox 386 521 486 577; x_wconf 85' lang='grc' dir='ltr'><strong><em>πρὸς</em></strong></span> <span class='ocrx_word' id='word_1_18' title='bbox 507 520 784 575; x_wconf 84' lang='grc' dir='ltr'><strong><em>Θεόφραστον,</em></strong></span> <span class='ocrx_word' id='word_1_19' title='bbox 814 520 879 560; x_wconf 82' lang='grc' dir='ltr'><strong><em>καὶ</em></strong></span> <span class='ocrx_word' id='word_1_20' title='bbox 899 522 1053 572; x_wconf 85' lang='grc' dir='ltr'><strong><em>μᾶλλον</em></strong></span> <span class='ocrx_word' id='word_1_21' title='bbox 1072 520 1217 562; x_wconf 75' lang='grc' dir='ltr'><strong><em>ἕκεῖνον</em></strong></span> <span class='ocrx_word' id='word_1_22' title='bbox 1244 520 1478 575; x_wconf 77' lang='grc' dir='ltr'><em>ἀποδέχεται</em></span> <span class='ocrx_word' id='word_1_23' title='bbox 1507 524 1687 577; x_wconf 84' lang='grc' dir='ltr'><strong><em>λέγοντα-</em></strong></span> 
     </span>
     <span class='ocr_line' id='line_1_4' title="bbox 266 585 1669 645; baseline 0.001 -15"><span class='ocrx_word' id='word_1_24' title='bbox 266 589 337 642; x_wconf 73' lang='grc' dir='ltr'><strong><em>τὴν</em></strong></span> <span class='ocrx_word' id='word_1_25' title='bbox 365 589 494 629; x_wconf 77' lang='grc' dir='ltr'><strong><em>αἰτίαν</em></strong></span> <span class='ocrx_word' id='word_1_26' title='bbox 520 591 592 639; x_wconf 82' lang='grc' dir='ltr'><strong><em>τῆς</em></strong></span> <span class='ocrx_word' id='word_1_27' title='bbox 619 588 737 639; x_wconf 75' lang='grc' dir='ltr'><strong><em>λοξῆς</em></strong></span> <span class='ocrx_word' id='word_1_28' title='bbox 765 585 896 627; x_wconf 80' lang='grc' dir='ltr'><strong><em>αὐτῶν</em></strong></span> <span class='ocrx_word' id='word_1_29' title='bbox 923 585 1123 639; x_wconf 77' lang='grc' dir='ltr'><strong><em>κινήσεως.</em></strong></span> <span class='ocrx_word' id='word_1_30' title='bbox 1167 585 1271 641; x_wconf 70' lang='grc' dir='ltr'><strong><em>ἔλεγε</em></strong></span> <span class='ocrx_word' id='word_1_31' title='bbox 1313 586 1389 642; x_wconf 81' lang='grc' dir='ltr'><strong><em>γὰρ</em></strong></span> <span class='ocrx_word' id='word_1_32' title='bbox 1428 586 1449 629; x_wconf 84' lang='grc' dir='ltr'><em>ὃ</em></span> <span class='ocrx_word' id='word_1_33' title='bbox 1483 587 1669 645; x_wconf 78' lang='grc' dir='ltr'><strong><em>Θεόφρα-</em></strong></span> 
     </span>
     <span class='ocr_line' id='line_1_5' title="bbox 266 650 1670 708; baseline 0.001 -12"><span class='ocrx_word' id='word_1_34' title='bbox 266 668 379 705; x_wconf 84' lang='grc' dir='ltr'><strong><em>στος,</em></strong></span> <span class='ocrx_word' id='word_1_35' title='bbox 411 653 472 695; x_wconf 82' lang='grc' dir='ltr'><strong><em>ὅτι</em></strong></span> <span class='ocrx_word' id='word_1_36' title='bbox 494 655 619 701; x_wconf 80' lang='grc' dir='ltr'><strong><em>λοξῶς</em></strong></span> <span class='ocrx_word' id='word_1_37' title='bbox 641 655 839 692; x_wconf 78' lang='grc' dir='ltr'><strong><em>κινοῦνται</em></strong></span> <span class='ocrx_word' id='word_1_38' title='bbox 866 651 903 692; x_wconf 79' lang='grc' dir='ltr'><strong><em>οἱ</em></strong></span> <span class='ocrx_word' id='word_1_39' title='bbox 932 650 1067 705; x_wconf 73' lang='grc' dir='ltr'><strong><em>ἄνεμοι</em></strong></span> <span class='ocrx_word' id='word_1_40' title='bbox 1097 652 1163 692; x_wconf 82' lang='grc' dir='ltr'><strong><em>διὰ</em></strong></span> <span class='ocrx_word' id='word_1_41' title='bbox 1183 652 1228 694; x_wconf 86' lang='grc' dir='ltr'><strong><em>τὸ</em></strong></span> <span class='ocrx_word' id='word_1_42' title='bbox 1251 652 1518 708; x_wconf 80' lang='grc' dir='ltr'><strong><em>ἀνομοιομερῆ</em></strong></span> <span class='ocrx_word' id='word_1_43' title='bbox 1539 655 1670 697; x_wconf 76' lang='grc' dir='ltr'><strong><em>αὐτῶν</em></strong></span> 
     </span>
     <span class='ocr_line' id='line_1_6' title="bbox 263 716 1670 774; baseline 0.001 -13"><span class='ocrx_word' id='word_1_44' title='bbox 263 718 358 761; x_wconf 78' lang='grc' dir='ltr'><strong><em>εἶναι</em></strong></span> <span class='ocrx_word' id='word_1_45' title='bbox 386 718 457 772; x_wconf 84' lang='grc' dir='ltr'><strong><em>τὴν</em></strong></span> <span class='ocrx_word' id='word_1_46' title='bbox 483 718 606 772; x_wconf 76' lang='grc' dir='ltr'><strong><em>ὕλην,</em></strong></span> <span class='ocrx_word' id='word_1_47' title='bbox 656 718 835 759; x_wconf 78' lang='grc' dir='ltr'><strong><em>τουτέστι</em></strong></span> <span class='ocrx_word' id='word_1_48' title='bbox 871 716 945 770; x_wconf 86' lang='grc' dir='ltr'><strong><em>τὴν</em></strong></span> <span class='ocrx_word' id='word_1_49' title='bbox 982 716 1170 772; x_wconf 81' lang='grc' dir='ltr'><strong><em>καπνώδη</em></strong></span> <span class='ocrx_word' id='word_1_50' title='bbox 1201 719 1482 772; x_wconf 71' lang='grc' dir='ltr'><strong><em>ἀναθυμίασιν.</em></strong></span> <span class='ocrx_word' id='word_1_51' title='bbox 1521 720 1567 762; x_wconf 85' lang='grc' dir='ltr'><strong><em>τὸ</em></strong></span> <span class='ocrx_word' id='word_1_52' title='bbox 1596 722 1670 774; x_wconf 73' lang='grc' dir='ltr'><strong><em>μὲν</em></strong></span> 
     </span>
     <span class='ocr_line' id='line_1_7' title="bbox 261 782 1670 840; baseline 0.001 -14"><span class='ocrx_word' id='word_1_53' title='bbox 261 785 335 840; x_wconf 81' lang='grc' dir='ltr'><strong><em>γὰρ</em></strong></span> <span class='ocrx_word' id='word_1_54' title='bbox 363 784 486 838; x_wconf 80' lang='grc' dir='ltr'><strong><em>αυτῆς</em></strong></span> <span class='ocrx_word' id='word_1_55' title='bbox 513 784 595 825; x_wconf 72' lang='grc' dir='ltr'><strong><em>ἐστι</em></strong></span> <span class='ocrx_word' id='word_1_56' title='bbox 626 785 787 838; x_wconf 84' lang='grc' dir='ltr'><strong><em>γεῶδες,</em></strong></span> <span class='ocrx_word' id='word_1_57' title='bbox 826 782 872 824; x_wconf 86' lang='grc' dir='ltr'><strong><em>τὸ</em></strong></span> <span class='ocrx_word' id='word_1_58' title='bbox 903 783 947 824; x_wconf 81' lang='grc' dir='ltr'><strong><em>δὲ</em></strong></span> <span class='ocrx_word' id='word_1_59' title='bbox 975 800 1140 839; x_wconf 86' lang='grc' dir='ltr'><strong><em>κουφον.</em></strong></span> <span class='ocrx_word' id='word_1_60' title='bbox 1195 786 1260 826; x_wconf 82' lang='grc' dir='ltr'><strong><em>καὶ</em></strong></span> <span class='ocrx_word' id='word_1_61' title='bbox 1296 790 1368 827; x_wconf 85' lang='grc' dir='ltr'><strong><em>τοῦ</em></strong></span> <span class='ocrx_word' id='word_1_62' title='bbox 1398 786 1480 839; x_wconf 76' lang='grc' dir='ltr'><strong><em>μὲν</em></strong></span> <span class='ocrx_word' id='word_1_63' title='bbox 1518 787 1581 827; x_wconf 76' lang='grc' dir='ltr'><strong><em>ἐπὶ</em></strong></span> <span class='ocrx_word' id='word_1_64' title='bbox 1618 786 1670 828; x_wconf 82' lang='grc' dir='ltr'><strong><em>τὰ</em></strong></span> 
     </span>
     <span class='ocr_line' id='line_1_8' title="bbox 260 848 1668 907; baseline 0.001 -15"><span class='ocrx_word' id='word_1_65' title='bbox 260 851 369 892; x_wconf 82' lang='grc' dir='ltr'><strong><em>κάτω</em></strong></span> <span class='ocrx_word' id='word_1_66' title='bbox 396 852 638 905; x_wconf 84' lang='grc' dir='ltr'><strong><em>βρίθοντος,</em></strong></span> <span class='ocrx_word' id='word_1_67' title='bbox 679 854 753 891; x_wconf 80' lang='grc' dir='ltr'><strong><em>τοῦ</em></strong></span> <span class='ocrx_word' id='word_1_68' title='bbox 782 848 821 891; x_wconf 80' lang='grc' dir='ltr'><strong><em>δ’</em></strong></span> <span class='ocrx_word' id='word_1_69' title='bbox 847 849 909 890; x_wconf 76' lang='grc' dir='ltr'><strong><em>ἐπὶ</em></strong></span> <span class='ocrx_word' id='word_1_70' title='bbox 937 849 988 890; x_wconf 80' lang='grc' dir='ltr'><strong><em>τὰ</em></strong></span> <span class='ocrx_word' id='word_1_71' title='bbox 1016 848 1099 891; x_wconf 75' lang='grc' dir='ltr'><strong><em>ἅνω</em></strong></span> <span class='ocrx_word' id='word_1_72' title='bbox 1130 848 1332 902; x_wconf 72' lang='grc' dir='ltr'><strong><em>ἕλκοντος,</em></strong></span> <span class='ocrx_word' id='word_1_73' title='bbox 1389 853 1533 906; x_wconf 84' lang='grc' dir='ltr'><strong><em>γίνεται</em></strong></span> <span class='ocrx_word' id='word_1_74' title='bbox 1566 853 1668 907; x_wconf 82' lang='grc' dir='ltr'><strong><em>μέση</em></strong></span> 
     </span>
     <span class='ocr_line' id='line_1_9' title="bbox 259 914 1667 970; baseline 0.001 -13"><span class='ocrx_word' id='word_1_75' title='bbox 259 932 319 965; x_wconf 86' lang='grc' dir='ltr'><strong><em>τις</em></strong></span> <span class='ocrx_word' id='word_1_76' title='bbox 355 917 506 970; x_wconf 86' lang='grc' dir='ltr'><strong><em>κίνησις</em></strong></span> <span class='ocrx_word' id='word_1_77' title='bbox 545 914 657 969; x_wconf 81' lang='grc' dir='ltr'><strong><em>λοξή.</em></strong></span> <span class='ocrx_word' id='word_1_78' title='bbox 710 917 775 957; x_wconf 86' lang='grc' dir='ltr'><strong><em>καὶ</em></strong></span> <span class='ocrx_word' id='word_1_79' title='bbox 813 915 880 956; x_wconf 82' lang='grc' dir='ltr'><strong><em>διὰ</em></strong></span> <span class='ocrx_word' id='word_1_80' title='bbox 909 919 1028 957; x_wconf 81' lang='grc' dir='ltr'><strong><em>τοῦτο</em></strong></span> <span class='ocrx_word' id='word_1_81' title='bbox 1060 918 1186 964; x_wconf 82' lang='grc' dir='ltr'><strong><em>λοξῶς</em></strong></span> <span class='ocrx_word' id='word_1_82' title='bbox 1215 933 1250 957; x_wconf 95' lang='grc' dir='ltr'><strong><em>οι</em></strong></span> <span class='ocrx_word' id='word_1_83' title='bbox 1282 917 1418 970; x_wconf 72' lang='grc' dir='ltr'><strong><em>ἄνεμοι</em></strong></span> <span class='ocrx_word' id='word_1_84' title='bbox 1456 923 1667 959; x_wconf 85' lang='grc' dir='ltr'><strong><em>κινοῦνται.</em></strong></span> 
     </span>
    </p>

    <p class='ocr_par' dir='ltr' id='par_1_3' title="bbox 249 980 1671 1564">
     <span class='ocr_line' id='line_1_10' title="bbox 259 980 1671 1041; baseline 0.002 -18"><span class='ocrx_word' id='word_1_85' title='bbox 259 981 391 1038; x_wconf 78' lang='grc' dir='ltr'><strong><em>ὥσπερ</em></strong></span> <span class='ocrx_word' id='word_1_86' title='bbox 429 983 494 1023; x_wconf 83' lang='grc' dir='ltr'><strong><em>καὶ</em></strong></span> <span class='ocrx_word' id='word_1_87' title='bbox 532 981 594 1022; x_wconf 72' lang='grc' dir='ltr'><strong><em>ἐπὶ</em></strong></span> <span class='ocrx_word' id='word_1_88' title='bbox 631 986 703 1023; x_wconf 85' lang='grc' dir='ltr'><strong><em>τοῦ</em></strong></span> <span class='ocrx_word' id='word_1_89' title='bbox 743 980 834 1023; x_wconf 74' lang='grc' dir='ltr'><strong><em>κατ’</em></strong></span> <span class='ocrx_word' id='word_1_90' title='bbox 869 981 1159 1036; x_wconf 78' lang='grc' dir='ltr'><strong><em>ἓκπυρηνισμὸν</em></strong></span> <span class='ocrx_word' id='word_1_91' title='bbox 1196 982 1401 1036; x_wconf 74' lang='grc' dir='ltr'><strong><em>γινομένου</em></strong></span> <span class='ocrx_word' id='word_1_92' title='bbox 1439 983 1671 1041; x_wconf 76' lang='grc' dir='ltr'><strong><em>διᾴττοντος</em></strong></span> 
     </span>
     <span class='ocr_line' id='line_1_11' title="bbox 258 1045 1670 1105; baseline 0.001 -16"><span class='ocrx_word' id='word_1_93' title='bbox 258 1046 451 1102; x_wconf 71' lang='grc' dir='ltr'><strong><em>ἐλέγομεν.</em></strong></span> <span class='ocrx_word' id='word_1_94' title='bbox 493 1046 584 1089; x_wconf 73' lang='grc' dir='ltr'><strong><em>ἀλλ’</em></strong></span> <span class='ocrx_word' id='word_1_95' title='bbox 609 1046 709 1100; x_wconf 68' lang='grc' dir='ltr'><strong><em>αὕτη</em></strong></span> <span class='ocrx_word' id='word_1_96' title='bbox 739 1048 812 1100; x_wconf 73' lang='grc' dir='ltr'><strong><em>μὲν</em></strong></span> <span class='ocrx_word' id='word_1_97' title='bbox 839 1045 863 1100; x_wconf 71' lang='grc' dir='ltr'>ἡ</span> <span class='ocrx_word' id='word_1_98' title='bbox 891 1045 1087 1096; x_wconf 70' lang='grc' dir='ltr'><strong><em>ὑπόθεσις</em></strong></span> <span class='ocrx_word' id='word_1_99' title='bbox 1115 1048 1307 1090; x_wconf 71' lang='grc' dir='ltr'><strong><em>ἔλέλεκται</em></strong></span> <span class='ocrx_word' id='word_1_100' title='bbox 1326 1050 1379 1103; x_wconf 56' lang='grc' dir='ltr'><strong><em>*ἢ</em></strong></span> <span class='ocrx_word' id='word_1_101' title='bbox 1409 1050 1450 1090; x_wconf 75' lang='grc' dir='ltr'><strong><em>ἓν</em></strong></span> <span class='ocrx_word' id='word_1_102' title='bbox 1476 1053 1533 1105; x_wconf 73' lang='grc' dir='ltr'><strong><em>τῷ</em></strong></span> <span class='ocrx_word' id='word_1_103' title='bbox 1562 1049 1670 1104; x_wconf 83' lang='grc' dir='ltr'><strong><em>πρώ-</em></strong></span> 
     </span>
     <span class='ocr_line' id='line_1_12' title="bbox 258 1112 1669 1169; baseline 0.003 -16"><span class='ocrx_word' id='word_1_104' title='bbox 258 1114 315 1169; x_wconf 82' lang='grc' dir='ltr'><strong><em>τῳ</em></strong></span> <span class='ocrx_word' id='word_1_105' title='bbox 342 1114 499 1169; x_wconf 78' lang='grc' dir='ltr'><strong><em>βιβλίῳ.</em></strong></span> <span class='ocrx_word' id='word_1_106' title='bbox 547 1112 568 1154; x_wconf 84' lang='grc' dir='ltr'><em>ὃ</em></span> <span class='ocrx_word' id='word_1_107' title='bbox 597 1113 731 1165; x_wconf 84' lang='grc' dir='ltr'><strong><em>μέντοι</em></strong></span> <span class='ocrx_word' id='word_1_108' title='bbox 759 1112 1034 1168; x_wconf 80' lang='grc' dir='ltr'><strong><em>Ἀφροδισιεὺς</em></strong></span> <span class='ocrx_word' id='word_1_109' title='bbox 1062 1114 1211 1167; x_wconf 80' lang='grc' dir='ltr'><strong><em>ταύτην</em></strong></span> <span class='ocrx_word' id='word_1_110' title='bbox 1237 1118 1391 1167; x_wconf 83' lang='grc' dir='ltr'><strong><em>μᾶλλον</em></strong></span> <span class='ocrx_word' id='word_1_111' title='bbox 1435 1115 1669 1168; x_wconf 76' lang='grc' dir='ltr'><strong><em>ἀποδέχεται</em></strong></span> 
     </span>
     <span class='ocr_line' id='line_1_13' title="bbox 258 1175 1669 1235; baseline 0.002 -15"><span class='ocrx_word' id='word_1_112' title='bbox 258 1178 357 1234; x_wconf 77' lang='grc' dir='ltr'><strong><em>ἤπερ</em></strong></span> <span class='ocrx_word' id='word_1_113' title='bbox 386 1179 458 1233; x_wconf 84' lang='grc' dir='ltr'><strong><em>τὴν</em></strong></span> <span class='ocrx_word' id='word_1_114' title='bbox 489 1179 809 1235; x_wconf 79' lang='grc' dir='ltr'><strong><em>Ἀριστοτέλους,</em></strong></span> <span class='ocrx_word' id='word_1_115' title='bbox 850 1178 900 1232; x_wconf 65' lang='grc' dir='ltr'><strong><em>ἣν</em></strong></span> <span class='ocrx_word' id='word_1_116' title='bbox 929 1178 1079 1220; x_wconf 77' lang='grc' dir='ltr'><strong><em>ἄτοπον</em></strong></span> <span class='ocrx_word' id='word_1_117' title='bbox 1117 1175 1241 1220; x_wconf 72' lang='grc' dir='ltr'><strong><em>οὖσαν</em></strong></span> <span class='ocrx_word' id='word_1_118' title='bbox 1282 1180 1415 1222; x_wconf 77' lang='grc' dir='ltr'><strong><em>οἴεται.</em></strong></span> <span class='ocrx_word' id='word_1_119' title='bbox 1475 1179 1495 1222; x_wconf 80' lang='grc' dir='ltr'>ὁ</span> <span class='ocrx_word' id='word_1_120' title='bbox 1532 1183 1669 1233; x_wconf 82' lang='grc' dir='ltr'><strong><em>μέντοι</em></strong></span> 
     </span>
     <span class='ocr_line' id='line_1_14' title="bbox 256 1242 1669 1300; baseline 0.002 -14"><span class='ocrx_word' id='word_1_121' title='bbox 256 1245 378 1299; x_wconf 86' lang='grc' dir='ltr'><strong><em>μέγας</em></strong></span> <span class='ocrx_word' id='word_1_122' title='bbox 396 1244 637 1300; x_wconf 82' lang='grc' dir='ltr'><strong><em>φιλόσοφος,</em></strong></span> <span class='ocrx_word' id='word_1_123' title='bbox 668 1242 688 1285; x_wconf 84' lang='grc' dir='ltr'><strong>ὅ</strong></span> <span class='ocrx_word' id='word_1_124' title='bbox 707 1242 897 1299; x_wconf 75' lang='grc' dir='ltr'><strong><em>ἡμέτερος</em></strong></span> <span class='ocrx_word' id='word_1_125' title='bbox 923 1245 1137 1300; x_wconf 81' lang='grc' dir='ltr'><strong><em>πρόγονος,</em></strong></span> <span class='ocrx_word' id='word_1_126' title='bbox 1169 1242 1252 1286; x_wconf 79' lang='grc' dir='ltr'><strong><em>οἷον</em></strong></span> <span class='ocrx_word' id='word_1_127' title='bbox 1272 1253 1439 1300; x_wconf 77' lang='grc' dir='ltr'><strong><em>τροφεῖα</em></strong></span> <span class='ocrx_word' id='word_1_128' title='bbox 1460 1247 1669 1300; x_wconf 72' lang='grc' dir='ltr'><strong><em>ἀπονέμων</em></strong></span> 
     </span>
     <span class='ocr_line' id='line_1_15' title="bbox 249 1303 1668 1365; baseline 0.002 -14"><span class='ocrx_word' id='word_1_129' title='bbox 249 1309 531 1363; x_wconf 85' lang='grc' dir='ltr'><strong><em>Ἀριστοτέλει,</em></strong></span> <span class='ocrx_word' id='word_1_130' title='bbox 570 1311 780 1365; x_wconf 69' lang='grc' dir='ltr'><strong><em>ἐλευθεροῖ</em></strong></span> <span class='ocrx_word' id='word_1_131' title='bbox 804 1311 924 1352; x_wconf 78' lang='grc' dir='ltr'><strong><em>αὐτὸν</em></strong></span> <span class='ocrx_word' id='word_1_132' title='bbox 954 1315 1025 1364; x_wconf 76' lang='grc' dir='ltr'><strong><em>τῆς</em></strong></span> <span class='ocrx_word' id='word_1_133' title='bbox 1051 1303 1239 1364; x_wconf 78' lang='grc' dir='ltr'><strong><em>τοιαύτης</em></strong></span> <span class='ocrx_word' id='word_1_134' title='bbox 1267 1311 1447 1360; x_wconf 36' lang='grc' dir='ltr'><strong><em>ἀτοπιᾞας</em></strong></span> <span class='ocrx_word' id='word_1_135' title='bbox 1497 1314 1668 1354; x_wconf 82' lang='grc' dir='ltr'><strong><em>δείκνυσι</em></strong></span> 
     </span>
     <span class='ocr_line' id='line_1_16' title="bbox 255 1374 1668 1458; baseline 0.001 -40"><span class='ocrx_word' id='word_1_136' title='bbox 255 1376 346 1432; x_wconf 83' lang='grc' dir='ltr'><strong><em>γάρ,</em></strong></span> <span class='ocrx_word' id='word_1_137' title='bbox 377 1375 439 1418; x_wconf 81' lang='grc' dir='ltr'><strong><em>ὅτι</em></strong></span> <span class='ocrx_word' id='word_1_138' title='bbox 468 1376 540 1429; x_wconf 79' lang='grc' dir='ltr'><strong><em>οὐχ</em></strong></span> <span class='ocrx_word' id='word_1_139' title='bbox 570 1374 623 1424; x_wconf 86' lang='grc' dir='ltr'><strong><em>ὡς</em></strong></span> <span class='ocrx_word' id='word_1_140' title='bbox 652 1374 672 1418; x_wconf 81' lang='grc' dir='ltr'><em>ὃ</em></span> <span class='ocrx_word' id='word_1_141' title='bbox 696 1375 971 1457; x_wconf 79' lang='grc' dir='ltr'><strong><em>Ἀφροδισιεὺς</em></strong></span> <span class='ocrx_word' id='word_1_142' title='bbox 1000 1376 1164 1433; x_wconf 76' lang='grc' dir='ltr'><strong><em>ᾠηθη,</em></strong></span> <span class='ocrx_word' id='word_1_143' title='bbox 1176 1381 1295 1418; x_wconf 83' lang='grc' dir='ltr'><strong><em>τοῦτο</em></strong></span> <span class='ocrx_word' id='word_1_144' title='bbox 1326 1377 1422 1431; x_wconf 88' lang='grc' dir='ltr'><strong><em>λέγει</em></strong></span> <span class='ocrx_word' id='word_1_145' title='bbox 1430 1376 1668 1458; x_wconf 87' lang='grc' dir='ltr'><strong><em>Ἀριστοτέ-</em></strong></span> 
     </span>
     <span class='ocr_line' id='line_1_17' title="bbox 256 1441 1668 1498; baseline 0.003 -16"><span class='ocrx_word' id='word_1_146' title='bbox 256 1445 349 1495; x_wconf 89' lang='grc' dir='ltr'><strong><em>λης,</em></strong></span> <span class='ocrx_word' id='word_1_147' title='bbox 379 1441 440 1483; x_wconf 84' lang='grc' dir='ltr'><strong><em>ὅτι</em></strong></span> <span class='ocrx_word' id='word_1_148' title='bbox 461 1443 562 1497; x_wconf 84' lang='grc' dir='ltr'><strong><em>πρὸς</em></strong></span> <span class='ocrx_word' id='word_1_149' title='bbox 591 1442 662 1495; x_wconf 85' lang='grc' dir='ltr'><strong><em>τὴν</em></strong></span> <span class='ocrx_word' id='word_1_150' title='bbox 690 1442 822 1497; x_wconf 82' lang='grc' dir='ltr'><strong><em>φορὰν</em></strong></span> <span class='ocrx_word' id='word_1_151' title='bbox 850 1447 921 1484; x_wconf 81' lang='grc' dir='ltr'><strong><em>τοῦ</em></strong></span> <span class='ocrx_word' id='word_1_152' title='bbox 949 1442 1096 1491; x_wconf 88' lang='grc' dir='ltr'><strong><em>παντὸς</em></strong></span> <span class='ocrx_word' id='word_1_153' title='bbox 1124 1443 1253 1498; x_wconf 83' lang='grc' dir='ltr'><strong><em>κύκλῳ</em></strong></span> <span class='ocrx_word' id='word_1_154' title='bbox 1283 1444 1479 1484; x_wconf 80' lang='grc' dir='ltr'><strong><em>κινοῦνται</em></strong></span> <span class='ocrx_word' id='word_1_155' title='bbox 1510 1444 1547 1485; x_wconf 80' lang='grc' dir='ltr'><strong><em>οἳ</em></strong></span> <span class='ocrx_word' id='word_1_156' title='bbox 1577 1444 1668 1486; x_wconf 77' lang='grc' dir='ltr'><strong><em>ἄνε-</em></strong></span> 
     </span>
     <span class='ocr_line' id='line_1_18' title="bbox 254 1507 1662 1564; baseline 0.001 -15"><span class='ocrx_word' id='word_1_157' title='bbox 254 1524 325 1560; x_wconf 87' lang='grc' dir='ltr'><strong><em>μοι</em></strong></span> <span class='ocrx_word' id='word_1_158' title='bbox 354 1507 551 1562; x_wconf 79' lang='grc' dir='ltr'><strong><em>(οὐδαμοῦ</em></strong></span> <span class='ocrx_word' id='word_1_159' title='bbox 576 1524 652 1562; x_wconf 86' lang='grc' dir='ltr'><strong><em>γαρ</em></strong></span> <span class='ocrx_word' id='word_1_160' title='bbox 672 1511 791 1549; x_wconf 81' lang='grc' dir='ltr'><strong><em>τοῦτο</em></strong></span> <span class='ocrx_word' id='word_1_161' title='bbox 821 1508 1014 1562; x_wconf 74' lang='grc' dir='ltr'><strong><em>ἐλέγχεται</em></strong></span> <span class='ocrx_word' id='word_1_162' title='bbox 1043 1507 1211 1563; x_wconf 70' lang='grc' dir='ltr'><strong><em>λέγωνι</em></strong></span> <span class='ocrx_word' id='word_1_163' title='bbox 1195 1526 1215 1550; x_wconf 94' lang='grc' dir='ltr'><strong><em>ο</em></strong></span> <span class='ocrx_word' id='word_1_164' title='bbox 1237 1508 1541 1564; x_wconf 76' lang='grc' dir='ltr'><strong><em>Ἀριστοτέλης),</em></strong></span> <span class='ocrx_word' id='word_1_165' title='bbox 1569 1510 1662 1551; x_wconf 82' lang='grc' dir='ltr'><strong><em>ἀλλ’</em></strong></span> 
     </span>
    </p>

    <p class='ocr_par' dir='ltr' id='par_1_4' title="bbox 253 1571 1666 2548">
     <span class='ocr_line' id='line_1_19' title="bbox 256 1571 1666 1631; baseline 0.003 -17"><span class='ocrx_word' id='word_1_166' title='bbox 256 1572 319 1615; x_wconf 83' lang='grc' dir='ltr'><strong><em>ὅτι</em></strong></span> <span class='ocrx_word' id='word_1_167' title='bbox 346 1577 417 1627; x_wconf 84' lang='grc' dir='ltr'><strong><em>τῆς</em></strong></span> <span class='ocrx_word' id='word_1_168' title='bbox 446 1576 564 1627; x_wconf 81' lang='grc' dir='ltr'><strong><em>λοξῆς</em></strong></span> <span class='ocrx_word' id='word_1_169' title='bbox 594 1573 727 1615; x_wconf 78' lang='grc' dir='ltr'><strong><em>αὐτῶν</em></strong></span> <span class='ocrx_word' id='word_1_170' title='bbox 755 1571 942 1627; x_wconf 76' lang='grc' dir='ltr'><strong><em>κινήσεως</em></strong></span> <span class='ocrx_word' id='word_1_171' title='bbox 973 1575 1081 1615; x_wconf 74' lang='grc' dir='ltr'><strong><em>αἰτία</em></strong></span> <span class='ocrx_word' id='word_1_172' title='bbox 1108 1575 1214 1616; x_wconf 75' lang='grc' dir='ltr'><strong><em>ἐστὶν</em></strong></span> <span class='ocrx_word' id='word_1_173' title='bbox 1242 1573 1266 1628; x_wconf 76' lang='grc' dir='ltr'>ἡ</span> <span class='ocrx_word' id='word_1_174' title='bbox 1289 1577 1545 1631; x_wconf 86' lang='grc' dir='ltr'><strong><em>κυκλοφορία.</em></strong></span> <span class='ocrx_word' id='word_1_175' title='bbox 1579 1575 1666 1618; x_wconf 87' lang='grc' dir='ltr'><strong><em>ἀνι-</em></strong></span> 
     </span>
     <span class='ocr_line' id='line_1_20' title="bbox 257 1637 1666 1695; baseline 0.002 -15"><span class='ocrx_word' id='word_1_176' title='bbox 257 1637 380 1692; x_wconf 78' lang='grc' dir='ltr'><strong><em>οὗσης</em></strong></span> <span class='ocrx_word' id='word_1_177' title='bbox 406 1638 481 1694; x_wconf 84' lang='grc' dir='ltr'><strong><em>γάρ</em></strong></span> <span class='ocrx_word' id='word_1_178' title='bbox 511 1654 632 1694; x_wconf 85' lang='grc' dir='ltr'><strong><em>φησιν</em></strong></span> <span class='ocrx_word' id='word_1_179' title='bbox 662 1637 683 1681; x_wconf 83' lang='grc' dir='ltr'><strong><em>ὃ</em></strong></span> <span class='ocrx_word' id='word_1_180' title='bbox 710 1639 834 1693; x_wconf 82' lang='grc' dir='ltr'><strong><em>μέγας</em></strong></span> <span class='ocrx_word' id='word_1_181' title='bbox 870 1638 1093 1695; x_wconf 78' lang='grc' dir='ltr'><strong><em>φιλόσοφος</em></strong></span> <span class='ocrx_word' id='word_1_182' title='bbox 1129 1644 1202 1694; x_wconf 82' lang='grc' dir='ltr'><strong><em>τῆς</em></strong></span> <span class='ocrx_word' id='word_1_183' title='bbox 1237 1640 1471 1690; x_wconf 76' lang='grc' dir='ltr'><strong><em>καπνώδους</em></strong></span> <span class='ocrx_word' id='word_1_184' title='bbox 1509 1640 1666 1683; x_wconf 83' lang='grc' dir='ltr'><strong><em>ἀναθυ-</em></strong></span> 
     </span>
     <span class='ocr_line' id='line_1_21' title="bbox 254 1702 1666 1763; baseline 0.003 -18"><span class='ocrx_word' id='word_1_185' title='bbox 254 1702 428 1756; x_wconf 82' lang='grc' dir='ltr'><strong><em>μιάσεως</em></strong></span> <span class='ocrx_word' id='word_1_186' title='bbox 452 1705 568 1761; x_wconf 83' lang='grc' dir='ltr'><strong><em>μέχρι</em></strong></span> <span class='ocrx_word' id='word_1_187' title='bbox 596 1709 668 1747; x_wconf 79' lang='grc' dir='ltr'><strong><em>τοῦ</em></strong></span> <span class='ocrx_word' id='word_1_188' title='bbox 696 1705 1072 1760; x_wconf 84' lang='grc' dir='ltr'><strong><em>κυκλοφορουμένου</em></strong></span> <span class='ocrx_word' id='word_1_189' title='bbox 1101 1704 1218 1761; x_wconf 87' lang='grc' dir='ltr'><strong><em>ἀέρος</em></strong></span> <span class='ocrx_word' id='word_1_190' title='bbox 1240 1711 1313 1748; x_wconf 82' lang='grc' dir='ltr'><strong><em>τοῦ</em></strong></span> <span class='ocrx_word' id='word_1_191' title='bbox 1334 1708 1422 1762; x_wconf 82' lang='grc' dir='ltr'><strong><em>περὶ</em></strong></span> <span class='ocrx_word' id='word_1_192' title='bbox 1442 1706 1514 1763; x_wconf 84' lang='grc' dir='ltr'><strong><em>τὰς</em></strong></span> <span class='ocrx_word' id='word_1_193' title='bbox 1531 1706 1666 1763; x_wconf 85' lang='grc' dir='ltr'><strong><em>ἀκρω-</em></strong></span> 
     </span>
     <span class='ocr_line' id='line_1_22' title="bbox 255 1770 1663 1827; baseline 0.004 -17"><span class='ocrx_word' id='word_1_194' title='bbox 255 1771 376 1823; x_wconf 88' lang='grc' dir='ltr'><strong><em>ρείας,</em></strong></span> <span class='ocrx_word' id='word_1_195' title='bbox 407 1770 571 1827; x_wconf 80' lang='grc' dir='ltr'><strong><em>κάκείνῳ</em></strong></span> <span class='ocrx_word' id='word_1_196' title='bbox 591 1770 914 1825; x_wconf 84' lang='grc' dir='ltr'><strong><em>προσπταιούσης</em></strong></span> <span class='ocrx_word' id='word_1_197' title='bbox 935 1773 999 1812; x_wconf 87' lang='grc' dir='ltr'><strong><em>καὶ</em></strong></span> <span class='ocrx_word' id='word_1_198' title='bbox 1018 1773 1189 1813; x_wconf 74' lang='grc' dir='ltr'><strong><em>διελθεῖν</em></strong></span> <span class='ocrx_word' id='word_1_199' title='bbox 1211 1771 1334 1813; x_wconf 80' lang='grc' dir='ltr'><strong><em>αὐτὸν</em></strong></span> <span class='ocrx_word' id='word_1_200' title='bbox 1351 1771 1408 1826; x_wconf 85' lang='grc' dir='ltr'><strong><em>μὴ</em></strong></span> <span class='ocrx_word' id='word_1_201' title='bbox 1431 1774 1663 1827; x_wconf 89' lang='grc' dir='ltr'><strong><em>δυναμένης,</em></strong></span> 
     </span>
     <span class='ocr_line' id='line_1_23' title="bbox 253 1835 1663 1894; baseline 0.004 -18"><span class='ocrx_word' id='word_1_202' title='bbox 253 1839 371 1877; x_wconf 83' lang='grc' dir='ltr'><strong><em>τοῦτο</em></strong></span> <span class='ocrx_word' id='word_1_203' title='bbox 412 1837 486 1889; x_wconf 75' lang='grc' dir='ltr'><strong><em>μὲν</em></strong></span> <span class='ocrx_word' id='word_1_204' title='bbox 516 1835 580 1877; x_wconf 77' lang='grc' dir='ltr'><strong><em>διὰ</em></strong></span> <span class='ocrx_word' id='word_1_205' title='bbox 609 1836 654 1877; x_wconf 88' lang='grc' dir='ltr'><strong><em>τὸ</em></strong></span> <span class='ocrx_word' id='word_1_206' title='bbox 684 1836 803 1885; x_wconf 79' lang='grc' dir='ltr'><strong><em>ὀξέως</em></strong></span> <span class='ocrx_word' id='word_1_207' title='bbox 830 1840 1025 1877; x_wconf 78' lang='grc' dir='ltr'><strong><em>κινεῖσθαι</em></strong></span> <span class='ocrx_word' id='word_1_208' title='bbox 1055 1837 1201 1878; x_wconf 74' lang='grc' dir='ltr'><strong><em>ἐκεῖνον</em></strong></span> <span class='ocrx_word' id='word_1_209' title='bbox 1237 1837 1307 1878; x_wconf 86' lang='grc' dir='ltr'><strong><em>τὸν</em></strong></span> <span class='ocrx_word' id='word_1_210' title='bbox 1345 1837 1466 1893; x_wconf 86' lang='grc' dir='ltr'><strong><em>ἀέρα,</em></strong></span> <span class='ocrx_word' id='word_1_211' title='bbox 1518 1841 1583 1880; x_wconf 83' lang='grc' dir='ltr'><strong><em>καὶ</em></strong></span> <span class='ocrx_word' id='word_1_212' title='bbox 1612 1844 1663 1894; x_wconf 84' lang='grc' dir='ltr'><strong><em>τῇ</em></strong></span> 
     </span>
     <span class='ocr_line' id='line_1_24' title="bbox 255 1900 1662 1959; baseline 0.002 -17"><span class='ocrx_word' id='word_1_213' title='bbox 255 1900 361 1959; x_wconf 70' lang='grc' dir='ltr'><strong><em>ὀξείᾳ</em></strong></span> <span class='ocrx_word' id='word_1_214' title='bbox 395 1902 543 1955; x_wconf 82' lang='grc' dir='ltr'><strong><em>κινήσει</em></strong></span> <span class='ocrx_word' id='word_1_215' title='bbox 579 1901 835 1943; x_wconf 74' lang='grc' dir='ltr'><strong><em>λανθάνοντα</em></strong></span> <span class='ocrx_word' id='word_1_216' title='bbox 868 1901 941 1954; x_wconf 76' lang='grc' dir='ltr'><strong><em>τὴν</em></strong></span> <span class='ocrx_word' id='word_1_217' title='bbox 978 1901 1166 1955; x_wconf 83' lang='grc' dir='ltr'><strong><em>καπνώδη</em></strong></span> <span class='ocrx_word' id='word_1_218' title='bbox 1204 1901 1477 1954; x_wconf 83' lang='grc' dir='ltr'><strong><em>ἀναθυμίασιν</em></strong></span> <span class='ocrx_word' id='word_1_219' title='bbox 1513 1906 1578 1945; x_wconf 82' lang='grc' dir='ltr'><strong><em>καὶ</em></strong></span> <span class='ocrx_word' id='word_1_220' title='bbox 1605 1906 1662 1958; x_wconf 83' lang='grc' dir='ltr'><strong><em>μὴ</em></strong></span> 
     </span>
     <span class='ocr_line' id='line_1_25' title="bbox 255 1966 1663 2023; baseline 0.004 -17"><span class='ocrx_word' id='word_1_221' title='bbox 255 1967 529 2022; x_wconf 81' lang='grc' dir='ltr'><strong><em>διαιρούμενον</em></strong></span> <span class='ocrx_word' id='word_1_222' title='bbox 559 1967 614 2008; x_wconf 77' lang='grc' dir='ltr'><strong><em>δι’</em></strong></span> <span class='ocrx_word' id='word_1_223' title='bbox 639 1966 763 2021; x_wconf 79' lang='grc' dir='ltr'><strong><em>αὐτῆς</em></strong></span> <span class='ocrx_word' id='word_1_224' title='bbox 793 1968 905 2020; x_wconf 82' lang='grc' dir='ltr'><strong><em>δίκην</em></strong></span> <span class='ocrx_word' id='word_1_225' title='bbox 933 1970 1013 2009; x_wconf 81' lang='grc' dir='ltr'><strong><em>τῶν</em></strong></span> <span class='ocrx_word' id='word_1_226' title='bbox 1033 1966 1151 2015; x_wconf 79' lang='grc' dir='ltr'><strong><em>ὂξέως</em></strong></span> <span class='ocrx_word' id='word_1_227' title='bbox 1168 1969 1535 2023; x_wconf 81' lang='grc' dir='ltr'><strong><em>περιστρεφομένων</em></strong></span> <span class='ocrx_word' id='word_1_228' title='bbox 1558 1974 1663 2022; x_wconf 78' lang='grc' dir='ltr'><strong><em>βαυ-</em></strong></span> 
     </span>
     <span class='ocr_line' id='line_1_26' title="bbox 254 2031 1662 2089; baseline 0.002 -15"><span class='ocrx_word' id='word_1_229' title='bbox 254 2033 400 2074; x_wconf 88' lang='grc' dir='ltr'><strong><em>καλίων</em></strong></span> <span class='ocrx_word' id='word_1_230' title='bbox 417 2035 486 2088; x_wconf 68' lang='grc'><strong><em>**).</em></strong></span> <span class='ocrx_word' id='word_1_231' title='bbox 524 2035 589 2075; x_wconf 84' lang='grc' dir='ltr'><strong><em>καὶ</em></strong></span> <span class='ocrx_word' id='word_1_232' title='bbox 616 2037 743 2074; x_wconf 81' lang='grc' dir='ltr'><strong><em>ταῦτα</em></strong></span> <span class='ocrx_word' id='word_1_233' title='bbox 772 2031 847 2087; x_wconf 81' lang='grc' dir='ltr'><strong><em>γὰρ</em></strong></span> <span class='ocrx_word' id='word_1_234' title='bbox 875 2031 921 2073; x_wconf 85' lang='grc' dir='ltr'><strong><em>τὸ</em></strong></span> <span class='ocrx_word' id='word_1_235' title='bbox 951 2032 993 2073; x_wconf 76' lang='grc' dir='ltr'><strong><em>ἕν</em></strong></span> <span class='ocrx_word' id='word_1_236' title='bbox 1022 2031 1158 2081; x_wconf 77' lang='grc' dir='ltr'><strong><em>αὐτοῖς</em></strong></span> <span class='ocrx_word' id='word_1_237' title='bbox 1184 2033 1294 2089; x_wconf 71' lang='grc' dir='ltr'><strong><em>ὕδωρ</em></strong></span> <span class='ocrx_word' id='word_1_238' title='bbox 1323 2033 1370 2075; x_wconf 79' lang='grc' dir='ltr'><strong><em>οὐ</em></strong></span> <span class='ocrx_word' id='word_1_239' title='bbox 1399 2036 1566 2089; x_wconf 88' lang='grc' dir='ltr'><strong><em>μεθίησι</em></strong></span> <span class='ocrx_word' id='word_1_240' title='bbox 1595 2035 1662 2077; x_wconf 79' lang='grc' dir='ltr'><strong><em>διὰ</em></strong></span> 
     </span>
     <span class='ocr_line' id='line_1_27' title="bbox 253 2096 1661 2156; baseline 0.002 -17"><span class='ocrx_word' id='word_1_241' title='bbox 253 2097 326 2151; x_wconf 83' lang='grc' dir='ltr'><strong><em>τὴν</em></strong></span> <span class='ocrx_word' id='word_1_242' title='bbox 353 2098 525 2153; x_wconf 79' lang='grc' dir='ltr'><strong><em>ὀξύτητα</em></strong></span> <span class='ocrx_word' id='word_1_243' title='bbox 552 2102 622 2152; x_wconf 81' lang='grc' dir='ltr'><strong><em>τῆς</em></strong></span> <span class='ocrx_word' id='word_1_244' title='bbox 650 2096 848 2152; x_wconf 82' lang='grc' dir='ltr'><strong><em>κινήσεως.</em></strong></span> <span class='ocrx_word' id='word_1_245' title='bbox 891 2101 1010 2139; x_wconf 78' lang='grc' dir='ltr'><strong><em>τοῦτο</em></strong></span> <span class='ocrx_word' id='word_1_246' title='bbox 1042 2098 1085 2139; x_wconf 80' lang='grc' dir='ltr'><strong><em>δὲ</em></strong></span> <span class='ocrx_word' id='word_1_247' title='bbox 1115 2098 1180 2140; x_wconf 80' lang='grc' dir='ltr'><strong><em>διὰ</em></strong></span> <span class='ocrx_word' id='word_1_248' title='bbox 1208 2099 1281 2153; x_wconf 78' lang='grc' dir='ltr'><strong><em>τὴν</em></strong></span> <span class='ocrx_word' id='word_1_249' title='bbox 1308 2101 1534 2156; x_wconf 82' lang='grc' dir='ltr'><strong><em>παχυτέραν</em></strong></span> <span class='ocrx_word' id='word_1_250' title='bbox 1562 2099 1661 2142; x_wconf 77' lang='grc' dir='ltr'><strong><em>εἶναι</em></strong></span> 
     </span>
     <span class='ocr_line' id='line_1_28' title="bbox 254 2155 1661 2218; baseline 0.004 -14"><span class='ocrx_word' id='word_1_251' title='bbox 254 2163 403 2218; x_wconf 67' lang='grc' dir='ltr'><strong><em>ἐκείνην</em></strong></span> <span class='ocrx_word' id='word_1_252' title='bbox 431 2163 504 2218; x_wconf 85' lang='grc' dir='ltr'><strong><em>τὴν</em></strong></span> <span class='ocrx_word' id='word_1_253' title='bbox 529 2155 716 2218; x_wconf 74' lang='grc' dir='ltr'><strong><em>καπνώδη</em></strong></span> <span class='ocrx_word' id='word_1_254' title='bbox 746 2163 1041 2216; x_wconf 86' lang='grc' dir='ltr'><strong><em>ἀναθυμίασιν,</em></strong></span> <span class='ocrx_word' id='word_1_255' title='bbox 1071 2165 1136 2205; x_wconf 80' lang='grc' dir='ltr'><strong><em>καὶ</em></strong></span> <span class='ocrx_word' id='word_1_256' title='bbox 1163 2164 1220 2218; x_wconf 85' lang='grc' dir='ltr'><strong><em>μὴ</em></strong></span> <span class='ocrx_word' id='word_1_257' title='bbox 1250 2165 1403 2214; x_wconf 76' lang='grc' dir='ltr'><strong><em>εὐθέως</em></strong></span> <span class='ocrx_word' id='word_1_258' title='bbox 1433 2166 1661 2210; x_wconf 79' lang='grc' dir='ltr'><strong><em>διεισδύνειν</em></strong></span> 
     </span>
     <span class='ocr_line' id='line_1_29' title="bbox 253 2228 1658 2286; baseline 0.002 -15"><span class='ocrx_word' id='word_1_259' title='bbox 253 2231 309 2278; x_wconf 76' lang='grc' dir='ltr'><strong><em>εἷς</em></strong></span> <span class='ocrx_word' id='word_1_260' title='bbox 346 2228 415 2272; x_wconf 85' lang='grc' dir='ltr'><strong><em>τὸν</em></strong></span> <span class='ocrx_word' id='word_1_261' title='bbox 454 2228 825 2286; x_wconf 77' lang='grc' dir='ltr'><strong><em>κυκλοφορούμενον</em></strong></span> <span class='ocrx_word' id='word_1_262' title='bbox 862 2230 974 2285; x_wconf 85' lang='grc' dir='ltr'><strong><em>ἀέρα.</em></strong></span> <span class='ocrx_word' id='word_1_263' title='bbox 1030 2232 1333 2285; x_wconf 86' lang='grc' dir='ltr'><strong><em>προσπταιόυσα</em></strong></span> <span class='ocrx_word' id='word_1_264' title='bbox 1373 2233 1508 2273; x_wconf 83' lang='grc' dir='ltr'><strong><em>τοίνυν</em></strong></span> <span class='ocrx_word' id='word_1_265' title='bbox 1557 2232 1658 2286; x_wconf 76' lang='grc' dir='ltr'><strong><em>αὕτη</em></strong></span> 
     </span>
     <span class='ocr_line' id='line_1_30' title="bbox 253 2295 1659 2354; baseline 0.003 -18"><span class='ocrx_word' id='word_1_266' title='bbox 253 2295 385 2353; x_wconf 80' lang='grc' dir='ltr'><strong><em>τούτῳ</em></strong></span> <span class='ocrx_word' id='word_1_267' title='bbox 412 2301 469 2354; x_wconf 76' lang='grc' dir='ltr'><strong><em>τῷ</em></strong></span> <span class='ocrx_word' id='word_1_268' title='bbox 501 2296 585 2352; x_wconf 86' lang='grc' dir='ltr'><strong><em>ἀέρι</em></strong></span> <span class='ocrx_word' id='word_1_269' title='bbox 615 2297 679 2338; x_wconf 85' lang='grc' dir='ltr'><strong><em>καὶ</em></strong></span> <span class='ocrx_word' id='word_1_270' title='bbox 707 2295 826 2337; x_wconf 83' lang='grc' dir='ltr'><strong><em>πάλιν</em></strong></span> <span class='ocrx_word' id='word_1_271' title='bbox 853 2296 1159 2351; x_wconf 85' lang='grc' dir='ltr'><strong><em>ἀποπαλλομένη</em></strong></span> <span class='ocrx_word' id='word_1_272' title='bbox 1190 2295 1244 2345; x_wconf 81' lang='grc' dir='ltr'><strong><em>ὧς</em></strong></span> <span class='ocrx_word' id='word_1_273' title='bbox 1273 2298 1335 2338; x_wconf 74' lang='grc' dir='ltr'><strong><em>ἐπὶ</em></strong></span> <span class='ocrx_word' id='word_1_274' title='bbox 1367 2297 1418 2339; x_wconf 82' lang='grc' dir='ltr'><strong><em>τὰ</em></strong></span> <span class='ocrx_word' id='word_1_275' title='bbox 1439 2297 1561 2349; x_wconf 83' lang='grc' dir='ltr'><strong><em>κάτω,</em></strong></span> <span class='ocrx_word' id='word_1_276' title='bbox 1588 2315 1659 2340; x_wconf 91' lang='grc' dir='ltr'><strong><em>πε-</em></strong></span> 
     </span>
     <span class='ocr_line' id='line_1_31' title="bbox 254 2361 1657 2418; baseline 0.001 -16"><span class='ocrx_word' id='word_1_277' title='bbox 254 2363 505 2416; x_wconf 86' lang='grc' dir='ltr'><strong><em>πλανημένην</em></strong></span> <span class='ocrx_word' id='word_1_278' title='bbox 532 2368 699 2404; x_wconf 78' lang='grc' dir='ltr'><strong><em>ποιεῖται</em></strong></span> <span class='ocrx_word' id='word_1_279' title='bbox 727 2361 801 2415; x_wconf 85' lang='grc' dir='ltr'><strong><em>τὴν</em></strong></span> <span class='ocrx_word' id='word_1_280' title='bbox 828 2362 1002 2415; x_wconf 88' lang='grc' dir='ltr'><strong><em>κίνησιν,</em></strong></span> <span class='ocrx_word' id='word_1_281' title='bbox 1041 2363 1220 2404; x_wconf 88' lang='grc' dir='ltr'><strong><em>τουτέστι</em></strong></span> <span class='ocrx_word' id='word_1_282' title='bbox 1249 2363 1378 2418; x_wconf 74' lang='grc' dir='ltr'><strong><em>λοξήν,</em></strong></span> <span class='ocrx_word' id='word_1_283' title='bbox 1421 2365 1486 2405; x_wconf 84' lang='grc' dir='ltr'><strong><em>καὶ</em></strong></span> <span class='ocrx_word' id='word_1_284' title='bbox 1513 2365 1657 2417; x_wconf 87' lang='grc' dir='ltr'><strong><em>γίνεται</em></strong></span> 
     </span>
     <span class='ocr_line' id='line_1_32' title="bbox 254 2427 1657 2482; baseline 0.001 -14"><span class='ocrx_word' id='word_1_285' title='bbox 254 2433 469 2480; x_wconf 80' lang='grc' dir='ltr'><strong><em>τηνικαῦτα</em></strong></span> <span class='ocrx_word' id='word_1_286' title='bbox 499 2427 519 2470; x_wconf 84' lang='grc' dir='ltr'><strong>ὅ</strong></span> <span class='ocrx_word' id='word_1_287' title='bbox 550 2428 706 2481; x_wconf 73' lang='grc' dir='ltr'><strong><em>ἄνεμος.</em></strong></span> <span class='ocrx_word' id='word_1_288' title='bbox 764 2431 960 2482; x_wconf 85' lang='lat' dir='ltr'><strong>Olymp.</strong></span> <span class='ocrx_word' id='word_1_289' title='bbox 992 2431 1061 2469; x_wconf 87' lang='lat' dir='ltr'>sol.</span> <span class='ocrx_word' id='word_1_290' title='bbox 1084 2435 1148 2479; x_wconf 85' lang='lat'><strong><em>38,</em></strong></span> <span class='ocrx_word' id='word_1_291' title='bbox 1170 2432 1206 2470; x_wconf 92' lang='lat' dir='ltr'><strong><em>b.</em></strong></span> <span class='ocrx_word' id='word_1_292' title='bbox 1244 2452 1300 2459; x_wconf 89' lang='lat'>—</span> <span class='ocrx_word' id='word_1_293' title='bbox 1335 2454 1391 2462; x_wconf 92' lang='lat'>—</span> <span class='ocrx_word' id='word_1_294' title='bbox 1444 2431 1657 2470; x_wconf 85' lang='lat' dir='ltr'>Nonnullis</span> 
     </span>
     <span class='ocr_line' id='line_1_33' title="bbox 254 2495 1654 2548; baseline 0.003 -16"><span class='ocrx_word' id='word_1_295' title='bbox 254 2495 396 2534; x_wconf 81' lang='lat' dir='ltr'>deinde</span> <span class='ocrx_word' id='word_1_296' title='bbox 420 2498 654 2546; x_wconf 79' lang='lat' dir='ltr'>interiectis,</span> <span class='ocrx_word' id='word_1_297' title='bbox 686 2510 785 2548; x_wconf 87' lang='lat' dir='ltr'><strong>quae</strong></span> <span class='ocrx_word' id='word_1_298' title='bbox 807 2497 906 2535; x_wconf 80' lang='lat' dir='ltr'><strong>scire</strong></span> <span class='ocrx_word' id='word_1_299' title='bbox 934 2496 1035 2535; x_wconf 89' lang='lat' dir='ltr'>nihil</span> <span class='ocrx_word' id='word_1_300' title='bbox 1061 2497 1241 2546; x_wconf 81' lang='lat' dir='ltr'><strong>interest,</strong></span> <span class='ocrx_word' id='word_1_301' title='bbox 1279 2498 1406 2548; x_wconf 84' lang='lat' dir='ltr'><strong>pergit</strong></span> <span class='ocrx_word' id='word_1_302' title='bbox 1431 2497 1502 2534; x_wconf 85' lang='lat' dir='ltr'><strong>fol.</strong></span> <span class='ocrx_word' id='word_1_303' title='bbox 1527 2501 1592 2546; x_wconf 77' lang='lat'><strong><em>39,</em></strong></span> <span class='ocrx_word' id='word_1_304' title='bbox 1611 2511 1654 2536; x_wconf 78' lang='lat' dir='ltr'><strong><em>a:</em></strong></span> 
     </span>
    </p>

    <p class='ocr_par' dir='ltr' id='par_1_5' title="bbox 256 2558 1655 2616">
     <span class='ocr_line' id='line_1_34' title="bbox 256 2558 1655 2616; baseline 0.001 -16"><span class='ocrx_word' id='word_1_305' title='bbox 256 2561 397 2613; x_wconf 78' lang='grc' dir='ltr'><strong><em>φησίν,</em></strong></span> <span class='ocrx_word' id='word_1_306' title='bbox 436 2559 497 2601; x_wconf 83' lang='grc' dir='ltr'><strong><em>ὅτι</em></strong></span> <span class='ocrx_word' id='word_1_307' title='bbox 526 2558 686 2615; x_wconf 77' lang='grc' dir='ltr'><strong><em>ἄκριτός</em></strong></span> <span class='ocrx_word' id='word_1_308' title='bbox 721 2560 803 2601; x_wconf 75' lang='grc' dir='ltr'><strong><em>ἔστι</em></strong></span> <span class='ocrx_word' id='word_1_309' title='bbox 838 2560 903 2601; x_wconf 86' lang='grc' dir='ltr'><strong><em>καὶ</em></strong></span> <span class='ocrx_word' id='word_1_310' title='bbox 927 2559 1103 2616; x_wconf 79' lang='grc' dir='ltr'><strong><em>χαλεπὸς</em></strong></span> <span class='ocrx_word' id='word_1_311' title='bbox 1132 2558 1341 2615; x_wconf 81' lang='grc' dir='ltr'><strong><em>ὃὨρίων,</em></strong></span> <span class='ocrx_word' id='word_1_312' title='bbox 1379 2559 1580 2601; x_wconf 88' lang='grc' dir='ltr'><strong><em>τουτέστιν</em></strong></span> <span class='ocrx_word' id='word_1_313' title='bbox 1608 2560 1655 2601; x_wconf 76' lang='grc' dir='ltr'><strong><em>ἅ-</em></strong></span> 
     </span>
    </p>
   </div>
   <div class='ocr_carea' id='block_1_3' title="bbox 298 2699 1044 2810">
    <p class='ocr_par' dir='ltr' id='par_1_6' title="bbox 298 2699 1044 2810">
     <span class='ocr_line' id='line_1_35' title="bbox 298 2699 653 2744; baseline 0.011 -12"><span class='ocrx_word' id='word_1_314' title='bbox 298 2699 333 2740; x_wconf 89' lang='grc'><strong><em>*)</em></strong></span> <span class='ocrx_word' id='word_1_315' title='bbox 358 2700 438 2734; x_wconf 84' lang='lat' dir='ltr'>Ald.</span> <span class='ocrx_word' id='word_1_316' title='bbox 457 2699 653 2744; x_wconf 74' lang='grc' dir='ltr'><strong><em>ἔλὴλεκται.</em></strong></span> 
     </span>
     <span class='ocr_line' id='line_1_36' title="bbox 298 2762 1044 2810; baseline 0.004 -12"><span class='ocrx_word' id='word_1_317' title='bbox 298 2762 349 2806; x_wconf 50' lang='lat' dir='ltr'><strong><em>W)</em></strong></span> <span class='ocrx_word' id='word_1_318' title='bbox 373 2765 446 2799; x_wconf 76' lang='lat' dir='ltr'>cfr.</span> <span class='ocrx_word' id='word_1_319' title='bbox 471 2768 515 2800; x_wconf 82' lang='lat' dir='ltr'><strong><em>ad</em></strong></span> <span class='ocrx_word' id='word_1_320' title='bbox 542 2768 703 2809; x_wconf 84' lang='lat' dir='ltr'>Excerpt.</span> <span class='ocrx_word' id='word_1_321' title='bbox 729 2768 757 2809; x_wconf 86' lang='lat'><strong><em>1,</em></strong></span> <span class='ocrx_word' id='word_1_322' title='bbox 782 2770 835 2809; x_wconf 85' lang='lat'><strong><em>12,</em></strong></span> <span class='ocrx_word' id='word_1_323' title='bbox 860 2769 892 2801; x_wconf 82' lang='lat'><strong><em>5.</em></strong></span> <span class='ocrx_word' id='word_1_324' title='bbox 916 2778 949 2810; x_wconf 85' lang='lat' dir='ltr'><strong><em>p.</em></strong></span> <span class='ocrx_word' id='word_1_325' title='bbox 966 2769 1044 2803; x_wconf 81' lang='lat'><strong>231.</strong></span> 
     </span>
    </p>
   </div>
   <div class='ocr_carea' id='block_1_4' title="bbox 1745 2766 1760 3039">
    <p class='ocr_par' dir='ltr' id='par_1_7' title="bbox 1745 2766 1760 3039">
     <span class='ocr_line' id='line_1_37' title="bbox 1745 2766 1760 3039; baseline 0 99"><span class='ocrx_word' id='word_1_326' title='bbox 1745 2766 1760 3039; x_wconf 95' lang='lat' dir='ltr'><strong><em> </em></strong></span> 
     </span>
    </p>
   </div>
  </div>
 </body>
</html>
