1774 3198
381 381 603 422 LIBRUM
632 380 960 423 SECUNDUM.
1018 381 1137 422 CAP.
1160 381 1256 421 VII.
1441 373 1534 418 595

94 496 251 549 physici
278 495 329 534 ad
358 497 618 549 explicandos
649 502 780 536 terrae
809 502 942 535 motus
973 500 1014 534 et
1040 500 1210 547 cognata,
1244 493 1536 547 phaenomena,

92 566 201 604 iuter
220 577 320 616 quos
336 565 649 604 Alexander
677 565 734 604 ab
764 562 1048 604 Humboldt
1070 559 1290 617 (Re'lation
1307 563 1537 617 historique

94 633 191 673 Vol.
214 631 248 670 1.
279 646 320 684 p.
343 631 439 671 423.
470 632 566 672 427.
595 634 651 672 II.
682 646 724 684 p.
746 628 843 684 24),
883 633 954 671 La
982 631 1140 670 Place
1167 628 1452 684 (Me‘canique
1470 634 1537 670 σέ-

92 700 206 739 Ieste.
227 701 413 740 Tom.V.
445 715 487 753 p.
510 697 582 753 56)
613 701 692 740 alii.
752 701 836 740 Cfr.
866 714 908 740 v.
928 699 1062 739 Hoff
1090 698 1238 737 Gesch.
1256 698 1330 737 der
1350 700 1391 739 V
1392 700 1536 739 erdnd.

95 766 185 824 auf
193 768 267 806 der
283 768 526 819 Erdoberfl.
554 770 648 807 Vol.
667 771 717 809 H.
748 782 788 820 p.
811 767 863 806 44
883 781 970 820 sqq.
986 790 1043 797 —
1079 769 1183 807 Mox
1211 767 1537 820 συναληλεΐφθαι

48 873 50 875 ,
92 838 143 875 F.
177 837 503 890 συναλειλῆφθαι
522 838 570 876 Ε.
601 834 879 890 συναλλίφθαι
898 835 951 875 N.
987 833 1294 889 συναναλίφθαι
1317 836 1370 874 H.
1411 847 1538 875 συνει-

93 904 256 957 λῆφθαι
274 905 384 944 Cam.
406 906 451 945 P.
465 905 505 943 S.
517 905 606 944 Cas.
640 904 946 958 συναληλῖφθαι
970 901 1182 956 (perverso
1200 909 1336 942 tamen
1354 901 1537 956 accentu)

93 972 274 1011 correxit
301 973 381 1011 iam
411 971 711 1016 Schaubach
747 970 923 1025 Fragm.
947 976 1150 1024 Anaxag.
1186 985 1227 1024 p.
1258 974 1354 1010 177.
1412 971 1536 1010 Simi-

92 1039 189 1078 liter
228 1039 628 1091 Theophrastus
670 1039 720 1079 de
750 1054 880 1079 cau-ss.
902 1040 1095 1091 plantar.
1125 1041 1299 1089 III,23,
1322 1042 1360 1079 1.
1390 1053 1432 1091 p.
1453 1039 1536 1079 488

93 1107 171 1145 ait:
202 1101 226 1158 ἶ]
245 1101 350 1161 υγρὰ
382 1106 448 1147 καὶ
477 1105 670 1160 πηλώὸης
696 1108 770 1160 γῆ,
799 1103 870 1146 ἐὰν
890 1105 1103 1161 ξηρανθῇ,
1133 1105 1363 1160 συναλείφει
1391 1105 1458 1146 καὶ
1487 1103 1536 1146 οὗ

94 1173 320 1214 διαδιᾛὸωσι
341 1199 393 1205 -
425 1171 590 1215 ἅπασαν
617 1189 695 1227 pro
724 1176 861 1214 πᾶσαν
888 1176 938 1214 F.
957 1175 1011 1214 Η.
1034 1176 1089 1214 Ν.
1109 1198 1164 1204 -
1206 1171 1266 1228 ἐφ’
1301 1189 1334 1212 ω
1362 1188 1440 1227 pro
1470 1171 1532 1228 ἐφ’

94 1255 144 1280 ου
170 1242 222 1281 Α.
244 1242 332 1282 Cas.
361 1244 431 1296 qui
458 1250 589 1283 tamen
615 1243 659 1281 in
677 1243 857 1294 margine
882 1255 944 1296 γρ.
986 1238 1058 1296 ἐφ’
1091 1256 1154 1284 ου.
1213 1243 1281 1280 De
1306 1256 1354 1282 re
1383 1243 1457 1282 cfr.
1486 1242 1537 1282 ad

91 1309 152 1358 11,
183 1311 328 1357 5,10.

206 1372 246 1416 3.
278 1373 434 1416 οὐθέν’
422 1375 520 1424 ι’σως
538 1374 648 1418 ου’τω
667 1377 732 1418 δεῖ
746 1374 870 1431 λέγειν
888 1378 1001 1417 Cam.
1004 1365 1079 1430 ff.
1100 1377 1190 1416 Cas.
1202 1399 1259 1407 —-
1278 1376 1344 1416 καὶ
1360 1374 1406 1417 τὸ
1424 1374 1537 1417 κάτω

91 1443 228 1483 addito
248 1445 419 1484 articulo
442 1447 490 1484 F.
511 1447 566 1485 H.
589 1443 641 1483 N.
665 1447 709 1485 P.
729 1447 818 1486 Cas.
847 1442 895 1485 τὸ
920 1440 1005 1484 ἄνω
1034 1443 1102 1484 καὶ
1130 1442 1177 1484 τὸ
1199 1442 1312 1484 κάτω
1341 1445 1462 1484 Alex.
1484 1445 1536 1485 A.

91 1508 138 1551 τὸ
169 1508 254 1552 ἄνω
284 1511 350 1552 καὶ
380 1509 427 1552 τὸ
460 1514 606 1552 omisso
638 1510 751 1553 κάτω
778 1514 890 1553 Cam.
923 1534 975 1542 --
1022 1509 1127 1565 πρὸς
1153 1509 1229 1564 μὲν
1258 1508 1333 1564 τὴν
1361 1513 1436 1564 γῆν
1463 1512 1540 1551 ad-

92 1578 200 1628 dito,
229 1585 276 1617 ut
294 1586 449 1630 amant,
475 1577 551 1631 μέν
571 1581 627 1619 Η.
646 1581 701 1620 N.
721 1602 772 1607 —
805 1577 1008 1634 φέρεσθαι
1036 1576 1170 1634 πάντῃ
1197 1580 1363 1620 inverso
1394 1580 1538 1619 ordine

91 1647 140 1685 F.
170 1642 282 1684 κάτω
300 1660 381 1698 pro
396 1643 529 1701 πάντῃ
551 1649 659 1687 Cam.
597 1636 853 1710 —y—QLCas.
874 1669 931 1676 --
962 1643 1138 1701 ὁρῶντες
1160 1661 1238 1700 pro
1259 1642 1443 1701 ὁρῶντας
1468 1662 1535 1700 pr.

92 1726 198 1752 man.
207 1708 300 1752 H.‘
282 1715 443 1766 ορῶντα
463 1715 574 1755 Cam.
597 1729 662 1769 γρ.
685 1715 775 1756 Cas.
793 1738 851 1745 ——
878 1713 1204 1767 μεθησταμένων
1222 1713 1268 1755 P.

209 1780 248 1820 4.
276 1778 410 1832 μένειν
436 1796 513 1835 pro
539 1779 648 1833 μένει
679 1783 808 1822 Alex.
823 1783 877 1821 A.
910 1805 964 1812 -—
1003 1779 1089 1822 ἄνω
1118 1780 1308 1823 κάτωθεν
1347 1779 1406 1822 δι’
1438 1779 1538 1836 ὅλης

94 1844 291 1900 εὔηθες,
278 1863 444 1889 mverso
462 1850 649 1902 priorum
666 1851 888 1890 verborum
907 1851 1065 1901 ordine,
1094 1851 1312 1904 additoque
1329 1857 1536 1904 postremo

94 1916 293 1957 vocabulo
309 1918 364 1956 N.
394 1918 470 1958 cfr.
491 1920 554 1965 H,
581 1921 629 1968 2,
658 1920 730 1968 15,
760 1918 830 1958 ubi
860 1918 1047 1958 similiter
1072 1932 1095 1958 a
1119 1920 1325 1960 nonnullis
1352 1918 1535 1958 additum

46 2024 50 2029 ,
94 1990 156 2024 est
184 1980 352 2024 ἄτοπον.

208 2054 247 2092 5.
286 2048 439 2099 ὓδατος
469 2053 621 2092 omittit
647 2055 702 2094 N.
738 2061 778 2094 et
798 2067 896 2093 mox
919 2052 978 2107 μή
1007 2060 1100 2094 ante
1133 2050 1354 2094 ὃύναόθαι.
1384 2076 1440 2084 —-
1469 2054 1541 2094 καί

94 2125 186 2158 ante
214 2116 410 2159 ἕλκουσαν
438 2119 551 2159 deest
576 2121 620 2159 in
644 2121 763 2160 codd.
792 2123 841 2161 E.
861 2124 907 2161 F.

208 2190 248 2225 6.
279 2187 361 2227 τ”ῶν
378 2183 745 2241 ἀπορρηγνυμὲνων
766 2185 924 2228 τούτων
943 2191 992 2228 F.
1021 2213 1072 2219 -—-
1104 2186 1166 2228 διὸ
1187 2187 1372 2241 γίνεσθαι
1391 2191 1536 2230 omisso

96 2252 167 2293 καί
194 2254 334 2292 Alex.
363 2255 435 2293 fol.
458 2257 553 2303 107,
573 2268 615 2302 a,
646 2257 714 2307 qui
745 2269 842 2294 mox
870 2256 1038 2307 praebet
1067 2253 1109 2295 ἕν
1126 2270 1168 2296 τε
1190 2253 1362 2307 αὐχμοῖς
1390 2258 1536 2296 omisso

95 2322 264 2361 articulo
280 2344 337 2351 —-
365 2319 606 2375 ἐπομβριάις
630 2337 707 2375 pro
725 2318 1019 2376 ὖπερομβριάις
1047 2325 1095 2363 F.
1113 2325 1167 2363 H.
1185 2325 1240 2363 N.
1264 2324 1374 2362 Cam.
1396 2326 1436 2363 S.
1468 2323 1536 2365 καὶ

97 2388 139 2429 ἓν
169 2387 410 2442 ἓπομβριάις
443 2388 566 2428 Alex.
624 2391 786 2442 Integra
814 2392 884 2430 illa
911 2391 1039 2430 verba
1069 2387 1131 2430 διὸ
1160 2390 1226 2430 καὶ
1255 2389 1442 2444 γίνεσθαι
1468 2406 1538 2431 us-

95 2471 174 2510 que
207 2456 258 2494 ad
287 2453 578 2508 ξηραινομένην
606 2453 833 2510 ῥήγνυσθαι
859 2458 1008 2497 omittit
1035 2459 1088 2498 A.
1147 2460 1268 2511 Legit
1297 2460 1406 2498 enim
1436 2458 1537 2499 σείε-

96 2525 199 2564 σθαι
227 2522 294 2563 καὶ
323 2518 401 2563 υπὸ
430 2526 511 2563 τῶν
540 2518 702 2565 mmmm
731 2533 827 2579 etq.
844 2541 874 2565 s.
893 2549 950 2556 —·
979 2523 1023 2566 ἐν
1040 2523 1116 2578 μὲν
1131 2523 1210 2579 γάρ
1236 2540 1314 2578 pro
1336 2523 1377 2566 ἔν
1394 2541 1437 2567 τε
1456 2523 1534 2582 γάρ

96 2593 217 2633 Alex.
249 2592 324 2630 cfr.
358 2593 396 2639 §.
421 2595 459 2630 1.

208 2663 246 2698 7.
289 2655 367 2699 ἔδει
398 2659 547 2698 omittit
571 2662 621 2699 E
663 2682 713 2688 -
763 2662 947 2713 πολλαχῆ
976 2675 1053 2714 pro
1082 2661 1290 2713 πολλαχοῦ
1320 2664 1367 2701 F.
1397 2662 1451 2701 H.
1478 2663 1534 2701 N.

98 2741 272 2779 quorum
299 2734 524 2780 postremus
553 2741 652 2767 mox
680 2730 847 2781 praebet
877 2726 939 2768 ὅτι
958 2743 1035 2781 pro
1053 2725 1123 2769 ἔτι.
1151 2751 1208 2757 -
1235 2731 1358 2769 τοῦτο
1376 2736 1467 2768 ante
1487 2725 1534 2770 τό

97 2792 238 2840 πάθος
265 2796 415 2835 omittit
435 2798 483 2836 F.
511 2819 562 2824 —
593 2796 661 2835 Ad
682 2795 811 2837 καίτοι
833 2794 953 2850 ἐχρῆν
973 2797 1118 2849 supple
1136 2794 1341 2851 διαφέρειν
1359 2792 1538 2851 {mepan-

99 2863 150 2916 λῇ
168 2858 336 2916 τοιαύτῃ
354 2877 437 2903 non
451 2861 650 2916 γίνεσθαι.

1070 2924 1123 2960 38
1139 2919 1169 2948 ³*
