1768 3152
614 318 1041 363 PRAEFATIO.
1405 319 1542 363 XXV

96 448 240 478 rorum
271 440 472 492 quatuor,
510 433 566 477 de
594 435 775 486 mundo,·
814 448 875 478 ex
904 447 1036 490 opere
1065 432 1120 476 de
1150 433 1410 476 animalibus
1437 434 1542 477 libra

97 506 256 557 decem,
294 507 337 548 P
347 521 371 548 e
383 510 402 546 t
411 519 436 546 r
447 518 471 546 o
506 505 551 548 A
566 506 587 547 l
594 520 616 546 c
625 519 653 560 y
663 519 687 546 o
699 519 727 547 n
737 509 758 547 i
765 519 788 546 o
827 509 1086 560 interprete.
1151 502 1322 546 Deinde
1361 519 1543 546 comme-

95 576 325 618 morandae
355 583 454 617 sunt
480 576 772 631 interpretatio
797 574 818 616 I
829 590 854 617 o
865 574 908 615 h.
930 573 968 615 G
979 588 1002 614 e
1014 588 1039 615 n
1052 588 1104 615 es
1114 574 1154 615 ii
1184 573 1214 615 S
1224 589 1247 615 e
1260 590 1284 630 p
1296 574 1349 616 ul
1361 589 1385 615 v
1395 590 1418 616 e
1429 576 1455 617 d
1467 590 1492 616 a
1503 590 1541 626 e,

93 645 202 686 mihi
232 660 316 687 non
336 647 443 696 visa,
473 659 580 700 quae
601 646 758 700 prodiit
786 645 924 687 Paris.
951 647 1058 686 1532
1071 668 1074 671 ι
1089 653 1259 686 auctore
1286 644 1322 686 F
1333 644 1543 687 abricio

93 713 210 756 Bz'bl.
239 730 309 771 gr.
339 713 440 756 Vol.
460 714 536 757 ΙΙΙ.
566 731 606 771 p.
627 719 709 757 232
740 724 784 756 et
814 715 847 756 P
861 715 1100 766 erionii,
1137 727 1243 770 quae
1271 712 1412 776 lqcem
1439 716 1545 756 vidit

92 782 234 826 Lutet.
262 785 395 827 Paris.
430 788 552 827 1554.
582 791 623 827 4.
641 799 651 826 :

203 867 468 909 Aristotelis
497 868 606 909 lcbrz·
632 868 687 909 de
717 868 838 909 caelo
850 897 863 918 ,
903 867 957 909 de
987 872 1087 908 ortu
1118 864 1163 908 et
1194 870 1380 907 interitu
1392 896 1405 917 ,
1444 866 1545 909 Me-

206 939 478 993 teorologzca
498 944 542 980 et
564 938 618 979 de
637 952 796 987 amma,
808 950 971 992 graece
992 942 1036 977 et
1058 937 1198 977 latine
1219 950 1306 990 per
1325 936 1388 976 Io
1400 951 1426 978 α
1439 937 1530 978 cli’
1509 953 1544 978 2-

205 1021 332 1048 mum
370 1008 699 1049 Periomum
738 1013 784 1049 et
816 1021 902 1063 per
943 1005 996 1048 N
1000 1009 1063 1047 ic
1111 1004 1408 1048 Grae-heum
1451 1020 1543 1047 cor-

206 1082 343 1118 recta.
375 1075 429 1118 11.
458 1092 485 1119 v
476 1076 559 1119 oll.
589 1083 631 1119 4.
1490 1083 1496 1088 ’

407 1227 449 1293 ξ.
488 1228 595 1278 VII.
664 1230 755 1276 De
797 1227 1220 1277 editionibus.

203 1347 241 1383 1.
271 1341 476 1386 Aldina
502 1343 592 1402 (A.)
624 1345 802 1396 Prodiit,
835 1344 1191 1401 quemadmodum
1215 1356 1268 1383 ex
1292 1340 1439 1383 ultima
1467 1356 1544 1383 vo-

84 1410 261 1454 luminis
291 1416 446 1472 pagina
476 1414 631 1467 elucet,
665 1429 777 1457 anno
801 1419 909 1457 1497
937 1414 1135 1456 Venetiis
1167 1427 1222 1454 ex
1253 1411 1541 1468 typographeo

86 1481 189 1524 Aldi
223 1482 407 1525 Manutii
437 1482 645 1537 Romani,
691 1486 805 1541 quod
836 1484 965 1541 vulgo
994 1485 1128 1526 fertur
1155 1481 1335 1523 alterum
1366 1497 1541 1538 operum

83 1551 329 1595 Aristotelis
360 1563 402 1596 et
421 1553 710 1618 Theophrasti
733 1554 948 1606 volumen,
973 1557 1019 1596 in
1042 1568 1124 1609 quo
1153 1554 1422 1594 continentur
1444 1551 1544 1592 Ari-

84 1622 248 1664 stotelis
277 1625 364 1666 vita
393 1638 450 1666 ex
471 1624 668 1681 Diogene
689 1626 881 1675 Laertio,
912 1625 1104 1666 eiusdem
1127 1625 1214 1663 vita
1241 1635 1314 1674 per
1336 1620 1542 1662 Ioannem

83 1690 385 1748 Philoponum,
417 1692 707 1748 Theophrasti
736 1696 823 1734 vita
854 1707 910 1733 ex
929 1692 1119 1742 Laertio,
1152 1689 1307 1732 Galeni
1329 1690 1380 1730 de
1402 1689 1541 1746 philo-

85 1760 319 1817 sophorum
359 1761 569 1813 historia,
622 1760 869 1803 Aristotelis
911 1763 963 1803 de
1005 1761 1186 1817 physica
1232 1758 1541 1801 auscultatione

83 1828 185 1871 libri
218 1839 328 1882 octo,
359 1831 411 1872 de
433 1830 554 1872 coelo
583 1841 776 1888 quatuor,
810 1833 861 1874 de
882 1833 1158 1888 generatione
1190 1839 1232 1871 et
1264 1830 1540 1885 corruptione

84 1899 184 1948 duo;
212 1899 647 1957 Meteorologicorum
678 1912 880 1959 quatuor3
913 1903 965 1944 de
985 1903 1144 1943 mundo
1175 1900 1228 1942 ad
1242 1899 1540 1942 Alexandrum

83 1983 215 2018 unus3
254 1968 446 2012 Philonis
477 1970 625 2013 Iudaei
662 1974 714 2014 de
747 1974 906 2015 mundo
944 1971 1056 2013 liber
1080 1986 1214 2024 unus3
1248 1969 1541 2026 Theophrasti

84 2039 136 2080 de
172 2040 273 2095 igne
327 2039 438 2082 liber
477 2056 610 2091 unus3
661 2044 852 2085 eiusdem
882 2043 934 2084 de
964 2044 1103 2083 ventis
1142 2040 1254 2083 liber
1293 2055 1429 2089 unus3
1487 2041 1540 2081 de

83 2110 218 2164 signis
246 2124 450 2165 aquarum
480 2120 523 2152 et
546 2120 770 2155 ventorum
803 2115 958 2155 incerti
988 2113 1198 2160 auctoris3
1249 2109 1541 2166 Theophrasti
1571 2156 1573 2158 ,

84 2179 152 2221 dev
174 2178 389 2235 lapidibus
429 2180 539 2223 liber
568 2197 693 2224 unus.
750 2183 818 2224 De
847 2185 942 2239 ipso
971 2183 1084 2225 libro
1122 2181 1406 2224 conferendus
1438 2179 1540 2221 Re-

84 2251 292 2292 nouard
322 2251 522 2294 Annales
550 2253 604 2294 de
632 2254 661 2294 l’
664 2257 930 2309 imprimerie
956 2255 1031 2296 des
1051 2253 1206 2296 Aedes.
1236 2251 1272 2294 Ι.
1304 2268 1344 2308 p.
1369 2255 1436 2293 23.
1469 2253 1537 2292 25.

85 2318 156 2359 Ex
179 2320 440 2374 'praefatione
469 2324 715 2379 sequentia,
768 2338 874 2380 quae
913 2323 1040 2366 huius
1078 2323 1166 2365 loci
1204 2330 1269 2364 est
1310 2334 1538 2376 apponere,

52 2402 55 2411 ·
87 2389 390 2431 adscribimus:

140 2456 386 2500 Aristotelis
423 2472 526 2501 vero
559 2469 603 2502 et
640 2476 747 2517 quae
780 2479 893 2505 nunc
923 2463 1108 2520 legenda
1137 2463 1311 2512 damus,
1355 2468 1396 2501 et
1426 2474 1538 2516 quae

141 2542 244 2570 mox
274 2529 352 2570 deo
384 2529 553 2571 favente
583 2531 723 2573 daturi
751 2548 919 2584 sumus,
950 2532 1131 2575 multum
1156 2541 1269 2574 certe
1299 2529 1536 2580 elaboravi,

143 2607 211 2649 ut,
240 2606 328 2640 tum
350 2600 603 2656 quaerendis
635 2604 805 2657 optimis
838 2612 880 2644 et
909 2605 1093 2660 antiquis
1121 2601 1270 2653 libris,
1311 2609 1436 2656 atque
1467 2613 1537 2639 ea-

142 2668 240 2710 dem
268 2671 313 2711 in
342 2684 389 2711 re
420 2668 752 2725 multiplicibus,
782 2680 870 2714 tum
890 2673 1166 2714 vconferendis
1196 2670 1538 2726 castigandisque

143 2737 483 2794 exemplaribus,
524 2754 632 2795 quae
662 2739 934 2784 dilaceranda
962 2742 1291 2799 impressoribus
1320 2741 1537 2782 traderen-

144 2814 236 2858 tur,
272 2809 541 2865 perirentque
571 2818 620 2851 ut
646 2811 820 2866 pariens
851 2812 1020 2868 vipera,
1059 2814 1106 2855 in
1135 2826 1286 2854 manus
1315 2811 1535 2853 hominum
