1820 3158
101 354 314 400 -p.360„b.
340 353 501 388 Bekk.—
567 356 675 397 Lm,
687 355 739 395 11.
769 353 974 395 CARIV.
1038 349 1207 396 -p.s44‚
1223 351 1265 385 G.
1291 349 1418 386 οη-
1465 342 1526 386 91

99 471 219 510 τοῦτο
265 464 480 516 πολλάκις,
522 464 656 522 ὥσπερ
686 466 750 508 ἐπὶ
777 469 852 511 τοῦ
882 465 1093 519 σώματος,
1132 462 1202 506 ἐὰν
1229 460 1256 519 ἦ
1286 462 1372 507 ἄνω
1400 462 1533 505 κοιλία

99 535 203 592 ξηρὰ
220 530 270 591 ᾖ,
299 535 374 590 τὴν
403 534 511 579 κάτω
540 534 731 584 ἐναντίως
760 535 1010 584 διακεῖσθαι,
1037 533 1103 575 καὶ
1128 530 1279 588 ταύτης
1306 534 1433 588 ξηρᾶς
1461 529 1535 574 οὔ·

100 618 176 658 σης
215 601 342 660 ὑγρὰν
378 601 477 646 εἶναι
516 602 590 658 τὴν
629 602 713 646 ἄνω
752 603 818 645 καὶ
845 601 1035 658 ψυχράν,
1084 599 1193 644 οὕτω
1221 603 1288 643 καὶ
1319 601 1409 657 περὶ
1436 598 1535 648 τοὺς

98 670 252 721 τόπους
291 670 668 728 ἀντιπεριίστασθαι
707 672 774 714 καὶ
801 669 1078 726 ’μεταβάλλειν
1113 667 1189 718 τὰς
1226 666 1534 723 ἀναθυμιάσεις.

103 745 166 781 16.
195 738 284 782 ’Έτι
315 740 360 783 δὲ
387 738 490 793 μετά
519 756 562 782 τε
590 739 690 790 τοὺς
717 739 900 797 ὄμβρους
928 738 1075 793 ἄνεμος
1103 736 1159 788 ὧς
1186 738 1240 780 τὰ
1265 737 1398 780 πολλὰ
1423 737 1527 792 γίνε-
1538 741 1590 778 16

97 822 166 848 ται
205 807 247 849 ἒν
286 808 449 857 ἐκείνοις
483 814 571 856 τοῖς
607 807 748 858 τόποις
784 807 887 851 καθ’
929 806 1002 857 οὓς
1040 806 1090 850 ἂν
1128 807 1312 863 συμπέσῃ
1350 806 1537 862 γίνεσθαι

97 874 196 923 τοὺς
231 874 434 933 ὄμβρους,
487 878 553 918 καὶ
583 876 636 920 τὰ
666 875 878 931 πνεύματα
914 875 1084 918 παύεται
1120 874 1273 924 ὓδατος
1307 873 1536 929 γενομένου,

101 948 168 985 17.
212 947 355 986 Ταῦτα
382 944 460 1002 γὰρ
490 944 643 1001 ἀνάγκη
673 945 907 999 συμβαίνειν
934 943 1002 986 διὰ
1031 942 1108 998 τὰς
1132 942 1347 999 εἳρημένας
1376 941 1594 998 ἀρχάς-17

98 1009 275 1061 ὕσαντός
303 1030 345 1055 τε
366 1012 443 1069 γὰρ
462 1011 489 1068 ἦ
511 1017 562 1069 γῆ
590 1012 855 1070 ξηραινομένη
887 1009 967 1054 ὖπό
996 1028 1040 1054 τε
1068 1015 1142 1053 τοῦ
1171 1011 1214 1053 ἓν
1243 1010 1348 1067 αὐτῇ
1376 1013 1538 1067 θερμοῦ

101 1081 168 1120 καὶ
197 1078 277 1124 ὕπὸ
308 1085 382 1124 τοῦ
412 1080 574 1124 ἄνωθεν
603 1081 900 1135 ἀναθυμιᾶται,
929 1083 1053 1122 τοῦτο
1087 1078 1130 1121 δ’
1151 1073 1202 1134 ἦν
1228 1078 1380 1133 ἀνέμου
1410 1082 1540 1132 σῶμα.

100 1148 186 1189 Καὶ
215 1147 314 1191 ὅταν
340 1147 367 1204 ἦ
394 1148 562 1205 τοιαύτη
603 1147 818 1205 ἀπόκρισις
845 1142 873 1205 ᾗ
904 1149 971 1191 καὶ
1001 1146 1140 1202 ἄνεμοι
1173 1147 1395 1201 κατέχωσι,
1432 1163 1539 1189 παυ-

101 1214 256 1268 ομένων
285 1216 354 1258 διὰ
380 1217 427 1260 τὸ
456 1217 749 1275 ἀποκρίνεσθαι
778 1215 827 1259 τὸ
855 1216 1016 1272 θερμὸν
1050 1215 1111 1259 ἀεὶ
1150 1217 1216 1259 καὶ
1256 1214 1539 1272 ἀναφέρεσθαι

100 1283 158 1331 εἷς
184 1282 257 1325 τὸν
287 1283 372 1327 ἰίνω
401 1285 530 1329 τόπον
559 1287 795 1329 συνίσταται
824 1282 850 1340 ἦ
882 1283 1004 1340 ἀτμὶς
1040 1284 1255 1340 ψυχομένη
1296 1285 1362 1326 καὶ
1390 1286 1540 1341 γίνεται

99 1349 227 1407 ὕδωρ.
308 1359 376 1394 18.
423 1355 508 1396 Καὶ
549 1354 650 1397 ὅταν
685 1357 742 1404 εἷς
779 1353 932 1397 ταύτὸν
971 1357 1219 1397 συνωσθῶσι
1246 1351 1299 1395 τὰ
1327 1352 1428 1410 νέφη
1460 1354 1527 1395 καὶ
1545 1359 1595 1396 18

101 1417 360 1478 ἀντιπεριστῇ
396 1423 454 1472 εἰς
482 1422 588 1465 αὐτὰ
616 1421 642 1478 ἡ
671 1422 818 1478 ψύξις,
866 1421 980 1479 ὕδωρ
1018 1423 1166 1478 γίνεται
1211 1422 1278 1464 καὶ
1315 1421 1541 1475 καταψύχει

99 1486 178 1542 τὴν
217 1488 344 1545 ξηρὰν
381 1488 678 1547 ἀναθυμίασιν.
725 1490 908 1534 παύουσί
937 1507 981 1534 τε
1010 1484 1084 1533 οὖν
1113 1489 1167 1532 τὰ
1193 1488 1326 1533 ὕδατα
1353 1490 1544 1545 γινόμενα

101 1555 200 1605 τοὺς
227 1555 401 1611 ἀνέμους
431 1561 497 1602 καὶ
526 1560 769 1615 παυομένων
798 1559 903 1602 αὐτὰ
931 1560 1080 1614 γίνεται
1110 1556 1180 1599 διὰ
1204 1556 1359 1607 ταύτας
1379 1557 1454 1607 τὰς
1476 1558 1542 1598 αῖ-

102 1625 205 1674 τίας.
268 1632 334 1669 19.
363 1626 454 1669 ’Έτι
483 1628 528 1670 δὲ
555 1633 628 1671 τοῦ
656 1629 841 1683 γίνεσθαι
868 1625 1050 1681 μάλιστα
1078 1623 1289 1678 πνεύματα
1319 1624 1391 1667 ἀπ’
1407 1625 1533 1680 αὐτῆς
1546 1632 1596 1668 19

103 1762 268 1812 mansit,
306 1765 508 1802 contraria
535 1778 636 1803 vero
667 1765 778 1804 idem
810 1763 949 1803 efficit.
1022 1765 1087 1802 15.
1115 1763 1253 1814 Atque
1270 1763 1425 1815 saepius
1446 1778 1543 1802 eve-

106 1830 189 1876 nit,
229 1837 292 1879 ut,
334 1832 673 1883 quemadmodum
710 1834 754 1872 in
781 1846 977 1885 corpore,
1018 1832 1052 1870 si
1079 1837 1225 1871 venter
1248 1831 1435 1883 superior
1466 1832 1544 1870 sic-

105 1911 176 1936 cus
208 1905 286 1947 est,
325 1899 497 1939 inferior
525 1902 726 1940 contrario
759 1901 882 1939 modo
911 1900 1133 1949 afficiatur,
1165 1905 1226 1949 et,
1258 1900 1293 1938 si
1314 1898 1379 1938 hic
1402 1900 1542 1947 siccus,
1580 1894 1585 1898 ’

106 1966 291 2017 superior
320 1966 510 2006 humidus
541 1969 614 2016 sit,
655 1969 709 2008 ita
736 1976 777 2008 et
803 1969 846 2007 in
865 1968 963 2007 locis
993 1967 1266 2007 exhalationes
1295 1962 1544 2007 vicissim'se

106 2033 363 2074 circumstent
381 2043 420 2074 et
437 2044 747 2076 commutentur.
793 2040 858 2076 16.
888 2038 1104 2076 Praeterea
1124 2043 1218 2089 post
1235 2037 1407 2075 imbrem
1429 2035 1546 2075 flatus

106 2101 156 2139 iis
172 2102 215 2140 in
234 2102 344 2151 locis,
361 2104 403 2142 in
414 2118 512 2156 quos
531 2106 703 2144 imbrem
724 2105 855 2143 delabi
873 2105 1080 2157 contingit,
1093 2105 1313 2157 plurimum
1336 2104 1546 2152 exsistunt,

107 2168 310 2221 iidemque
339 2173 778 2226 superveiiientesqua
800 2173 1000 2212 desinunt.
1061 2177 1125 2213 17.
1154 2174 1267 2213 Haec
1287 2174 1393 2211 enim
1414 2173 1465 2211 ob
1489 2187 1547 2223 ea,

109 2249 211 2287 quae
244 2237 390 2276 tradita
431 2246 544 2288 sunt,
594 2242 792 2294 principia
828 2242 1018 2280 eveniant
1056 2255 1219 2280 necesse
1259 2248 1327 2280 est.
1416 2243 1546 2282 Terra

111 2316 286 2355 namque
311 2312 403 2356 post
427 2307 631 2359 delapsam
657 2307 837 2361 pluviem
865 2323 889 2348 a
917 2311 1051 2348 calore
1086 2310 1234 2361 partim
1262 2310 1424 2348 interno
1453 2324 1547 2361 par-

111 2371 186 2409 tim
208 2385 384 2423 superno
409 2374 584 2414 siccitate
605 2377 744 2415 affecta
761 2377 931 2416 halitum
953 2376 1114 2426 reddit,
1146 2378 1215 2428 qui
1239 2378 1352 2416 venti
1376 2384 1436 2416 est
1455 2392 1548 2418 cor-

112 2453 198 2491 pus.
254 2441 309 2478 Et
324 2453 416 2479 cum
436 2443 605 2480 secretio
625 2444 710 2482 eius
730 2444 840 2483 modi
866 2444 1083 2493 exstiterit,
1113 2445 1225 2483 venti
1255 2446 1373 2484 etiam
1402 2447 1549 2496 valent,

113 2507 257 2559 quibus
277 2509 657 2560 conquiescentibus,
687 2518 902 2564 propterea
923 2511 1029 2563 quod
1051 2511 1160 2550 calor
1184 2526 1344 2565 semper
1373 2516 1549 2554 secerni-

114 2580 183 2613 tur
202 2581 241 2614 et
260 2575 302 2613 in
322 2590 516 2628 superum
534 2578 667 2617 locum
690 2579 940 2627 conscendit,
963 2593 1093 2631 vapor
1114 2580 1376 2632 refrigeratus
1395 2583 1550 2634 cogitur

117 2648 158 2681 et
179 2643 223 2681 in
241 2656 382 2696 squam
402 2651 590 2685 mutatur.
652 2649 716 2685 18.
744 2646 807 2686 Ac
827 2648 984 2698 quoties
1001 2647 1173 2686 eundem
1201 2649 1244 2686 in
1267 2650 1401 2688 locum
1423 2650 1550 2690 nubes

117 2712 344 2763 compulsne
372 2719 487 2762 sunt,
518 2727 564 2752 nc
592 2714 717 2766 frigus
751 2715 1004 2754 circumdans
1036 2729 1101 2753 eas
1130 2718 1381 2769 comprimit,
1420 2719 1551 2759 oritur

118 2791 229 2830 aqut,
258 2779 504 2832 hnlitumque
522 2782 669 2822 siccum
688 2783 914 2834 refrigerat.
973 2783 1055 2822 Has
1071 2784 1194 2836 igitur
1213 2785 1264 2823 ob
1283 2799 1416 2825 causas
1435 2789 1551 2827 venti

119 2846 232 2897 aquis
249 2848 522 2888 exorientibus
540 2849 743 2900 sedantur,
766 2856 807 2889 et
821 2851 901 2889 iilis
915 2850 1061 2890 sedatis
1078 2852 1330 2893 exoriuntur·
1363 2858 1424 2894 19.
1442 2856 1552 2906 Quin
