1812 3158
267 409 271 412 Α
305 345 399 390 334
521 353 964 394 COMMENTARIUS
993 357 1053 394 IN
1081 358 1483 423 METEOROLOG.

302 479 353 504 sc.
374 462 660 517 κεχωρισμένην
680 460 776 501 εἶναι
790 479 802 500 .·
832 464 880 501 ad
902 465 1024 503 verba
1050 462 1136 504 οὔτ’
1161 464 1355 517 ἐνδέχεται
1380 469 1618 521 supplendus
1635 472 1698 509 in-

300 531 475 569 finitivus
497 525 607 580 ὃρᾶν.
636 550 691 556 —
731 530 887 567 Deinde
906 525 1002 568 εἶναι
1023 532 1208 569 omittunt
1231 534 1278 570 A.
1298 535 1337 572 S.
1355 536 1463 572 uncis
1483 533 1638 575 seclusit
1654 539 1698 576 P.

301 603 340 634 et
361 598 427 647 qui
444 595 549 633 hunc
568 596 745 645 apprime
763 596 871 646 sequi
892 597 991 634 solet
1011 598 1096 636 Cas.
1129 592 1237 636 οἶόν
1264 612 1315 637 τε
1342 601 1438 639 τῶν
1468 614 1497 653 φ
1510 604 1698 652 ανερῶν

300 675 350 699 ex
378 661 465 698 cod.
497 662 545 699 E.
567 661 710 711 recepi.
770 661 951 712 Aequalis
980 665 1083 701 enim
1110 665 1261 715 generis
1289 672 1380 704 sunt
1403 650 1464 715 ea,
1494 681 1592 717 quae
1611 674 1700 719 post

298 729 581 765 Buttmann.
601 727 652 764 ad.
671 728 795 766 Plat.
810 730 968 765 Menon.
986 733 1102 779 p.68.
1130 719 1434 770 Elmsleium
1453 733 1503 770 ad
1522 735 1695 784 Eurip.

297 794 504 834 Herae-lid.
518 793 610 832 622.
631 795 849 845 composuit
867 797 995 833 Born
1009 809 1147 834 eman
1159 810 1184 834 n
1206 797 1255 834 ad
1275 799 1400 840 Xen.
1422 800 1642 848 SympJII,
1658 803 1697 838 1.

296 859 472 897 Anabas.
496 860 572 908 III,
594 859 632 904 4,
656 863 719 907 16,
749 861 874 898 veluti
901 860 1095 901 Platon.
1121 865 1266 901 Phaed.
1293 863 1330 912 §.
1346 868 1418 903 98:
1445 862 1495 903 τά
1525 878 1565 903 τε
1595 862 1695 903 κατὰ

294 921 367 976 τὴν
393 922 660 976 γυμναστικὴν
687 925 753 965 καὶ
783 923 855 977 τὴν
880 924 1077 980 ῗατρικήν.
1143 931 1300 981 Reliqui
1331 945 1465 969 omnes
1503 926 1586 970 οἷον
1616 933 1696 970 τῶν

295 1005 336 1030 τε
364 993 559 1044 φανερῶν.
597 1015 653 1022 —
708 995 772 1031 De
801 989 874 1031 κᾶν
896 992 951 1043 εἷ,
986 1002 1169 1046 sequente
1195 996 1409 1035 indicativo
1437 1004 1504 1035 aut
1522 999 1696 1048 optativo

295 1056 601 1108 (Stallbaum
629 1058 679 1096 ad
707 1060 827 1097 Plat.
858 1060 1009 1098 Phileb.
1035 1076 1074 1112 p.
1100 1058 1204 1113 193)
1234 1063 1304 1101 cfr.
1325 1064 1489 1114 Coray
1517 1063 1567 1100 ad
1592 1065 1692 1101 He-

292 1123 477 1162 liodor.
510 1124 627 1162 Tom.
648 1125 701 1163 II.
733 1138 771 1176 p.
795 1127 888 1164 285.
918 1127 1192 1166 Heindorf.
1221 1128 1271 1165 ad
1298 1130 1492 1167 Platon.
1523 1130 1694 1179 Sophist.

294 1193 361 1229 69.
394 1203 432 1241 p.
452 1189 533 1229 247
556 1190 610 1227 D.
667 1192 943 1229 Buttmann
977 1193 1027 1229 ad
1063 1194 1393 1233 Demosthen.
1432 1196 1538 1234 Mid.
1585 1199 1634 1233 15
1658 1209 1694 1234 a.

291 1256 524 1307 Saepissime
546 1255 652 1294 hisce
672 1259 875 1308 particulis
892 1258 1017 1296 utitur
1035 1259 1293 1297 Aristotel
1305 1274 1365 1298 es.
1408 1257 1481 1299 κᾶν
1501 1258 1541 1299 εἶ’
1557 1275 1594 1299 τι
1617 1259 1696 1310 βά-

289 1322 370 1366 θος
391 1322 532 1358 omisso
551 1320 653 1360 κατά
676 1326 724 1361 A.
743 1326 814 1363 Er.
842 1345 897 1351 —-
925 1320 1018 1374 ἡμῖν
1046 1322 1151 1363 ἔστιν
1181 1322 1329 1376 ἄδηλον
1355 1326 1516 1365 inverso
1547 1328 1695 1365 verbo-

288 1401 380 1426 rum
400 1387 540 1425 ordine
561 1390 612 1427 H.
633 1389 685 1427 N.
714 1390 899 1441 Denique
920 1387 1114 1443 διόρισται
1132 1393 1176 1429 Ρ.
1200 1398 1335 1443 aperto
1355 1393 1467 1430 vitio.

399 1457 436 1492 3.
472 1452 536 1491 καὶ
561 1452 647 1506 περὶ
675 1457 746 1493 τοῦ
774 1453 935 1508 πρώτου
966 1455 1159 1506 στοιχείου
1187 1458 1374 1508 praebent
1394 1458 1546 1495 codices
1566 1456 1618 1496 H.
1638 1459 1691 1496 N.

286 1519 413 1559 Iidem
437 1533 527 1558 cum
545 1519 668 1558 codic.
691 1523 745 1568 E,
777 1535 894 1572 quem
912 1528 956 1560 ut
973 1523 1101 1560 solent
1121 1524 1240 1560 secuti
1258 1529 1349 1561 sunt
1367 1523 1507 1570 Aldus,
1527 1526 1596 1562 Er.
1626 1522 1691 1562 καὶ

288 1583 389 1625 διότι
415 1587 494 1632 πᾶς
521 1600 596 1637 pro
624 1584 689 1624 καὶ
714 1582 776 1625 ὅτι
803 1589 893 1633 πᾶς.

393 1653 433 1691 4.
463 1650 585 1691 πάλαι
607 1647 656 1690 ἂν
673 1649 810 1705 εἴληφε
828 1651 903 1705 τὴν
930 1651 1201 1706 προσηγορίαν
1230 1654 1346 1692 habet
1373 1654 1691 1707 Philoponus

286 1719 380 1758 Aldi
411 1719 481 1757 fol.
514 1723 580 1768 79,
603 1732 626 1756 a
668 1725 708 1756 et
735 1733 831 1758 mox
859 1716 905 1759 ὃν
934 1717 1202 1772 Αναξαγόρας
1237 1720 1287 1758 ad
1318 1721 1478 1759 aethera
1507 1724 1688 1761 relatum.

285 1785 521 1835 Perperam:
551 1785 744 1823 eiusmodi
771 1787 876 1824 enim
907 1787 1148 1824 constructio
1177 1787 1489 1844 f'ffquentissima
1514 1789 1556 1826 in
1581 1794 1690 1826 com-

284 1851 564 1901 parationibus.
623 1852 682 1889 Ita
716 1852 820 1889 infra
857 1853 898 1900 Ι,
930 1852 976 1890 4;
1024 1848 1197 1950 ταξύτης
1218 1845 1343 1901 &gaola
1372 1845 1475 1891 οὖσα
1502 1858 1586 1900 τοῖς
1609 1850 1683 1907 ὕφ’

283 1911 399 1967 ἡμῶν
427 1912 700 1967 ῥιπτουμένοις
727 1930 800 1967 pro
834 1918 884 1968 τῇ
913 1918 993 1955 τῶν
1022 1912 1240 1977 ὓφὶῆμῶν
1270 1913 1538 1969 ῥιπτουμένων
1566 1916 1688 1969 ταχύ-

283 1995 382 2032 τητι.
421 1982 483 2029 11,
518 1985 561 2029 2,
584 1985 660 2020 10:
698 1977 724 2032 ἦ
752 1983 825 2020 τοῦ
852 1978 966 2032 ἡλίου
996 1978 1176 2033 ἇναγίογὴ
1207 1983 1279 2020 τοῦ
1307 1977 1427 2034 ὗγροῦ
1458 1979 1575 2033 ὁμοία
1602 1989 1687 2031 τοῖς

283 2044 612 2099 θερμαινομένοις
638 2044 779 2086 ὕδασίν
809 2045 914 2086 ἐστιν
940 2042 1016 2085 ὑπὸ
1050 2045 1189 2099 πυρός.
1246 2049 1329 2086 Iam
1364 2049 1470 2099 apud.
1501 2051 1624 2088 Hom
1636 2065 1685 2089 e-

282 2128 388 2152 rum
421 2114 472 2151 ll.
506 2110 541 2151 α’
576 2118 674 2152 163;
717 2110 763 2152 οὗ
793 2111 867 2164 μὲν
896 2112 962 2152 σοί
986 2127 1080 2152 ποτε
1112 2109 1198 2155 ἶσον
1235 2110 1310 2163 ἔχω
1344 2111 1469 2166 γε’ρας.
1527 2112 1560 2167 ρ’
1605 2118 1652 2154 51
1674 2132 1682 2154 :

283 2176 403 2230 κόμαι
433 2178 676 2232 Χαρίτεσσιν
709 2176 857 2230 ὅμοιαι.
934 2182 966 2218 Ε
979 2181 1106 2230 urip.
1147 2181 1252 2230 Cyel.
1287 2182 1385 2217 352:
1436 2179 1684 2232 Κρείσσονας

278 2243 396 2284 Ἰλίου
425 2242 584 2290 πόνους.
626 2246 699 2285 cfr.
740 2246 981 2284 Schaefer
1018 2246 1068 2283 ad
1098 2247 1306 2296 Dionys.
1335 2247 1681 2285 Halicarnass.

281 2314 328 2350 de
348 2326 508 2362 compos.
527 2313 629 2351 verb.
646 2325 686 2363 p.
706 2316 795 2351 170.
818 2314 1011 2350 Meletem.
1030 2325 1070 2363 p.
1083 2314 1134 2351 57
1144 2326 1201 2362 sq.
1221 2311 1311 2350 134.
1334 2312 1383 2349 ad
1405 2313 1431 2349 S
1444 2311 1571 2350 chol.
1587 2314 1681 2351 Par.

280 2379 521 2429 Apollon.
556 2378 715 2417 Rhod.
759 2380 821 2426 II,
852 2378 944 2417 477.
981 2391 1020 2428 p.
1051 2378 1142 2417 164.
1215 2377 1421 2417 Boeckh
1457 2378 1505 2416 ad
1535 2378 1677 2417 Pind.

284 2445 436 2494 Olymp.
465 2445 486 2482 I
497 2472 509 2492 ‚
539 2447 583 2482 6:
628 2441 731 2495 μηδ’
769 2441 1004 2494 Ὀλυμπίας
1033 2440 1165 2496 ἀγῶνα
1203 2441 1392 2497 φέρτερον
1439 2439 1676 2493 αὐδάσομεν.

279 2511 480 2560 Kriiger
508 2510 558 2547 ad
587 2510 798 2561 Dionys.
815 2511 1073 2549 Halicarn.
1103 2512 1178 2560 Ep.
1201 2512 1259 2546 ad
1278 2512 1345 2546 Cn.
1365 2509 1537 2555 Pompei.
1558 2510 1589 2554 Ι,
1606 2513 1675 2547 1οε

280 2571 383 2613 ἀλλὰ
420 2573 485 2614 καὶ
525 2572 736 2628 κράτιστον
770 2578 850 2615 τῶν
882 2572 971 2614 τότε
1010 2572 1189 2629 ῥητόρων
1227 2573 1357 2626 ἕτερον
1394 2569 1514 2618 αὐτὸς
1549 2570 1590 2611 ἒν
1618 2576 1675 2628 τῷ

283 2639 449 2695 Φαίδρῳ
480 2637 716 2687 συνετάξατο
744 2639 862 2693 λόγον
896 2648 935 2679 et
961 2655 1056 2693 quos
1086 2641 1217 2680 laudat
1251 2639 1396 2678 Walz
1431 2638 1480 2675 ad
1508 2639 1672 2677 Rhetor.

274 2718 410 2754 graec.
449 2707 542 2744 Vol.
572 2708 606 2745 I.
645 2721 687 2758 p.
714 2710 764 2746 65
787 2721 843 2758 sq.
886 2702 1016 2746 'Adde
1046 2705 1293 2744 Schaefer
1318 2703 1368 2740 ad
1395 2704 1522 2742 Plin.
1562 2707 1670 2755 Epp.

277 2784 318 2821 p.
341 2771 406 2809 40.
436 2793 491 2800 -
547 2772 752 2809 Caeterum
780 2773 893 2810 latius
918 2771 994 2808 hoc
1013 2771 1188 2810 breviter
1206 2768 1392 2819 loquendi
1414 2781 1533 2818 genus
1553 2778 1670 2822 patet,
