1812 3158
317 362 410 419 378
530 369 976 410 COMMENTARIUS
1003 369 1065 408 IN
1086 370 1489 410 METEOROLOG.

310 482 466 531 positio
485 477 572 531 ἔπί)
598 493 621 516 e
630 493 653 517 o
662 493 690 517 n
699 480 847 530 iungi
876 487 924 515 et
951 493 971 516 s
981 492 1004 516 o
1012 493 1034 515 c
1043 481 1061 517 ι’
1069 493 1096 517 a
1105 479 1151 517 ri
1175 486 1295 517 notat
1318 493 1410 517 curn
1436 481 1491 516 iis
1513 481 1709 529 copulari,

314 561 418 597 quae
436 547 566 595 paria
590 547 676 582 sint
700 546 763 582 rei
788 545 1023 595 efficiendae
1035 574 1048 593 ,
1085 545 1262 596 adeoque
1286 546 1460 584 colorem
1487 548 1540 597 ig
1550 561 1578 584 n
1587 561 1606 583 e
1618 562 1708 593 um,

311 613 389 650 Ιιοο
420 619 481 649 est
513 611 704 658 album,
748 612 903 648 mutari
939 613 984 648 in
1015 625 1047 661 p
1059 613 1292 650 unieeum
1328 620 1368 649 et
1399 626 1712 662 purpureum

311 685 478 729 queant.
531 678 698 715 Etenim
734 678 816 714 Me
827 685 872 714 te
881 691 903 714 o
913 691 949 715 r.
979 678 1042 715 ΙΙΙ
1050 706 1063 725 ,
1086 681 1111 715 2
1138 684 1240 717 extr.
1263 678 1534 728 philosophus
1548 695 1558 715 :
1588 675 1633 716 τὸ
1665 676 1708 716 δὲ·

304 746 463 795 χρῶμα,
495 745 643 795 inquit,
673 737 740 782 ὁτὲ
764 740 838 794 μὲν
867 740 1049 796 λαμπρόν
1078 742 1258 796 φαίνεται
1283 746 1364 782 τῶν
1383 745 1576 796 λαμπρῶν
1587 757 1598 767 ·
1627 739 1647 782 ὃ
1665 742 1710 781 τὲ

309 809 366 859 δὲ,
395 806 420 861 ἢ
440 811 498 863 τῷ
525 808 744 861 μίγνυσθαι
771 810 828 863 τῷ
857 806 1034 864 ἐνόπτρῳ
1047 840 1058 859 ,
1086 806 1112 861 ἢ
1134 807 1200 848 διὰ
1229 807 1435 848 ἀσθένειαν
1463 811 1534 861 τῆς
1559 806 1720 860 wem,

309 874 432 915 ἄλλου
457 873 674 926 χρώματος
699 874 850 926 ἓμποιέι
877 875 1099 929 φαντασίαν
1111 889 1121 898 ·
1163 878 1229 926 Sp
1239 877 1282 914 le
1291 891 1318 913 n
1329 877 1359 913 d
1367 877 1382 914 i
1391 876 1422 914 d
1430 891 1451 914 ο
1461 891 1483 914 r
1491 891 1562 913 um
1594 891 1615 913 e
1625 890 1646 913 ο
1655 891 1676 913 r
1685 898 1707 905 -

301 956 482 993 porum
521 943 659 980 color
701 956 830 980 nunc
873 944 1078 994 quidem
1119 941 1330 980 videtur
1372 943 1705 992 splendidus-5

308 1022 438 1047 nune
473 1021 617 1053 vero,
668 1016 758 1045 aut
786 1021 917 1059 prop
932 1017 1012 1047 ter
1046 1011 1212 1059 ipsius
1251 1023 1359 1046 eum
1386 1009 1589 1058 speculo
1616 1021 1704 1044 suo

307 1075 692 1124 contagionem,
741 1082 830 1111 aut
869 1084 1090 1126 propter
1136 1076 1492 1113 hebetudinem
1546 1077 1704 1121 aciei,

307 1156 333 1178 a
345 1141 446 1178 lius
472 1153 525 1176 eo
538 1140 583 1176 lo
595 1141 669 1177 ris
696 1153 782 1189 spe
795 1142 918 1178 ciem
945 1142 1133 1191 adfert.
1192 1143 1331 1191 Supra
1349 1139 1706 1190 autemperlziberi

306 1206 360 1243 ab
381 1207 519 1243 eodem
534 1205 758 1243 Aristotele
782 1204 1073 1255 intelleximus,
1110 1221 1165 1255 sp
1175 1208 1217 1244 le
1227 1223 1254 1244 n
1263 1210 1314 1245 di
1323 1208 1431 1244 dum
1460 1222 1484 1258 q
1497 1208 1585 1244 uid
1594 1206 1655 1243 da
1666 1221 1705 1243 m

299 1286 390 1322 per
419 1274 650 1322 nigrum,
687 1279 775 1309 aut
805 1274 857 1309 in
882 1275 1032 1324 nigro
1056 1274 1337 1322 puniceum
1353 1301 1364 1318 ,
1414 1281 1471 1310 at
1501 1287 1594 1322 per
1623 1275 1709 1309 ni··.

298 1339 524 1388 get-rimi
565 1338 798 1388 aliquid,
843 1340 923 1375 vel
957 1342 1010 1375 in
1042 1352 1116 1386 eo,
1154 1352 1481 1388 purpureum
1514 1338 1700 1375 videri.

302 1404 450 1454 ltaque
474 1403 584 1440 color
599 1405 802 1452 puniceus
822 1410 861 1439 et
873 1417 1108 1453 purpureus
1132 1412 1177 1440 ut
1203 1418 1251 1441 ex
1274 1406 1395 1459 igneo
1419 1417 1489 1440 seu
1507 1403 1601 1439 albo
1623 1417 1701 1452 ap-

292 1476 554 1519 pareant,
610 1469 733 1506 laute
771 1468 1004 1518 offusum
1050 1477 1142 1506 aut
1179 1470 1547 1519 circumfusum
1592 1483 1701 1505 esse

300 1535 443 1573 debet
471 1536 683 1584 nigrum
709 1535 969 1586 quiddam,
1015 1535 1168 1586 idque
1196 1549 1325 1573 nune
1354 1533 1550 1584 minus-,¹
1574 1548 1700 1572 nnnc

298 1617 338 1640 m
348 1616 375 1639 a
380 1616 413 1653 g
422 1604 465 1639 is
494 1616 519 1639 ν
528 1616 553 1638 α
562 1598 578 1638 Ζ
585 1602 601 1637 i
610 1601 672 1638 du
680 1616 732 1639 m.
776 1601 891 1638 Unde
911 1609 948 1638 et
965 1599 1096 1639 verbis
1119 1602 1364 1652 praemissis
1381 1601 1555 1650 exempli
1574 1613 1701 1637 causa

296 1670 442 1705 statim
462 1667 635 1705 subiicit
652 1669 819 1714 Noster,
852 1669 1033 1705 orientia
1055 1674 1095 1704 et
1114 1667 1349 1706 occidentia
1372 1667 1512 1704 sidera
1541 1668 1587 1703 in
1616 1679 1668 1703 co
1678 1688 1699 1695 -

295 1734 342 1771 lo
352 1749 374 1771 r
383 1736 400 1771 i
408 1732 429 1770 b
440 1748 493 1770 us
505 1762 515 1780 ‚
550 1748 642 1771 eum
665 1735 824 1771 scilieet
840 1737 989 1785 plenus
1014 1743 1074 1772 est
1097 1734 1168 1772 ae'r
1192 1747 1390 1783 vaporum·
1411 1735 1607 1770 siccorum
1627 1745 1700 1768 seu

292 1787 628 1849 fumosorum,
674 1807 712 1837 et
740 1814 836 1849 per
867 1802 1061 1852 fumum
1095 1801 1266 1839 videri
1298 1802 1534 1849 punicea.
1589 1799 1698 1836 Haec

293 1867 363 1903 Ko
374 1879 395 1902 e
405 1879 430 1902 ιι
441 1866 453 1902 i
463 1878 487 1915 g
498 1879 536 1902 m
546 1879 567 1902 a
576 1878 604 1902 n
613 1879 639 1902 n
652 1880 674 1903 u
685 1879 712 1903 s.
724 1888 779 1895 —
806 1865 876 1904 Ad
894 1867 1061 1905 verbum
1076 1863 1323 1917 μιγνυμένων
1340 1867 1375 1904 Α
1387 1865 1405 1902 l
1416 1877 1487 1902 ex.
1515 1864 1624 1901 addit
1640 1864 1698 1916 τῷ

292 1928 445 1981 μέλανι.
466 1952 522 1958 -
549 1929 604 1968 ἐπ
616 1945 628 1968 ι
640 1946 668 1968 π
680 1945 702 1983 ρ
715 1945 734 1969 ο
748 1933 814 1970 σθ·
824 1929 901 1970 ίσε
912 1947 925 1968 ι
935 1945 956 1977 ς
985 1931 1174 1969 exhibent
1195 1929 1239 1969 F.
1251 1933 1302 1968 H.
1314 1931 1365 1968 N.
1386 1936 1425 1967 et
1441 1943 1503 1979 pr.
1524 1942 1627 1966 man.
1651 1931 1696 1967 E.

290 1999 343 2036 A.
367 1999 438 2035 Er.
469 1998 579 2036 Cam.
609 1998 654 2036 P.
687 2000 775 2036 Bas.
803 1999 945 2048 Isingr.
970 1999 1009 2035 S.
1043 1998 1127 2035 Cas.
1156 1998 1182 2034 S
1194 1998 1244 2046 yl
1255 1997 1279 2034 b
1290 2010 1314 2033 u
1325 2010 1347 2033 r
1359 1996 1441 2046 giu
1451 2009 1468 2032 s
1496 2002 1623 2032 tamen
1645 1994 1696 2031 ad

289 2064 409 2102 Aris
422 2069 511 2102 tot.
541 2065 588 2101 de
607 2065 723 2102 caelo
751 2065 815 2108 II,
840 2067 901 2101 13.
931 2077 970 2114 p.
994 2067 1086 2112 103,
1099 2076 1119 2100 a
1146 2063 1287 2114 probat
1303 2063 1536 2112 scripturam
1559 2073 1632 2111 per
1650 2050 1694 2110 ἶ

289 2149 346 2157 -
372 2128 553 2181 γίνεσθαι
579 2143 654 2180 pro
684 2128 901 2181 φαίνεσθαι
927 2129 1047 2167 habet
1064 2132 1115 2168 A.
1144 2153 1194 2158 --
1232 2130 1288 2167 Ν.
1312 2127 1377 2167 καὶ
1405 2128 1455 2180 τῇ
1483 2123 1694 2165 ἀνακλάσει

288 2194 441 2247 ποιήσει
468 2197 610 2234 omisso
639 2193 695 2234 δέ.

400 2267 437 2301 3.
472 2260 659 2312 σχήματα
684 2275 759 2313 pro
783 2258 974 2312 χάσματα
1000 2264 1047 2301 Ε.
1102 2262 1260 2301 Deinde
1277 2260 1438 2299 confusa
1456 2266 1559 2307 sunt,
1586 2259 1692 2310 quod

285 2342 569 2379 saepenumero
600 2330 744 2367 factum
778 2329 960 2366 videmus
990 2329 1038 2366 ab
1068 2331 1105 2366 A
1116 2330 1160 2366 ri
1171 2334 1244 2365 sto
1259 2334 1275 2365 t
1285 2328 1328 2364 el
1341 2340 1363 2364 e
1401 2326 1478 2364 dua
1505 2324 1692 2375 loquendi

286 2408 441 2445 genera,
465 2396 656 2433 alterum:
684 2390 735 2433 τά
756 2415 809 2423 -
825 2391 1016 2444 χάσματα
1037 2390 1384 2446 ἂναρρηγνυμένου
1401 2393 1474 2429 τοῦ
1495 2387 1629 2442 φωτὸς
1647 2387 1690 2427 ἐκ

286 2462 452 2498 κυανεοῦ
481 2459 547 2499 καὶ
572 2457 744 2512 μέλανός
771 2475 808 2499 τι
835 2458 972 2511 βάθος
993 2457 1091 2509 ἔχειν
1112 2459 1229 2505 δοκεῖ,
1261 2458 1365 2509 quod
1384 2457 1604 2495 coniectura
1621 2469 1689 2493 re—

284 2527 447 2565 stitucre
474 2540 555 2565 non
583 2528 700 2565 nimis
730 2528 895 2565 fortasse
913 2526 1041 2564 audax
1059 2527 1180 2564 foret:
1209 2526 1397 2563 alterum:
1427 2519 1478 2560 τὰ
1497 2517 1690 2570 χάσματα

283 2589 329 2630 τὸ
363 2590 708 2645 ἀναρρηγνυμένον
737 2595 824 2645 φῶς
852 2592 894 2632 ἐκ
923 2590 1088 2631 κυανέου
1117 2590 1181 2630 καὶ
1207 2589 1377 2640 μέλανος
1413 2589 1519 2625 ποιεῖ’
1548 2600 1586 2624 τι
1613 2584 1687 2636 (502-

284 2660 364 2704 3·ος
391 2657 489 2709 «ἔχειν
518 2659 646 2698 δοκεῖν
655 2686 668 2706 ,
707 2659 843 2698 durius
869 2659 969 2697 illud
978 2687 988 2707 ,
1017 2671 1105 2696 cum
1123 2656 1343 2694 infinitivus
1365 2653 1533 2704 pendeat
1554 2653 1601 2690 ab
1625 2653 1689 2690 in.-

284 2724 453 2773 fiustivo,
481 2726 587 2775 quod
605 2732 735 2764 tamen
754 2727 859 2776 apud
879 2727 915 2764 A
926 2740 948 2764 r
959 2726 1022 2762 ist
1031 2738 1055 2761 ο
1066 2729 1083 2761 t
1091 2724 1136 2761 el
1146 2735 1169 2760 e
1177 2735 1215 2759 m
1238 2732 1520 2771 saepenumero
1542 2720 1687 2757 factum

286 2797 342 2828 est
361 2804 402 2829 v.
421 2804 453 2829 c.
483 2791 691 2829 Rhetoric.
714 2793 745 2838 1,
764 2795 801 2828 ὃ.
831 2806 871 2842 p.
897 2795 913 2827 1
922 2794 1016 2835 362,
1036 2789 1060 2826 b
1072 2803 1082 2826 z
1111 2785 1332 2838 πειρᾶσθαί
1348 2798 1479 2838 φαμεν
1503 2798 1687 2837 πραγμα-
