1760 3138
491 230 513 258 k

188 343 280 387 318
400 351 847 392 COMMENTARIUS
872 349 931 391 IN
957 354 1361 395 METEOROLOG.

185 463 343 502 stoteles
366 461 531 500 innuere
550 460 732 506 videtur,
759 474 849 499 cum
868 461 943 511 ait,
969 461 1085 500 huius
1103 462 1279 501 methodi
1299 465 1495 515 reliquum
1513 467 1586 505 ad-

185 528 263 567 huc
284 527 514 567 videndum.
571 526 717 564 Merito
738 527 858 576 igitur
889 540 933 564 ea
959 529 1112 578 omnia,
1152 542 1252 580 quae
1275 535 1437 568 tractata
1464 538 1587 581 erant,

186 595 339 646 epilogo
357 606 438 630 esse
457 591 647 641 repetita,
676 605 720 629 ac
740 605 838 642 quae
856 593 1056 632 tractanda
1074 594 1350 644 remanebant,
1377 597 1587 648 proposita.

185 660 276 698 Dici
293 671 393 697 vero
412 663 452 695 et
468 656 732 708 illudpotest,
761 657 891 696 medio
913 659 1202 709 quodammodo
1228 661 1270 699 in
1285 661 1404 699 rebus
1428 668 1588 700 natura-

183 725 286 764 libus
304 725 390 762 loco
408 723 482 762 sita
500 736 601 771 esse,
630 724 816 775 variaque
836 731 875 762 et
894 726 1100 776 multiplici
1119 733 1258 765 natura
1274 734 1462 777 constare,
1491 742 1590 779 quae

184 790 381 829 communi
404 802 482 827 uno
503 789 663 827 nomine
684 797 864 829 vocetur.
920 792 1045 842 Igitur
1072 806 1148 843 qua
1171 794 1301 832 locum
1322 794 1500 832 <medium
1521 808 1594 832 oc-

183 862 350 908 cupant,
384 855 554 894 mediam
583 869 740 907 quoque
766 857 807 894 in
833 859 1018 897 naturalis
1046 858 1319 912 philosophiae
1345 861 1519 911 partibus
1549 866 1590 898 et

181 923 293 962 libris
312 921 359 959 ab
379 922 592 960 Aristotele
613 923 843 974 conscriptis
863 924 996 962 sedem
1015 925 1204 964 obtinere.
1258 926 1411 965 Idcirco
1428 926 1590 977 reliquis

181 989 281 1037 iam,
319 1001 418 1039 quae
449 987 705 1038 antecedunt,
735 990 1000 1040 pertractatis,
1031 991 1081 1029 ad
1109 1005 1194 1030 eam
1224 1006 1313 1031 cum
1334 993 1589 1044 pervenisset,

184 1054 315 1093 omnia
345 1060 423 1092 tam
451 1056 687 1105 pertractata
714 1069 830 1106 quam
853 1057 1124 1107 pertractanda
1141 1060 1475 1107 commemorasse,
1496 1071 1591 1110 per-

183 1122 277 1160 inde
302 1126 416 1172 atque
442 1120 495 1168 is,
533 1120 601 1170 qui
628 1121 707 1158 iter
737 1122 885 1172 aliquid
911 1123 1099 1172 instituit,
1147 1137 1235 1162 cum
1267 1124 1469 1163 dimidiam
1507 1125 1590 1162 eius

182 1193 337 1239 partem
354 1186 540 1234 confecit,
570 1192 647 1223 tam
666 1186 730 1232 id,
759 1188 864 1238 quod
885 1189 964 1226 iam
988 1181 1215 1240 congressus
1240 1197 1316 1239 est,
1346 1204 1461 1240 quam
1483 1190 1590 1241 quod

182 1252 450 1306 peragendum
476 1258 629 1299 manet,
658 1259 841 1304 repetere
864 1254 1013 1302 animo,
1043 1269 1086 1294 ac
1105 1269 1309 1293 recensere
1332 1256 1483 1304 studet,
1512 1270 1588 1307 quo

183 1333 235 1359 ex
253 1333 307 1366 ea,
327 1331 424 1370 quae
446 1317 524 1355 iam
540 1324 698 1369 peracta
718 1325 785 1366 est,
804 1320 978 1370 reliquae
996 1327 1127 1372 partes
1145 1321 1388 1373 peragendae
1406 1321 1590 1360 fiduciam

182 1386 313 1424 animo
339 1384 551 1434 concipiat,
588 1383 785 1435 finemque
812 1385 990 1424 laborum
1023 1387 1184 1438 propius
1219 1387 1354 1425 adesse
1383 1387 1587 1439 intelligat.

189 1454 231 1492 V
234 1454 462 1488 icomerc.
500 1450 695 1500 Equidem
713 1463 818 1500 reor,
839 1452 1018 1502 quamvis
1039 1466 1082 1490 ea
1103 1453 1153 1491 de
1171 1467 1215 1491 re
1237 1453 1416 1491 dubitare
1431 1454 1589 1492 videam

185 1518 320 1556 doctos
339 1516 463 1562 virm,
491 1515 607 1554 huius
629 1517 745 1571 mo'di
763 1519 965 1568 prooemia
991 1524 1030 1556 et
1058 1517 1246 1557 clausulas
1281 1519 1329 1556 ab
1359 1519 1445 1570 ipso
1476 1521 1589 1558 Ari-

182 1583 378 1623 stotele
410 1582 607 1633 profectas
636 1597 740 1629 esse,
780 1597 860 1622 non
888 1585 936 1622 ab
960 1584 1065 1632 istis,
1105 1585 1174 1635 qui
1202 1585 1319 1636 primi
1339 1585 1589 1623 Aristotelica

183 1663 301 1702 opera
329 1661 403 1700 per
431 1655 584 1686 certum
611 1649 805 1700 quendam
832 1651 1012 1689 ordinem
1041 1649 1344 1698 distribuerunt,
1372 1664 1447 1702 qua
1474 1651 1523 1689 de
1543 1664 1590 1689 re

181 1716 223 1754 in
246 1715 541 1765 Prolegomenis
563 1715 613 1752 ad
641 1717 833 1754 volumen
856 1718 1045 1765 alterum,
1073 1718 1139 1755 ubi
1168 1718 1217 1756 de
1246 1717 1386 1755 ordine
1412 1730 1456 1754 ac
1483 1730 1590 1755 nexu

180 1781 436 1834 physicorum
458 1781 651 1819 librorum
673 1782 867 1832 agendum
889 1784 984 1832 erit,
1014 1797 1139 1821 meam
1162 1785 1284 1822 fusius
1304 1784 1474 1834 aperiam
1499 1797 1590 1821 sen-

181 1848 357 1886 tentiam.
414 1847 514 1885 Cum
533 1848 739 1896 prooemio
764 1847 840 1885 hoc
861 1850 1262 1899 Meteorologicorum
1286 1849 1395 1888 libris
1414 1849 1587 1900 praefixo

181 1917 430 1965 comparetur
459 1912 606 1959 simile,
647 1913 786 1962 quibus
819 1914 980 1952 Politica
1010 1914 1159 1952 Ethicis
1202 1915 1474 1953 Nicomacheis
1517 1916 1599 1953 ad-‘

180 1984 414 2027 nectuntur,
451 1978 735 2028 posterioribus
763 1980 883 2029 vulgo
916 1979 1096 2017 adsutum
1135 1986 1173 2018 et
1209 1994 1231 2018 a
1269 1981 1586 2019 Schneidero

180 2046 311 2098 primo
337 2044 431 2082 inde
459 2043 674 2082 divulsum.
731 2046 884 2083 Prostat
907 2046 949 2083 in
979 2046 1151 2083 editione
1172 2047 1335 2084 'Zellii
1361 2048 1427 2096 X,
1459 2051 1503 2092 9,
1534 2051 1586 2086 22

180 2116 312 2151 ...23.
330 2125 370 2162 p.
393 2110 486 2149 480.
544 2109 688 2148 Verbis
716 2102 802 2162 περὶ
822 2113 901 2150 τῶν
921 2108 1089 2163 πρώτων
1110 2111 1247 2151 αἰτίων
1268 2139 1397 2152 ......
1419 2114 1587 2164 φυσικῆς

181 2179 313 2218 innuit
334 2176 530 2226 physicae
550 2178 853 2215 auscultationis
873 2177 1014 2224 libros,
1043 2179 1175 2217 verbis
1195 2177 1282 2230 περὶ
1300 2179 1379 2216 τῶν
1397 2175 1497 2216 κατὰ
1515 2175 1587 2228 τὴν

181 2241 264 2282 ἄνω
295 2239 427 2296 φορὰν
457 2267 635 2281 ......
666 2238 772 2292 πόσα
803 2257 843 2281 τε
873 2242 938 2282 καὶ
966 2247 1061 2282 ποῖα
1092 2273 1101 2282 .
1125 2272 1134 2283 .
1157 2271 1167 2282 .
1191 2272 1201 2283 .
1231 2245 1455 2295 μεταβολῆς
1491 2258 1589 2296 qua-

179 2316 273 2349 tuor
293 2312 341 2348 de
363 2309 464 2346 coelo
491 2307 633 2356 libros,
669 2307 836 2360 denique
856 2310 989 2348 verbis
1019 2308 1105 2362 περὶ
1137 2312 1208 2361 τῆς
1236 2308 1418 2362 γενέσεως
1447 2336 1586 2348 .....

181 2378 314 2426 κοινῆς
347 2376 468 2414 libros
499 2374 546 2411 de
571 2377 825 2424 generatione
857 2383 894 2412 et
918 2378 1092 2414 interim.
1150 2377 1277 2426 Quale
1303 2377 1354 2414 sit
1378 2376 1587 2414 discrimen

179 2442 284 2479 inter
307 2440 458 2491 κίνησιν
479 2446 519 2478 et
541 2437 672 2492 φοράν
694 2441 908 2480 secundum
929 2443 1266 2489 Aristotelem
1296 2448 1386 2493 apte
1406 2440 1586 2492 exposuit

179 2520 275 2546 van
311 2507 559 2558 Capellen
597 2506 647 2544 ad
681 2507 954 2545 Aristotel.
1014 2508 1175 2556 Quaest.
1212 2508 1386 2545 mechan.
1425 2519 1463 2556 p.
1492 2507 1583 2545 140.

117 2566 123 2575 N
181 2573 277 2612 cod.
310 2575 353 2612 E.
386 2573 610 2612 Bekkeri
646 2572 765 2611 habet
800 2570 854 2611 ἔτι
885 2571 927 2611 δὲ
952 2575 1034 2624 7τῶν
1064 2572 1150 2625 περὶ
1179 2571 1251 2624 τὴν
1280 2569 1361 2610 ἄνω
1384 2566 1515 2623 φοράν
1544 2576 1583 2609 et

182 2651 220 2689 q.
242 2652 273 2676 s.
294 2658 350 2666 ·-
404 2640 467 2677 De
487 2645 682 2676 astrorum
710 2640 882 2689 singulos
909 2653 980 2690 per
1000 2639 1113 2677 orbes
1131 2640 1172 2676 in
1193 2639 1301 2675 coelo
1326 2635 1583 2674 adornatione

182 2705 360 2742 conferas
388 2710 545 2754 praeter
571 2705 693 2742 libros
721 2704 769 2742 de
789 2706 909 2748 coelo,
938 2706 980 2742 in
999 2703 1137 2754 quibus
1164 2703 1362 2740 uberrime
1390 2714 1434 2739 ea
1464 2702 1513 2739 de
1534 2716 1581 2740 re

182 2766 362 2822 pluribus
388 2770 484 2808 locis
514 2769 721 2814 disseruit,
762 2769 990 2819 Metaplzys·.
1027 2769 1134 2815 XII,
1170 2771 1207 2806 8.
1246 2781 1285 2818 p.
1307 2771 1411 2807 1073
1431 2782 1487 2819 sq.
1517 2768 1579 2807 ed.
