1820 3158
0 113 28 184 &523
3 85 8 93 ⁷

558 857 1256 918 PRAEFATIO.

0 1042 92 1169 Ε
188 1096 303 1162 Etsi
330 1114 514 1172 plurima
540 1100 734 1159 ‘veterum
762 1118 943 1173 scripta,
982 1117 1028 1158 in
1058 1116 1213 1172 quibus
1243 1116 1296 1158 de
1325 1113 1454 1156 rebus
1485 1116 1539 1157 ad
1560 1130 1634 1157 na-

186 1194 306 1227 turae
343 1180 568 1227 historiam
606 1185 920 1243 pertinentibus
950 1188 1114 1244 agitur,
1161 1185 1402 1227 emendavit
1431 1193 1473 1226 et
1500 1187 1634 1227 inter-

111 1246 116 1250 ’
182 1263 372 1311 pretatus
403 1265 469 1297 est
500 1256 531 1299 S
544 1272 566 1299 c
577 1256 605 1299 h
617 1272 643 1299 n
657 1258 744 1300 eid
756 1271 780 1298 e
791 1273 813 1299 r
824 1272 853 1298 u
863 1272 884 1299 s
912 1259 973 1299 ita
983 1288 996 1309 ,
1038 1264 1086 1297 ut
1115 1254 1296 1312 gloriam
1325 1263 1475 1297 nactus
1490 1300 1493 1308 A
1505 1265 1633 1307 esset,

181 1324 316 1367 fuisse
355 1339 453 1367 eum
490 1328 603 1369 inter
650 1326 898 1384 philologos
943 1328 1178 1369 maximum
1215 1325 1463 1382 physicum,
1521 1327 1635 1367 inter

181 1394 382 1451 physicos
410 1397 647 1439 maximum
674 1396 967 1453 philologum,
997 1406 1129 1438 restat
1158 1405 1300 1438 tamen
1335 1410 1421 1438 non
1451 1396 1635 1451 exiguus

183 1479 363 1520 operum
385 1480 612 1519 numerus,
645 1482 754 1524 quae
777 1468 823 1509 in
842 1466 981 1508 lucem
1011 1468 1166 1508 edendi
1194 1467 1376 1508 fortasse
1407 1463 1636 1506 consilium

182 1533 346 1587 habuit,
376 1537 488 1592 quod
518 1545 660 1579 tamen
686 1552 739 1579 ne
757 1535 897 1588 fieret,
928 1536 1141 1578 humanae
1166 1538 1281 1577 vitae
1306 1535 1416 1577 fines
1446 1543 1636 1576 vetuere.

182 1603 298 1646 Inter
330 1620 436 1661 quae
467 1607 540 1648 diu
569 1609 727 1648 intacta
755 1607 939 1648 iacuisse
970 1617 1012 1647 et
1040 1606 1126 1647 alia
1153 1603 1428 1647 Aristotelica
1457 1611 1500 1644 et
1530 1604 1637 1658 quos

182 1674 268 1714 iam
298 1675 437 1716 denuo
469 1674 704 1730 expolitos,
735 1676 964 1728 castigatos
996 1682 1039 1714 et
1071 1661 1387 1729 explicatos⁴in
1417 1671 1636 1728 publicum

182 1756 309 1784 usum
351 1743 540 1785 edendos
570 1745 833 1799 suscepimus
864 1742 917 1783 de
945 1741 1261 1798 Meteorologia
1290 1744 1634 1793 commentarios,

183 1820 275 1852 erat
304 1813 416 1868 quod
444 1827 572 1868 saepe
604 1827 700 1854 cum
727 1812 894 1868 physici
923 1821 1013 1854 tum
1042 1814 1169 1854 etiam
1191 1810 1403 1868 philologi
1426 1810 1634 1853 dolerent.

180 1881 277 1938 Ipse
299 1896 394 1923 cum
413 1882 578 1924 duobus
602 1882 760 1924 abhinc
781 1883 904 1923 annis
922 1880 1080 1924 librum
1100 1882 1270 1923 ederem
1301 1881 1385 1923 hoc
1414 1883 1542 1923 modo
1571 1884 1636 1922 in-

181 1954 405 2007 scriptum:
446 1951 878 2008 Meteorologia
915 1958 1164 1994 veterum
1204 1952 1540 1993 Graecorum
1583 1957 1636 1993 et

181 2022 558 2064 Romanorum.
598 2023 919 2078 Prolegomena
941 2022 1001 2063 ad
1019 2036 1171 2065 novam
1191 2021 1636 2077 Bleteorologz'corum

181 2091 443 2133 Aristotelis
484 2093 719 2134 editionem
760 2092 1071 2134 adornandam.
1131 2090 1241 2134 VIII
1282 2101 1324 2133 et
1354 2095 1451 2133 254.
1497 2095 1537 2132 8.
1590 2092 1633 2131 in

181 2175 263 2216 quo
305 2160 472 2216 physici
510 2164 777 2218 potissimum
814 2170 960 2218 partes
1003 2161 1208 2218 agebam,
1273 2175 1452 2216 cumque
1495 2174 1635 2203 meam

181 2244 266 2271 non
314 2233 487 2272 omnino
528 2232 813 2288 improbatam
854 2232 1045 2273 viderem
1094 2231 1276 2288 opellam
1327 2246 1464 2287 neque
1511 2232 1634 2287 ipsis,

183 2299 336 2354 quibus
368 2309 468 2342 tunc
499 2316 579 2358 ego
606 2304 784 2358 scripsi,
815 2301 1029 2357 physicis,
1072 2291 1253 2357 nequej
1276 2301 1428 2357 quibus
1458 2303 1635 2356 serip'tu—

182 2382 255 2409 rus
275 2382 416 2419 eram,
445 2370 678 2427 philologis
694 2372 756 2427 *)‚
796 2371 916 2414 nolui
945 2385 1032 2412 non
1062 2380 1175 2412 stare
1205 2372 1425 2426 promissis
1455 2372 1562 2412 meis
1593 2379 1635 2411 et

183 2453 265 2493 quo
295 2437 439 2493 plures
467 2454 542 2495 per
573 2455 708 2482 annos
738 2443 879 2482 omnia
908 2455 1027 2491 mea,
1066 2441 1187 2495 quasi
1216 2441 1388 2481 unicum
1420 2440 1474 2481 ad
1502 2438 1633 2480 finem

180 2508 452 2550 tetenderunt
490 2510 654 2562 studia,
704 2511 938 2573 editionem
976 2509 1094 2551 illam
1131 2510 1293 2551 diutius
1332 2524 1419 2552 non
1446 2512 1632 2552 retinere

181 2579 405 2630 constitui,
436 2579 480 2620 in
513 2594 595 2635 qua
628 2589 717 2621 tum
747 2581 941 2622 codicum
971 2587 1013 2620 et
1042 2594 1067 2621 a
1097 2578 1354 2622 Bekkero
1383 2596 1433 2622 ac
1461 2577 1633 2622 Bran-

180 2647 328 2689 disio
359 2662 492 2704 nuper
522 2647 773 2691 collatorum
803 2657 846 2690 et
875 2648 1057 2690 aliorum
1086 2651 1372 2706 quorundam,
1403 2651 1457 2692 de
1477 2650 1631 2707 quibus

225 2780 258 2825 *)
282 2782 378 2817 Vide
393 2796 483 2828 quae
498 2793 713 2821 monuerunt
732 2788 764 2820 K
775 2787 794 2819 ἐἰ
805 2798 839 2820 m
851 2792 892 2820 tz
914 2792 950 2821 et
968 2788 996 2820 P
1005 2798 1025 2820 e
1036 2791 1048 2820 t
1058 2798 1077 2820 e
1088 2798 1131 2821 rs
1141 2798 1160 2821 e
1171 2798 1194 2820 n
1217 2787 1255 2820 in
1270 2791 1361 2830 Atlg.
1378 2768 1531 2820 Limssrar.
1542 2788 1630 2820 Zeit.

273 2842 374 2877 1833.
398 2847 544 2880 nr-210.
558 2849 639 2889 211,
668 2846 795 2892 quibus
822 2846 910 2882 viris
933 2845 1093 2890 publicas
1115 2847 1187 2880 hoc
1209 2846 1290 2881 loco
1315 2851 1431 2893 grates
1455 2855 1543 2892 agox
