<?xml version="1.0" encoding="UTF-8"?>
<!DOCTYPE html PUBLIC "-//W3C//DTD XHTML 1.0 Transitional//EN"
    "http://www.w3.org/TR/xhtml1/DTD/xhtml1-transitional.dtd">
<html xmlns="http://www.w3.org/1999/xhtml" xml:lang="en" lang="en">
 <head>
  <title>
</title>
<meta http-equiv="Content-Type" content="text/html;charset=utf-8" />
  <meta name='ocr-system' content='tesseract 3.04.00' />
  <meta name='ocr-capabilities' content='ocr_page ocr_carea ocr_par ocr_line ocrx_word'/>
</head>
<body>
  <div class='ocr_page' id='page_1' title='image "./meteorologicorum01arisuoft_0486.png"; bbox 0 0 1774 3198; ppageno 0'>
   <div class='ocr_carea' id='block_1_1' title="bbox 294 354 1468 412">
    <p class='ocr_par' dir='ltr' id='par_1_1' title="bbox 294 354 1468 412">
     <span class='ocr_line' id='line_1_1' title="bbox 294 354 1468 412; baseline 0.009 -13"><span class='ocrx_word' id='word_1_1' title='bbox 294 354 389 398; x_wconf 83' lang='grc'><strong>446</strong></span> <span class='ocrx_word' id='word_1_2' title='bbox 511 364 956 404; x_wconf 84' lang='lat' dir='ltr'><strong>COMMENTARIUS</strong></span> <span class='ocrx_word' id='word_1_3' title='bbox 986 367 1048 406; x_wconf 90' lang='lat' dir='ltr'><strong>IN</strong></span> <span class='ocrx_word' id='word_1_4' title='bbox 1066 368 1468 412; x_wconf 84' lang='lat' dir='ltr'><strong>METEOROLOG.</strong></span> 
     </span>
    </p>
   </div>
   <div class='ocr_carea' id='block_1_2' title="bbox 207 469 1692 2841">
    <p class='ocr_par' dir='ltr' id='par_1_2' title="bbox 268 469 1692 2709">
     <span class='ocr_line' id='line_1_2' title="bbox 293 469 1691 529; baseline 0.01 -19"><span class='ocrx_word' id='word_1_5' title='bbox 293 473 504 510; x_wconf 87' lang='lat' dir='ltr'><strong>crobius</strong></span> <span class='ocrx_word' id='word_1_6' title='bbox 533 469 768 523; x_wconf 83' lang='lat' dir='ltr'><strong>(Saturnal.</strong></span> <span class='ocrx_word' id='word_1_7' title='bbox 800 476 895 523; x_wconf 87' lang='lat' dir='ltr'><strong>VH,</strong></span> <span class='ocrx_word' id='word_1_8' title='bbox 923 478 963 514; x_wconf 88' lang='lat'><strong>8.</strong></span> <span class='ocrx_word' id='word_1_9' title='bbox 994 489 1035 527; x_wconf 91' lang='lat' dir='ltr'><strong>p.</strong></span> <span class='ocrx_word' id='word_1_10' title='bbox 1060 475 1182 529; x_wconf 84' lang='lat'><strong>426):</strong></span> <span class='ocrx_word' id='word_1_11' title='bbox 1220 479 1304 517; x_wconf 64' lang='lat' dir='ltr'><strong>Aiir</strong></span> <span class='ocrx_word' id='word_1_12' title='bbox 1331 490 1443 519; x_wconf 82' lang='lat' dir='ltr'><strong>motu</strong></span> <span class='ocrx_word' id='word_1_13' title='bbox 1468 484 1514 520; x_wconf 83' lang='lat' dir='ltr'><strong>in</strong></span> <span class='ocrx_word' id='word_1_14' title='bbox 1528 492 1691 524; x_wconf 73' lang='lat' dir='ltr'><strong>ventum</strong></span> 
     </span>
     <span class='ocr_line' id='line_1_3' title="bbox 288 538 1692 603; baseline 0.009 -27"><span class='ocrx_word' id='word_1_15' title='bbox 288 539 468 586; x_wconf 77' lang='lat' dir='ltr'><strong>solvitur,</strong></span> <span class='ocrx_word' id='word_1_16' title='bbox 497 545 537 574; x_wconf 85' lang='lat' dir='ltr'><strong>et</strong></span> <span class='ocrx_word' id='word_1_17' title='bbox 558 538 753 588; x_wconf 71' lang='lat' dir='ltr'><strong>liquidior</strong></span> <span class='ocrx_word' id='word_1_18' title='bbox 776 553 818 577; x_wconf 86' lang='lat' dir='ltr'><strong>se</strong></span> <span class='ocrx_word' id='word_1_19' title='bbox 838 540 988 591; x_wconf 74' lang='lat' dir='ltr'><strong>sactus</strong></span> <span class='ocrx_word' id='word_1_20' title='bbox 998 543 1182 603; x_wconf 30' lang='lat' dir='ltr'><strong>§agitatu</strong></span> <span class='ocrx_word' id='word_1_21' title='bbox 1198 545 1338 594; x_wconf 75' lang='lat' dir='ltr'><strong>flatus</strong></span> <span class='ocrx_word' id='word_1_22' title='bbox 1361 548 1562 597; x_wconf 59' lang='lat' dir='ltr'><strong>effic-itum·</strong></span> <span class='ocrx_word' id='word_1_23' title='bbox 1589 551 1692 588; x_wconf 88' lang='lat' dir='ltr'><strong>Isi-</strong></span> 
     </span>
     <span class='ocr_line' id='line_1_4' title="bbox 289 603 1692 656; baseline 0.009 -16"><span class='ocrx_word' id='word_1_24' title='bbox 289 604 441 641; x_wconf 81' lang='lat' dir='ltr'><strong>dorus</strong></span> <span class='ocrx_word' id='word_1_25' title='bbox 471 603 640 654; x_wconf 81' lang='lat' dir='ltr'><strong>(Origg.</strong></span> <span class='ocrx_word' id='word_1_26' title='bbox 666 605 789 654; x_wconf 89' lang='lat' dir='ltr'><strong>XIII,</strong></span> <span class='ocrx_word' id='word_1_27' title='bbox 813 604 907 656; x_wconf 85' lang='lat'>11):</span> <span class='ocrx_word' id='word_1_28' title='bbox 942 604 1117 646; x_wconf 81' lang='lat' dir='ltr'><em>Ventum</em></span> <span class='ocrx_word' id='word_1_29' title='bbox 1139 609 1270 647; x_wconf 75' lang='lat' dir='ltr'><strong>ae‘rem</strong></span> <span class='ocrx_word' id='word_1_30' title='bbox 1289 625 1373 649; x_wconf 76' lang='lat' dir='ltr'><strong>esse</strong></span> <span class='ocrx_word' id='word_1_31' title='bbox 1400 623 1634 652; x_wconf 81' lang='lat' dir='ltr'><strong>commotum</strong></span> <span class='ocrx_word' id='word_1_32' title='bbox 1652 625 1692 654; x_wconf 80' lang='lat' dir='ltr'><strong>et</strong></span> 
     </span>
     <span class='ocr_line' id='line_1_5' title="bbox 288 670 1692 728; baseline 0.009 -22"><span class='ocrx_word' id='word_1_33' title='bbox 288 672 516 719; x_wconf 80' lang='lat' dir='ltr'><strong>agitatum;</strong></span> <span class='ocrx_word' id='word_1_34' title='bbox 545 671 811 709; x_wconf 87' lang='lat' dir='ltr'><strong>Arnobius</strong></span> <span class='ocrx_word' id='word_1_35' title='bbox 839 670 949 723; x_wconf 72' lang='lat' dir='ltr'><strong>(adv.</strong></span> <span class='ocrx_word' id='word_1_36' title='bbox 967 681 1107 724; x_wconf 78' lang='lat' dir='ltr'><em>gentes</em></span> <span class='ocrx_word' id='word_1_37' title='bbox 1131 677 1201 723; x_wconf 85' lang='lat' dir='ltr'><strong>VI,</strong></span> <span class='ocrx_word' id='word_1_38' title='bbox 1222 676 1390 728; x_wconf 84' lang='lat' dir='ltr'><strong>p.116):</strong></span> <span class='ocrx_word' id='word_1_39' title='bbox 1426 679 1574 717; x_wconf 84' lang='lat' dir='ltr'><strong>Omnes</strong></span> <span class='ocrx_word' id='word_1_40' title='bbox 1595 695 1692 719; x_wconf 78' lang='lat' dir='ltr'><strong>ven-</strong></span> 
     </span>
     <span class='ocr_line' id='line_1_6' title="bbox 287 736 1691 795; baseline 0.01 -24"><span class='ocrx_word' id='word_1_41' title='bbox 287 745 349 772; x_wconf 78' lang='lat' dir='ltr'><strong>tos</strong></span> <span class='ocrx_word' id='word_1_42' title='bbox 372 736 482 772; x_wconf 55' lang='lat' dir='ltr'><strong>aeris</strong></span> <span class='ocrx_word' id='word_1_43' title='bbox 495 736 679 785; x_wconf 85' lang='lat' dir='ltr'><strong>fluorem</strong></span> <span class='ocrx_word' id='word_1_44' title='bbox 699 751 781 774; x_wconf 79' lang='lat' dir='ltr'><strong>esse</strong></span> <span class='ocrx_word' id='word_1_45' title='bbox 796 740 924 787; x_wconf 81' lang='lat' dir='ltr'><strong>pulsi.</strong></span> <span class='ocrx_word' id='word_1_46' title='bbox 980 742 1084 778; x_wconf 90' lang='lat' dir='ltr'><strong>Hinc</strong></span> <span class='ocrx_word' id='word_1_47' title='bbox 1102 748 1218 793; x_wconf 90' lang='lat' dir='ltr'><strong>patet,</strong></span> <span class='ocrx_word' id='word_1_48' title='bbox 1239 746 1471 794; x_wconf 83' lang='lat' dir='ltr'><strong>comparatis</strong></span> <span class='ocrx_word' id='word_1_49' title='bbox 1490 749 1538 793; x_wconf 88' lang='lat' dir='ltr'><strong>H,</strong></span> <span class='ocrx_word' id='word_1_50' title='bbox 1553 746 1642 784; x_wconf 81' lang='grc'><strong>4“--</strong></span> <span class='ocrx_word' id='word_1_51' title='bbox 1653 751 1691 795; x_wconf 88' lang='grc'><strong>6,</strong></span> 
     </span>
     <span class='ocr_line' id='line_1_7' title="bbox 285 802 1691 860; baseline 0.01 -23"><span class='ocrx_word' id='word_1_52' title='bbox 285 802 333 839; x_wconf 87' lang='lat' dir='ltr'><strong>ab</strong></span> <span class='ocrx_word' id='word_1_53' title='bbox 357 802 572 840; x_wconf 83' lang='lat' dir='ltr'><strong>Aristotele</strong></span> <span class='ocrx_word' id='word_1_54' title='bbox 599 816 679 841; x_wconf 87' lang='lat' dir='ltr'><strong>non</strong></span> <span class='ocrx_word' id='word_1_55' title='bbox 711 806 888 855; x_wconf 85' lang='lat' dir='ltr'><strong>profecta</strong></span> <span class='ocrx_word' id='word_1_56' title='bbox 914 820 997 844; x_wconf 88' lang='lat' dir='ltr'><strong>esse</strong></span> <span class='ocrx_word' id='word_1_57' title='bbox 1022 808 1168 854; x_wconf 87' lang='lat' dir='ltr'><strong>verba,</strong></span> <span class='ocrx_word' id='word_1_58' title='bbox 1198 821 1295 859; x_wconf 82' lang='lat' dir='ltr'><strong>quae</strong></span> <span class='ocrx_word' id='word_1_59' title='bbox 1315 811 1497 860; x_wconf 88' lang='lat' dir='ltr'><strong>leguntur</strong></span> <span class='ocrx_word' id='word_1_60' title='bbox 1523 813 1564 850; x_wconf 87' lang='lat' dir='ltr'><strong>in</strong></span> <span class='ocrx_word' id='word_1_61' title='bbox 1586 814 1691 850; x_wconf 86' lang='lat' dir='ltr'><strong>Pro-</strong></span> 
     </span>
     <span class='ocr_line' id='line_1_8' title="bbox 285 869 1690 928; baseline 0.008 -22"><span class='ocrx_word' id='word_1_62' title='bbox 285 869 398 907; x_wconf 76' lang='lat' dir='ltr'><strong>Mem.</strong></span> <span class='ocrx_word' id='word_1_63' title='bbox 418 871 579 916; x_wconf 86' lang='lat' dir='ltr'><strong>XXIII,</strong></span> <span class='ocrx_word' id='word_1_64' title='bbox 605 871 668 908; x_wconf 85' lang='lat'><strong>11.</strong></span> <span class='ocrx_word' id='word_1_65' title='bbox 699 884 737 921; x_wconf 90' lang='lat' dir='ltr'><strong>p.</strong></span> <span class='ocrx_word' id='word_1_66' title='bbox 757 876 846 920; x_wconf 77' lang='lat'><strong>932,</strong></span> <span class='ocrx_word' id='word_1_67' title='bbox 866 873 910 910; x_wconf 86' lang='lat' dir='ltr'><strong>b:</strong></span> <span class='ocrx_word' id='word_1_68' title='bbox 940 870 1022 911; x_wconf 69' lang='grc' dir='ltr'><strong><em>ἔστι</em></strong></span> <span class='ocrx_word' id='word_1_69' title='bbox 1039 869 1115 926; x_wconf 77' lang='grc' dir='ltr'><strong>γὰρ</strong></span> <span class='ocrx_word' id='word_1_70' title='bbox 1138 869 1184 912; x_wconf 85' lang='grc' dir='ltr'><strong>τὸ</strong></span> <span class='ocrx_word' id='word_1_71' title='bbox 1198 877 1351 925; x_wconf 79' lang='grc' dir='ltr'><em>πνεῦμα</em></span> <span class='ocrx_word' id='word_1_72' title='bbox 1371 873 1540 923; x_wconf 75' lang='grc' dir='ltr'><strong><em>σύνωσις</em></strong></span> <span class='ocrx_word' id='word_1_73' title='bbox 1559 875 1690 928; x_wconf 78' lang='grc' dir='ltr'><strong><em>ἀέρος,</em></strong></span> 
     </span>
     <span class='ocr_line' id='line_1_9' title="bbox 284 935 1690 994; baseline 0.009 -23"><span class='ocrx_word' id='word_1_74' title='bbox 284 935 353 972; x_wconf 79' lang='lat' dir='ltr'><strong>sed</strong></span> <span class='ocrx_word' id='word_1_75' title='bbox 375 941 442 972; x_wconf 86' lang='lat' dir='ltr'><strong>aut</strong></span> <span class='ocrx_word' id='word_1_76' title='bbox 463 949 485 972; x_wconf 91' lang='lat' dir='ltr'><strong>a</strong></span> <span class='ocrx_word' id='word_1_77' title='bbox 503 935 798 986; x_wconf 78' lang='lat' dir='ltr'><strong>Theophrasto,</strong></span> <span class='ocrx_word' id='word_1_78' title='bbox 828 945 895 976; x_wconf 89' lang='lat' dir='ltr'><strong>aut</strong></span> <span class='ocrx_word' id='word_1_79' title='bbox 916 940 963 978; x_wconf 89' lang='lat' dir='ltr'><strong>ab</strong></span> <span class='ocrx_word' id='word_1_80' title='bbox 988 940 1065 978; x_wconf 90' lang='lat' dir='ltr'><strong>alio</strong></span> <span class='ocrx_word' id='word_1_81' title='bbox 1095 940 1263 990; x_wconf 87' lang='lat' dir='ltr'><strong>quodam</strong></span> <span class='ocrx_word' id='word_1_82' title='bbox 1292 943 1495 993; x_wconf 84' lang='lat' dir='ltr'><strong>scriptore.</strong></span> <span class='ocrx_word' id='word_1_83' title='bbox 1536 946 1690 994; x_wconf 85' lang='lat' dir='ltr'><strong>Quodsi</strong></span> 
     </span>
     <span class='ocr_line' id='line_1_10' title="bbox 284 1002 1690 1058; baseline 0.008 -21"><span class='ocrx_word' id='word_1_84' title='bbox 284 1002 401 1046; x_wconf 86' lang='lat' dir='ltr'><strong>enim,</strong></span> <span class='ocrx_word' id='word_1_85' title='bbox 433 1003 763 1052; x_wconf 81' lang='lat' dir='ltr'><strong>quemadmodum</strong></span> <span class='ocrx_word' id='word_1_86' title='bbox 782 1005 997 1044; x_wconf 83' lang='lat' dir='ltr'><strong>arbitratur</strong></span> <span class='ocrx_word' id='word_1_87' title='bbox 1019 1007 1221 1045; x_wconf 85' lang='lat' dir='ltr'><strong>Weisse</strong></span> <span class='ocrx_word' id='word_1_88' title='bbox 1249 1005 1508 1058; x_wconf 76' lang='lat' dir='ltr'><strong>(Aristoteles</strong></span> <span class='ocrx_word' id='word_1_89' title='bbox 1523 1024 1600 1047; x_wconf 84' lang='grc' dir='ltr'><strong>νοη</strong></span> <span class='ocrx_word' id='word_1_90' title='bbox 1618 1011 1690 1048; x_wconf 85' lang='lat' dir='ltr'><strong>der</strong></span> 
     </span>
     <span class='ocr_line' id='line_1_11' title="bbox 285 1068 1690 1126; baseline 0.009 -24"><span class='ocrx_word' id='word_1_91' title='bbox 285 1068 395 1104; x_wconf 86' lang='lat' dir='ltr'><strong>Seele</strong></span> <span class='ocrx_word' id='word_1_92' title='bbox 424 1068 511 1105; x_wconf 82' lang='lat' dir='ltr'><strong>und</strong></span> <span class='ocrx_word' id='word_1_93' title='bbox 528 1082 607 1104; x_wconf 74' lang='lat' dir='ltr'><strong>von</strong></span> <span class='ocrx_word' id='word_1_94' title='bbox 626 1069 698 1106; x_wconf 85' lang='lat' dir='ltr'><strong>der</strong></span> <span class='ocrx_word' id='word_1_95' title='bbox 722 1070 790 1107; x_wconf 87' lang='lat' dir='ltr'><em>W</em></span> <span class='ocrx_word' id='word_1_96' title='bbox 785 1072 846 1108; x_wconf 82' lang='lat' dir='ltr'><strong>elt.</strong></span> <span class='ocrx_word' id='word_1_97' title='bbox 876 1073 1017 1123; x_wconf 87' lang='lat' dir='ltr'><strong>Leipz.</strong></span> <span class='ocrx_word' id='word_1_98' title='bbox 1039 1074 1156 1111; x_wconf 81' lang='lat'><strong>1829.</strong></span> <span class='ocrx_word' id='word_1_99' title='bbox 1181 1077 1218 1112; x_wconf 91' lang='grc'><strong>8.</strong></span> <span class='ocrx_word' id='word_1_100' title='bbox 1249 1087 1287 1125; x_wconf 92' lang='lat' dir='ltr'><strong>p.</strong></span> <span class='ocrx_word' id='word_1_101' title='bbox 1312 1072 1429 1126; x_wconf 84' lang='grc'>404),</span> <span class='ocrx_word' id='word_1_102' title='bbox 1458 1077 1690 1115; x_wconf 85' lang='lat' dir='ltr'><strong>Aristoteles</strong></span> 
     </span>
     <span class='ocr_line' id='line_1_12' title="bbox 280 1134 1690 1194; baseline 0.008 -23"><span class='ocrx_word' id='word_1_103' title='bbox 280 1134 484 1185; x_wconf 77' lang='lat' dir='ltr'><strong>probasset</strong></span> <span class='ocrx_word' id='word_1_104' title='bbox 501 1135 728 1185; x_wconf 87' lang='lat' dir='ltr'><strong>opinionem</strong></span> <span class='ocrx_word' id='word_1_105' title='bbox 748 1149 897 1186; x_wconf 88' lang='lat' dir='ltr'><strong>eorum,</strong></span> <span class='ocrx_word' id='word_1_106' title='bbox 927 1139 995 1188; x_wconf 91' lang='lat' dir='ltr'><strong>qui</strong></span> <span class='ocrx_word' id='word_1_107' title='bbox 1016 1139 1194 1178; x_wconf 87' lang='lat' dir='ltr'><strong>dicerent</strong></span> <span class='ocrx_word' id='word_1_108' title='bbox 1220 1135 1291 1179; x_wconf 76' lang='grc' dir='ltr'><strong>τόν</strong></span> <span class='ocrx_word' id='word_1_109' title='bbox 1321 1136 1561 1192; x_wconf 75' lang='grc' dir='ltr'><strong><em>καλούμενον</em></strong></span> <span class='ocrx_word' id='word_1_110' title='bbox 1591 1139 1690 1194; x_wconf 76' lang='grc' dir='ltr'><strong><em>ἀέρα</em></strong></span> 
     </span>
     <span class='ocr_line' id='line_1_13' title="bbox 280 1196 1689 1258; baseline 0.008 -21"><span class='ocrx_word' id='word_1_111' title='bbox 280 1196 510 1250; x_wconf 78' lang='grc' dir='ltr'><strong><em>κινούμενον</em></strong></span> <span class='ocrx_word' id='word_1_112' title='bbox 537 1197 611 1250; x_wconf 72' lang='grc' dir='ltr'><strong>μὲν</strong></span> <span class='ocrx_word' id='word_1_113' title='bbox 640 1200 705 1239; x_wconf 82' lang='grc' dir='ltr'><strong>καὶ</strong></span> <span class='ocrx_word' id='word_1_114' title='bbox 734 1198 874 1254; x_wconf 79' lang='grc' dir='ltr'><em>ῥέοντα</em></span> <span class='ocrx_word' id='word_1_115' title='bbox 905 1200 1049 1254; x_wconf 76' lang='grc' dir='ltr'><strong><em>ἄνεμον</em></strong></span> <span class='ocrx_word' id='word_1_116' title='bbox 1079 1200 1199 1253; x_wconf 76' lang='grc' dir='ltr'><strong><em>εἶναι,</em></strong></span> <span class='ocrx_word' id='word_1_117' title='bbox 1247 1208 1507 1258; x_wconf 79' lang='lat' dir='ltr'><strong>improbasset</strong></span> <span class='ocrx_word' id='word_1_118' title='bbox 1538 1223 1689 1258; x_wconf 90' lang='lat' dir='ltr'><strong>eorum,</strong></span> 
     </span>
     <span class='ocr_line' id='line_1_14' title="bbox 281 1265 1690 1327; baseline 0.009 -25"><span class='ocrx_word' id='word_1_119' title='bbox 281 1267 348 1316; x_wconf 84' lang='lat' dir='ltr'><strong>qui</strong></span> <span class='ocrx_word' id='word_1_120' title='bbox 367 1266 664 1315; x_wconf 80' lang='lat' dir='ltr'><strong>contenderent,</strong></span> <span class='ocrx_word' id='word_1_121' title='bbox 696 1266 978 1319; x_wconf 75' lang='grc' dir='ltr'><strong><em>συνιστάμενον</em></strong></span> <span class='ocrx_word' id='word_1_122' title='bbox 999 1265 1067 1309; x_wconf 84' lang='grc' dir='ltr'><strong>τὸν</strong></span> <span class='ocrx_word' id='word_1_123' title='bbox 1089 1267 1186 1322; x_wconf 76' lang='grc' dir='ltr'><strong><em>ἀέρα</em></strong></span> <span class='ocrx_word' id='word_1_124' title='bbox 1214 1268 1333 1310; x_wconf 78' lang='grc' dir='ltr'><strong><em>πάλιν</em></strong></span> <span class='ocrx_word' id='word_1_125' title='bbox 1361 1273 1541 1323; x_wconf 71' lang='grc' dir='ltr'><strong><em>γίνεσθαι</em></strong></span> <span class='ocrx_word' id='word_1_126' title='bbox 1569 1273 1690 1327; x_wconf 75' lang='grc' dir='ltr'><strong><em>νέφος</em></strong></span> 
     </span>
     <span class='ocr_line' id='line_1_15' title="bbox 279 1328 1688 1391; baseline 0.007 -22"><span class='ocrx_word' id='word_1_127' title='bbox 279 1331 344 1370; x_wconf 76' lang='grc' dir='ltr'><strong>καὶ</strong></span> <span class='ocrx_word' id='word_1_128' title='bbox 373 1328 505 1383; x_wconf 73' lang='grc' dir='ltr'><strong><em>ὕδωρ,</em></strong></span> <span class='ocrx_word' id='word_1_129' title='bbox 544 1347 624 1371; x_wconf 91' lang='lat' dir='ltr'><strong>non</strong></span> <span class='ocrx_word' id='word_1_130' title='bbox 647 1334 862 1373; x_wconf 81' lang='lat' dir='ltr'><strong>addidisset</strong></span> <span class='ocrx_word' id='word_1_131' title='bbox 892 1336 1016 1374; x_wconf 87' lang='lat' dir='ltr'><strong>verba</strong></span> <span class='ocrx_word' id='word_1_132' title='bbox 1044 1335 1109 1375; x_wconf 87' lang='grc' dir='ltr'><strong>καὶ</strong></span> <span class='ocrx_word' id='word_1_133' title='bbox 1139 1335 1209 1376; x_wconf 78' lang='grc' dir='ltr'><strong>τὸν</strong></span> <span class='ocrx_word' id='word_1_134' title='bbox 1237 1334 1383 1387; x_wconf 75' lang='grc' dir='ltr'><strong><em>ἄνεμον</em></strong></span> <span class='ocrx_word' id='word_1_135' title='bbox 1411 1335 1508 1378; x_wconf 75' lang='grc' dir='ltr'><strong><em>εἶναι</em></strong></span> <span class='ocrx_word' id='word_1_136' title='bbox 1537 1339 1688 1391; x_wconf 86' lang='grc' dir='ltr'><strong><em>κίνησιν</em></strong></span> 
     </span>
     <span class='ocr_line' id='line_1_16' title="bbox 279 1394 1686 1457; baseline 0.006 -22"><span class='ocrx_word' id='word_1_137' title='bbox 279 1394 408 1449; x_wconf 78' lang='grc' dir='ltr'><strong><em>ἀέρος.</em></strong></span> <span class='ocrx_word' id='word_1_138' title='bbox 439 1399 660 1450; x_wconf 82' lang='lat' dir='ltr'><strong>Utramque</strong></span> <span class='ocrx_word' id='word_1_139' title='bbox 677 1414 776 1439; x_wconf 87' lang='lat' dir='ltr'><strong>vero</strong></span> <span class='ocrx_word' id='word_1_140' title='bbox 793 1403 1024 1440; x_wconf 81' lang='lat' dir='ltr'><strong>sententiam</strong></span> <span class='ocrx_word' id='word_1_141' title='bbox 1044 1403 1180 1441; x_wconf 85' lang='lat' dir='ltr'><strong>falsam</strong></span> <span class='ocrx_word' id='word_1_142' title='bbox 1203 1417 1286 1442; x_wconf 87' lang='lat' dir='ltr'><strong>esse</strong></span> <span class='ocrx_word' id='word_1_143' title='bbox 1303 1406 1404 1451; x_wconf 87' lang='lat' dir='ltr'><strong>vult,</strong></span> <span class='ocrx_word' id='word_1_144' title='bbox 1426 1405 1532 1457; x_wconf 87' lang='lat' dir='ltr'><strong>quod</strong></span> <span class='ocrx_word' id='word_1_145' title='bbox 1548 1413 1686 1457; x_wconf 82' lang='lat' dir='ltr'><strong>aperte</strong></span> 
     </span>
     <span class='ocr_line' id='line_1_17' title="bbox 279 1466 1688 1522; baseline 0.006 -20"><span class='ocrx_word' id='word_1_146' title='bbox 279 1466 407 1503; x_wconf 88' lang='lat' dir='ltr'><strong>elucet</strong></span> <span class='ocrx_word' id='word_1_147' title='bbox 428 1479 480 1503; x_wconf 81' lang='lat' dir='ltr'><strong>ex</strong></span> <span class='ocrx_word' id='word_1_148' title='bbox 498 1466 567 1511; x_wconf 83' lang='lat' dir='ltr'><strong>iis,</strong></span> <span class='ocrx_word' id='word_1_149' title='bbox 596 1479 695 1516; x_wconf 85' lang='lat' dir='ltr'><strong>quae</strong></span> <span class='ocrx_word' id='word_1_150' title='bbox 724 1480 819 1504; x_wconf 86' lang='lat' dir='ltr'><strong>mox</strong></span> <span class='ocrx_word' id='word_1_151' title='bbox 844 1475 1058 1518; x_wconf 90' lang='lat' dir='ltr'><strong>sequuntur</strong></span> <span class='ocrx_word' id='word_1_152' title='bbox 1087 1475 1126 1507; x_wconf 89' lang='lat' dir='ltr'><strong>et</strong></span> <span class='ocrx_word' id='word_1_153' title='bbox 1155 1470 1295 1508; x_wconf 82' lang='lat' dir='ltr'><strong>melius</strong></span> <span class='ocrx_word' id='word_1_154' title='bbox 1320 1472 1436 1509; x_wconf 85' lang='lat' dir='ltr'><strong>etiam</strong></span> <span class='ocrx_word' id='word_1_155' title='bbox 1461 1473 1609 1522; x_wconf 86' lang='lat' dir='ltr'><strong>patebit</strong></span> <span class='ocrx_word' id='word_1_156' title='bbox 1637 1487 1688 1511; x_wconf 83' lang='lat' dir='ltr'><strong>ex</strong></span> 
     </span>
     <span class='ocr_line' id='line_1_18' title="bbox 276 1530 1688 1588; baseline 0.006 -20"><span class='ocrx_word' id='word_1_157' title='bbox 276 1530 335 1578; x_wconf 87' lang='lat' dir='ltr'><strong>iis,</strong></span> <span class='ocrx_word' id='word_1_158' title='bbox 364 1545 463 1582; x_wconf 86' lang='lat' dir='ltr'><strong>quae</strong></span> <span class='ocrx_word' id='word_1_159' title='bbox 483 1531 534 1569; x_wconf 91' lang='lat' dir='ltr'><strong>ad</strong></span> <span class='ocrx_word' id='word_1_160' title='bbox 553 1532 642 1570; x_wconf 87' lang='lat' dir='ltr'><strong>libri</strong></span> <span class='ocrx_word' id='word_1_161' title='bbox 661 1533 821 1571; x_wconf 81' lang='lat' dir='ltr'><strong>secundi</strong></span> <span class='ocrx_word' id='word_1_162' title='bbox 844 1541 993 1585; x_wconf 82' lang='lat' dir='ltr'><strong>partem</strong></span> <span class='ocrx_word' id='word_1_163' title='bbox 1012 1535 1142 1583; x_wconf 80' lang='lat' dir='ltr'><strong>illam,</strong></span> <span class='ocrx_word' id='word_1_164' title='bbox 1169 1549 1244 1586; x_wconf 89' lang='lat' dir='ltr'><strong>qua</strong></span> <span class='ocrx_word' id='word_1_165' title='bbox 1270 1536 1319 1573; x_wconf 91' lang='lat' dir='ltr'><strong>de</strong></span> <span class='ocrx_word' id='word_1_166' title='bbox 1341 1538 1470 1575; x_wconf 88' lang='lat' dir='ltr'><strong>ventis</strong></span> <span class='ocrx_word' id='word_1_167' title='bbox 1490 1539 1631 1588; x_wconf 87' lang='lat' dir='ltr'><strong>agitur,</strong></span> <span class='ocrx_word' id='word_1_168' title='bbox 1665 1553 1688 1577; x_wconf 84' lang='lat' dir='ltr'><strong>a</strong></span> 
     </span>
     <span class='ocr_line' id='line_1_19' title="bbox 277 1598 1689 1648; baseline 0.006 -14"><span class='ocrx_word' id='word_1_169' title='bbox 277 1598 390 1635; x_wconf 84' lang='lat' dir='ltr'><strong>nobis</strong></span> <span class='ocrx_word' id='word_1_170' title='bbox 413 1605 676 1648; x_wconf 79' lang='lat' dir='ltr'><strong>exponentur.</strong></span> <span class='ocrx_word' id='word_1_171' title='bbox 733 1601 858 1638; x_wconf 88' lang='lat' dir='ltr'><strong>Possit</strong></span> <span class='ocrx_word' id='word_1_172' title='bbox 876 1601 1042 1639; x_wconf 78' lang='lat' dir='ltr'><strong>fortasse</strong></span> <span class='ocrx_word' id='word_1_173' title='bbox 1067 1607 1203 1639; x_wconf 87' lang='lat' dir='ltr'><strong>contra</strong></span> <span class='ocrx_word' id='word_1_174' title='bbox 1224 1602 1357 1640; x_wconf 84' lang='lat' dir='ltr'><strong>afferri</strong></span> <span class='ocrx_word' id='word_1_175' title='bbox 1381 1604 1489 1641; x_wconf 90' lang='lat' dir='ltr'><strong>locus</strong></span> <span class='ocrx_word' id='word_1_176' title='bbox 1517 1618 1568 1641; x_wconf 82' lang='lat' dir='ltr'><strong>ex</strong></span> <span class='ocrx_word' id='word_1_177' title='bbox 1593 1607 1689 1642; x_wconf 85' lang='lat' dir='ltr'><strong>Me-</strong></span> 
     </span>
     <span class='ocr_line' id='line_1_20' title="bbox 277 1663 1683 1720; baseline 0.005 -19"><span class='ocrx_word' id='word_1_178' title='bbox 277 1665 418 1702; x_wconf 75' lang='lat' dir='ltr'><strong>teorol.</strong></span> <span class='ocrx_word' id='word_1_179' title='bbox 441 1666 513 1711; x_wconf 91' lang='lat' dir='ltr'><strong>IV,</strong></span> <span class='ocrx_word' id='word_1_180' title='bbox 534 1669 579 1703; x_wconf 84' lang='lat'><strong>9:</strong></span> <span class='ocrx_word' id='word_1_181' title='bbox 611 1663 693 1704; x_wconf 75' lang='grc' dir='ltr'><strong>ἐστὶ</strong></span> <span class='ocrx_word' id='word_1_182' title='bbox 724 1665 767 1705; x_wconf 79' lang='grc' dir='ltr'><strong>δὲ</strong></span> <span class='ocrx_word' id='word_1_183' title='bbox 795 1669 948 1717; x_wconf 80' lang='grc' dir='ltr'><strong><em>πνεῦμα</em></strong></span> <span class='ocrx_word' id='word_1_184' title='bbox 977 1664 1091 1719; x_wconf 80' lang='grc' dir='ltr'><strong><em>ῥύσις</em></strong></span> <span class='ocrx_word' id='word_1_185' title='bbox 1119 1665 1284 1719; x_wconf 75' lang='grc' dir='ltr'><strong><em>συνεχὴς</em></strong></span> <span class='ocrx_word' id='word_1_186' title='bbox 1311 1666 1374 1706; x_wconf 74' lang='grc' dir='ltr'><strong>ἐπὶ</strong></span> <span class='ocrx_word' id='word_1_187' title='bbox 1400 1670 1527 1719; x_wconf 81' lang='grc' dir='ltr'><strong><em>μῆκος</em></strong></span> <span class='ocrx_word' id='word_1_188' title='bbox 1556 1667 1683 1720; x_wconf 75' lang='grc' dir='ltr'><strong><em>ἀέρος.</em></strong></span> 
     </span>
     <span class='ocr_line' id='line_1_21' title="bbox 276 1730 1687 1785; baseline 0.006 -19"><span class='ocrx_word' id='word_1_189' title='bbox 276 1730 356 1767; x_wconf 86' lang='lat' dir='ltr'><strong>Sed</strong></span> <span class='ocrx_word' id='word_1_190' title='bbox 385 1731 440 1768; x_wconf 92' lang='lat' dir='ltr'><strong>ibi</strong></span> <span class='ocrx_word' id='word_1_191' title='bbox 468 1730 737 1770; x_wconf 85' lang='lat' dir='ltr'><strong>definitionem</strong></span> <span class='ocrx_word' id='word_1_192' title='bbox 763 1733 877 1771; x_wconf 85' lang='lat' dir='ltr'><strong>ssatus</strong></span> <span class='ocrx_word' id='word_1_193' title='bbox 906 1731 1162 1784; x_wconf 78' lang='grc' dir='ltr'><strong><em>(πνεύματος)</em></strong></span> <span class='ocrx_word' id='word_1_194' title='bbox 1193 1748 1420 1785; x_wconf 83' lang='lat' dir='ltr'><strong>proponere</strong></span> <span class='ocrx_word' id='word_1_195' title='bbox 1442 1736 1590 1784; x_wconf 85' lang='lat' dir='ltr'><strong>noluit,</strong></span> <span class='ocrx_word' id='word_1_196' title='bbox 1617 1739 1687 1776; x_wconf 87' lang='lat' dir='ltr'><strong>sed</strong></span> 
     </span>
     <span class='ocr_line' id='line_1_22' title="bbox 274 1796 1686 1852; baseline 0.006 -20"><span class='ocrx_word' id='word_1_197' title='bbox 274 1796 450 1834; x_wconf 87' lang='lat' dir='ltr'><strong>indicare</strong></span> <span class='ocrx_word' id='word_1_198' title='bbox 480 1803 634 1835; x_wconf 88' lang='lat' dir='ltr'><strong>tantum</strong></span> <span class='ocrx_word' id='word_1_199' title='bbox 658 1800 752 1849; x_wconf 88' lang='lat' dir='ltr'><strong>quid</strong></span> <span class='ocrx_word' id='word_1_200' title='bbox 779 1801 849 1838; x_wconf 93' lang='lat' dir='ltr'><strong>illo</strong></span> <span class='ocrx_word' id='word_1_201' title='bbox 868 1801 909 1839; x_wconf 90' lang='lat' dir='ltr'><strong>in</strong></span> <span class='ocrx_word' id='word_1_202' title='bbox 929 1802 1018 1839; x_wconf 87' lang='lat' dir='ltr'><strong>loco</strong></span> <span class='ocrx_word' id='word_1_203' title='bbox 1043 1802 1113 1839; x_wconf 85' lang='lat' dir='ltr'><strong>sub</strong></span> <span class='ocrx_word' id='word_1_204' title='bbox 1139 1801 1258 1847; x_wconf 81' lang='lat' dir='ltr'><strong>flatu,</strong></span> <span class='ocrx_word' id='word_1_205' title='bbox 1284 1815 1400 1852; x_wconf 89' lang='lat' dir='ltr'><strong>quem</strong></span> <span class='ocrx_word' id='word_1_206' title='bbox 1418 1802 1474 1839; x_wconf 88' lang='lat' dir='ltr'><strong>ibi</strong></span> <span class='ocrx_word' id='word_1_207' title='bbox 1496 1798 1686 1851; x_wconf 69' lang='grc' dir='ltr'><strong><em>θυμιάσει</em></strong></span> 
     </span>
     <span class='ocr_line' id='line_1_23' title="bbox 274 1863 1687 1918; baseline 0.006 -20"><span class='ocrx_word' id='word_1_208' title='bbox 274 1863 459 1913; x_wconf 87' lang='lat' dir='ltr'><strong>opponit,</strong></span> <span class='ocrx_word' id='word_1_209' title='bbox 489 1863 709 1915; x_wconf 85' lang='lat' dir='ltr'><strong>intelligere</strong></span> <span class='ocrx_word' id='word_1_210' title='bbox 733 1867 875 1905; x_wconf 80' lang='lat' dir='ltr'><strong>voluit.</strong></span> <span class='ocrx_word' id='word_1_211' title='bbox 934 1868 1141 1906; x_wconf 86' lang='lat' dir='ltr'><strong>Caeterum</strong></span> <span class='ocrx_word' id='word_1_212' title='bbox 1166 1867 1260 1904; x_wconf 87' lang='lat' dir='ltr'><strong>hinc</strong></span> <span class='ocrx_word' id='word_1_213' title='bbox 1284 1868 1476 1918; x_wconf 88' lang='lat' dir='ltr'><strong>intelligas</strong></span> <span class='ocrx_word' id='word_1_214' title='bbox 1501 1869 1577 1905; x_wconf 88' lang='lat' dir='ltr'><strong>iam</strong></span> <span class='ocrx_word' id='word_1_215' title='bbox 1597 1875 1687 1907; x_wconf 86' lang='lat' dir='ltr'><strong>ante</strong></span> 
     </span>
     <span class='ocr_line' id='line_1_24' title="bbox 272 1925 1686 1980; baseline 0.005 -15"><span class='ocrx_word' id='word_1_216' title='bbox 272 1925 533 1966; x_wconf 85' lang='lat' dir='ltr'><strong>Aristotelem</strong></span> <span class='ocrx_word' id='word_1_217' title='bbox 553 1929 790 1980; x_wconf 82' lang='lat' dir='ltr'><strong>divulgatam</strong></span> <span class='ocrx_word' id='word_1_218' title='bbox 812 1946 894 1970; x_wconf 88' lang='lat' dir='ltr'><strong>esse</strong></span> <span class='ocrx_word' id='word_1_219' title='bbox 912 1933 1020 1972; x_wconf 83' lang='lat' dir='ltr'><strong>illam</strong></span> <span class='ocrx_word' id='word_1_220' title='bbox 1039 1934 1282 1979; x_wconf 88' lang='lat' dir='ltr'><strong>sententiam,</strong></span> <span class='ocrx_word' id='word_1_221' title='bbox 1311 1932 1413 1971; x_wconf 80' lang='lat' dir='ltr'><strong>a‘e‘ris</strong></span> <span class='ocrx_word' id='word_1_222' title='bbox 1437 1935 1686 1972; x_wconf 87' lang='lat' dir='ltr'><strong>concretione</strong></span> 
     </span>
     <span class='ocr_line' id='line_1_25' title="bbox 273 1995 1685 2051; baseline 0.004 -20"><span class='ocrx_word' id='word_1_223' title='bbox 273 2001 313 2032; x_wconf 82' lang='lat' dir='ltr'><strong>et</strong></span> <span class='ocrx_word' id='word_1_224' title='bbox 330 1995 636 2033; x_wconf 87' lang='lat' dir='ltr'><strong>condensatione</strong></span> <span class='ocrx_word' id='word_1_225' title='bbox 655 1997 742 2035; x_wconf 89' lang='lat' dir='ltr'><strong>fieri</strong></span> <span class='ocrx_word' id='word_1_226' title='bbox 759 1998 903 2047; x_wconf 86' lang='lat' dir='ltr'><strong>nubes,</strong></span> <span class='ocrx_word' id='word_1_227' title='bbox 932 2012 1046 2049; x_wconf 85' lang='lat' dir='ltr'><strong>quam</strong></span> <span class='ocrx_word' id='word_1_228' title='bbox 1070 1999 1213 2036; x_wconf 87' lang='lat' dir='ltr'><strong>deinde</strong></span> <span class='ocrx_word' id='word_1_229' title='bbox 1238 2000 1411 2050; x_wconf 83' lang='lat' dir='ltr'><strong>amplexi</strong></span> <span class='ocrx_word' id='word_1_230' title='bbox 1442 2006 1531 2037; x_wconf 85' lang='lat' dir='ltr'><strong>sunt</strong></span> <span class='ocrx_word' id='word_1_231' title='bbox 1551 2006 1685 2051; x_wconf 81' lang='lat' dir='ltr'><strong>poste-</strong></span> 
     </span>
     <span class='ocr_line' id='line_1_26' title="bbox 271 2062 1682 2116; baseline 0.004 -18"><span class='ocrx_word' id='word_1_232' title='bbox 271 2062 411 2108; x_wconf 84' lang='lat' dir='ltr'><strong>riores,</strong></span> <span class='ocrx_word' id='word_1_233' title='bbox 421 2063 544 2100; x_wconf 87' lang='lat' dir='ltr'><strong>veluti</strong></span> <span class='ocrx_word' id='word_1_234' title='bbox 564 2063 699 2101; x_wconf 87' lang='lat' dir='ltr'><strong>Plini</strong></span> <span class='ocrx_word' id='word_1_235' title='bbox 711 2078 736 2100; x_wconf 90' lang='lat' dir='ltr'><strong>u</strong></span> <span class='ocrx_word' id='word_1_236' title='bbox 747 2077 763 2101; x_wconf 89' lang='lat' dir='ltr'><strong>s</strong></span> <span class='ocrx_word' id='word_1_237' title='bbox 777 2062 905 2114; x_wconf 75' lang='lat' dir='ltr'><strong>(Hist.</strong></span> <span class='ocrx_word' id='word_1_238' title='bbox 919 2072 1008 2103; x_wconf 84' lang='lat' dir='ltr'><strong>nat.</strong></span> <span class='ocrx_word' id='word_1_239' title='bbox 1021 2066 1075 2114; x_wconf 84' lang='grc' dir='ltr'><strong>ΙΙ,</strong></span> <span class='ocrx_word' id='word_1_240' title='bbox 1090 2065 1163 2114; x_wconf 83' lang='grc'><strong>42)</strong></span> <span class='ocrx_word' id='word_1_241' title='bbox 1176 2080 1184 2102; x_wconf 91' lang='lat'>:</span> <span class='ocrx_word' id='word_1_242' title='bbox 1196 2064 1333 2102; x_wconf 80' lang='lat' dir='ltr'><strong>Nubes</strong></span> <span class='ocrx_word' id='word_1_243' title='bbox 1346 2066 1503 2115; x_wconf 77' lang='lat' dir='ltr'><strong>liquore</strong></span> <span class='ocrx_word' id='word_1_244' title='bbox 1522 2080 1682 2116; x_wconf 77' lang='lat' dir='ltr'><strong>egresso</strong></span> 
     </span>
     <span class='ocr_line' id='line_1_27' title="bbox 272 2127 1683 2182; baseline 0.004 -18"><span class='ocrx_word' id='word_1_245' title='bbox 272 2130 318 2165; x_wconf 81' lang='lat' dir='ltr'><strong>in</strong></span> <span class='ocrx_word' id='word_1_246' title='bbox 339 2127 509 2165; x_wconf 75' lang='lat' dir='ltr'><strong>sublime</strong></span> <span class='ocrx_word' id='word_1_247' title='bbox 533 2136 607 2166; x_wconf 81' lang='lat' dir='ltr'><strong>aut</strong></span> <span class='ocrx_word' id='word_1_248' title='bbox 627 2143 675 2167; x_wconf 85' lang='lat' dir='ltr'><strong>ex</strong></span> <span class='ocrx_word' id='word_1_249' title='bbox 699 2129 794 2167; x_wconf 70' lang='lat' dir='ltr'><strong>ae&#39;re</strong></span> <span class='ocrx_word' id='word_1_250' title='bbox 811 2138 955 2170; x_wconf 83' lang='lat' dir='ltr'><strong>coacto</strong></span> <span class='ocrx_word' id='word_1_251' title='bbox 980 2133 1025 2168; x_wconf 80' lang='lat' dir='ltr'><strong>in</strong></span> <span class='ocrx_word' id='word_1_252' title='bbox 1044 2132 1245 2182; x_wconf 79' lang='lat' dir='ltr'><strong>liquorem</strong></span> <span class='ocrx_word' id='word_1_253' title='bbox 1262 2132 1400 2182; x_wconf 82' lang='lat' dir='ltr'><strong>gigni,</strong></span> <span class='ocrx_word' id='word_1_254' title='bbox 1431 2131 1683 2181; x_wconf 84' lang='lat' dir='ltr'><strong>Virgilius</strong></span> 
     </span>
     <span class='ocr_line' id='line_1_28' title="bbox 271 2194 1683 2248; baseline 0.003 -18"><span class='ocrx_word' id='word_1_255' title='bbox 271 2194 376 2231; x_wconf 80' lang='lat' dir='ltr'><strong>Aen.</strong></span> <span class='ocrx_word' id='word_1_256' title='bbox 399 2195 452 2243; x_wconf 90' lang='lat' dir='ltr'><strong>V,</strong></span> <span class='ocrx_word' id='word_1_257' title='bbox 473 2198 547 2232; x_wconf 84' lang='lat'><strong>20:</strong></span> <span class='ocrx_word' id='word_1_258' title='bbox 572 2195 624 2232; x_wconf 84' lang='lat' dir='ltr'><strong>In</strong></span> <span class='ocrx_word' id='word_1_259' title='bbox 645 2195 793 2233; x_wconf 75' lang='lat' dir='ltr'><strong>nubem</strong></span> <span class='ocrx_word' id='word_1_260' title='bbox 814 2199 976 2248; x_wconf 79' lang='lat' dir='ltr'><strong>cogitur</strong></span> <span class='ocrx_word' id='word_1_261' title='bbox 996 2197 1079 2245; x_wconf 77' lang='lat' dir='ltr'><strong>ae‘r,</strong></span> <span class='ocrx_word' id='word_1_262' title='bbox 1111 2196 1235 2248; x_wconf 85' lang='lat' dir='ltr'><strong>(quod</strong></span> <span class='ocrx_word' id='word_1_263' title='bbox 1256 2204 1385 2234; x_wconf 90' lang='lat' dir='ltr'><strong>tamen</strong></span> <span class='ocrx_word' id='word_1_264' title='bbox 1408 2201 1547 2248; x_wconf 57' lang='lat' dir='ltr'><strong>poetae</strong></span> <span class='ocrx_word' id='word_1_265' title='bbox 1570 2198 1683 2236; x_wconf 85' lang='lat' dir='ltr'><strong>facile</strong></span> 
     </span>
     <span class='ocr_line' id='line_1_29' title="bbox 271 2258 1680 2314; baseline 0.002 -17"><span class='ocrx_word' id='word_1_266' title='bbox 271 2258 604 2311; x_wconf 87' lang='lat' dir='ltr'><strong>condonaveris),</strong></span> <span class='ocrx_word' id='word_1_267' title='bbox 641 2263 935 2301; x_wconf 87' lang='lat' dir='ltr'><strong>Macrobius</strong></span> <span class='ocrx_word' id='word_1_268' title='bbox 966 2261 1130 2313; x_wconf 78' lang='lat' dir='ltr'><strong>(Somn.</strong></span> <span class='ocrx_word' id='word_1_269' title='bbox 1159 2265 1340 2313; x_wconf 71' lang='lat' dir='ltr'><strong>Scipion.</strong></span> <span class='ocrx_word' id='word_1_270' title='bbox 1368 2265 1409 2311; x_wconf 89' lang='lat' dir='ltr'><strong>I,</strong></span> <span class='ocrx_word' id='word_1_271' title='bbox 1431 2266 1497 2301; x_wconf 89' lang='lat'><strong>22.</strong></span> <span class='ocrx_word' id='word_1_272' title='bbox 1527 2277 1566 2314; x_wconf 90' lang='lat' dir='ltr'><strong>p.</strong></span> <span class='ocrx_word' id='word_1_273' title='bbox 1587 2261 1680 2313; x_wconf 85' lang='lat'>79):</span> 
     </span>
     <span class='ocr_line' id='line_1_30' title="bbox 270 2325 1680 2381; baseline 0.003 -19"><span class='ocrx_word' id='word_1_274' title='bbox 270 2326 355 2363; x_wconf 67' lang='lat' dir='ltr'><strong>Aer</strong></span> <span class='ocrx_word' id='word_1_275' title='bbox 381 2329 534 2364; x_wconf 85' lang='lat' dir='ltr'><strong>terreni</strong></span> <span class='ocrx_word' id='word_1_276' title='bbox 549 2325 739 2381; x_wconf 77' lang='lat' dir='ltr'><strong>frigoris</strong></span> <span class='ocrx_word' id='word_1_277' title='bbox 766 2330 1030 2368; x_wconf 74' lang='lat' dir='ltr'><strong>exhalatione</strong></span> <span class='ocrx_word' id='word_1_278' title='bbox 1053 2331 1248 2368; x_wconf 72' lang='lat' dir='ltr'><strong>densatas</strong></span> <span class='ocrx_word' id='word_1_279' title='bbox 1280 2331 1324 2366; x_wconf 84' lang='lat' dir='ltr'><strong>in</strong></span> <span class='ocrx_word' id='word_1_280' title='bbox 1339 2328 1485 2366; x_wconf 81' lang='lat' dir='ltr'><strong>nubem</strong></span> <span class='ocrx_word' id='word_1_281' title='bbox 1507 2331 1680 2379; x_wconf 78' lang='lat' dir='ltr'><strong>cogitur,</strong></span> 
     </span>
     <span class='ocr_line' id='line_1_31' title="bbox 270 2393 1680 2447; baseline 0.001 -17"><span class='ocrx_word' id='word_1_282' title='bbox 270 2393 513 2430; x_wconf 89' lang='lat' dir='ltr'><strong>Isidorus</strong></span> <span class='ocrx_word' id='word_1_283' title='bbox 546 2394 693 2445; x_wconf 78' lang='lat' dir='ltr'><strong>Origg.</strong></span> <span class='ocrx_word' id='word_1_284' title='bbox 713 2397 823 2444; x_wconf 90' lang='lat' dir='ltr'><strong>XIII,</strong></span> <span class='ocrx_word' id='word_1_285' title='bbox 846 2400 884 2434; x_wconf 86' lang='lat'><strong>7.</strong></span> <span class='ocrx_word' id='word_1_286' title='bbox 912 2410 948 2447; x_wconf 90' lang='lat' dir='ltr'><strong>p.</strong></span> <span class='ocrx_word' id='word_1_287' title='bbox 973 2398 1092 2434; x_wconf 85' lang='lat'><strong>1146.</strong></span> <span class='ocrx_word' id='word_1_288' title='bbox 1129 2396 1247 2435; x_wconf 89' lang='lat' dir='ltr'><strong>Adde</strong></span> <span class='ocrx_word' id='word_1_289' title='bbox 1269 2394 1602 2434; x_wconf 86' lang='lat' dir='ltr'><strong>Elmenhorst</strong></span> <span class='ocrx_word' id='word_1_290' title='bbox 1630 2394 1680 2431; x_wconf 88' lang='lat' dir='ltr'><strong>ad</strong></span> 
     </span>
     <span class='ocr_line' id='line_1_32' title="bbox 270 2459 1679 2512; baseline 0.004 -17"><span class='ocrx_word' id='word_1_291' title='bbox 270 2459 458 2496; x_wconf 91' lang='lat' dir='ltr'><strong>Arnob.</strong></span> <span class='ocrx_word' id='word_1_292' title='bbox 486 2473 527 2510; x_wconf 89' lang='lat' dir='ltr'><strong>p.</strong></span> <span class='ocrx_word' id='word_1_293' title='bbox 553 2464 644 2508; x_wconf 87' lang='lat'><strong>123,</strong></span> <span class='ocrx_word' id='word_1_294' title='bbox 673 2460 719 2497; x_wconf 88' lang='lat' dir='ltr'><strong>ad</strong></span> <span class='ocrx_word' id='word_1_295' title='bbox 742 2463 1012 2512; x_wconf 89' lang='lat' dir='ltr'><strong>Apuleium</strong></span> <span class='ocrx_word' id='word_1_296' title='bbox 1043 2464 1091 2500; x_wconf 80' lang='lat' dir='ltr'><strong>de</strong></span> <span class='ocrx_word' id='word_1_297' title='bbox 1112 2462 1259 2500; x_wconf 83' lang='lat' dir='ltr'><strong>mundo</strong></span> <span class='ocrx_word' id='word_1_298' title='bbox 1288 2475 1329 2512; x_wconf 91' lang='lat' dir='ltr'><strong>p.</strong></span> <span class='ocrx_word' id='word_1_299' title='bbox 1352 2465 1416 2500; x_wconf 90' lang='lat'><strong>77.</strong></span> <span class='ocrx_word' id='word_1_300' title='bbox 1444 2481 1494 2488; x_wconf 86' lang='lat'><strong>-—</strong></span> <span class='ocrx_word' id='word_1_301' title='bbox 1525 2459 1679 2508; x_wconf 86' lang='lat' dir='ltr'><strong>Quibus</strong></span> 
     </span>
     <span class='ocr_line' id='line_1_33' title="bbox 269 2525 1679 2580; baseline 0.004 -18"><span class='ocrx_word' id='word_1_302' title='bbox 269 2525 490 2574; x_wconf 81' lang='lat' dir='ltr'><strong>praemissis</strong></span> <span class='ocrx_word' id='word_1_303' title='bbox 518 2532 762 2565; x_wconf 81' lang='lat' dir='ltr'><strong>transeamus</strong></span> <span class='ocrx_word' id='word_1_304' title='bbox 790 2529 840 2565; x_wconf 86' lang='lat' dir='ltr'><strong>ad</strong></span> <span class='ocrx_word' id='word_1_305' title='bbox 865 2529 1037 2580; x_wconf 81' lang='lat' dir='ltr'><strong>singula,</strong></span> <span class='ocrx_word' id='word_1_306' title='bbox 1074 2537 1280 2579; x_wconf 88' lang='lat' dir='ltr'><strong>postquam</strong></span> <span class='ocrx_word' id='word_1_307' title='bbox 1312 2526 1532 2565; x_wconf 79' lang='lat' dir='ltr'><strong>monuimus</strong></span> <span class='ocrx_word' id='word_1_308' title='bbox 1564 2525 1679 2562; x_wconf 71' lang='lat' dir='ltr'><strong>etiam</strong></span> 
     </span>
     <span class='ocr_line' id='line_1_34' title="bbox 268 2590 1678 2647; baseline 0.004 -20"><span class='ocrx_word' id='word_1_309' title='bbox 268 2590 416 2628; x_wconf 89' lang='lat' dir='ltr'><strong>idcirco</strong></span> <span class='ocrx_word' id='word_1_310' title='bbox 445 2592 790 2631; x_wconf 87' lang='lat' dir='ltr'><strong>Aristotelem</strong></span> <span class='ocrx_word' id='word_1_311' title='bbox 818 2602 1028 2633; x_wconf 82' lang='lat' dir='ltr'><strong>ventum</strong></span> <span class='ocrx_word' id='word_1_312' title='bbox 1059 2591 1175 2647; x_wconf 78' lang='grc' dir='ltr'><strong><em>ἀέρος</em></strong></span> <span class='ocrx_word' id='word_1_313' title='bbox 1203 2593 1353 2644; x_wconf 81' lang='grc' dir='ltr'><strong><em>κίνησιν</em></strong></span> <span class='ocrx_word' id='word_1_314' title='bbox 1380 2590 1577 2640; x_wconf 75' lang='lat' dir='ltr'><strong>explicare</strong></span> <span class='ocrx_word' id='word_1_315' title='bbox 1598 2604 1678 2629; x_wconf 86' lang='lat' dir='ltr'><strong>non</strong></span> 
     </span>
     <span class='ocr_line' id='line_1_35' title="bbox 269 2658 1424 2709; baseline 0.003 -16"><span class='ocrx_word' id='word_1_316' title='bbox 269 2658 463 2706; x_wconf 84' lang='lat' dir='ltr'><strong>potuisse,</strong></span> <span class='ocrx_word' id='word_1_317' title='bbox 491 2659 583 2709; x_wconf 86' lang='lat' dir='ltr'><strong>quia</strong></span> <span class='ocrx_word' id='word_1_318' title='bbox 601 2659 655 2696; x_wconf 89' lang='lat' dir='ltr'><strong>sic</strong></span> <span class='ocrx_word' id='word_1_319' title='bbox 685 2672 861 2698; x_wconf 88' lang='lat' dir='ltr'><strong>sonum</strong></span> <span class='ocrx_word' id='word_1_320' title='bbox 889 2661 1053 2699; x_wconf 83' lang='lat' dir='ltr'><strong>definiat</strong></span> <span class='ocrx_word' id='word_1_321' title='bbox 1082 2661 1130 2698; x_wconf 80' lang='lat' dir='ltr'><strong>cle</strong></span> <span class='ocrx_word' id='word_1_322' title='bbox 1153 2661 1297 2697; x_wconf 81' lang='lat' dir='ltr'><strong>anima</strong></span> <span class='ocrx_word' id='word_1_323' title='bbox 1317 2658 1368 2704; x_wconf 90' lang='lat' dir='ltr'><strong>II,</strong></span> <span class='ocrx_word' id='word_1_324' title='bbox 1387 2659 1424 2694; x_wconf 79' lang='lat'><strong>8·</strong></span> 
     </span>
    </p>

    <p class='ocr_par' dir='ltr' id='par_1_3' title="bbox 207 2718 1679 2841">
     <span class='ocr_line' id='line_1_36' title="bbox 381 2718 1679 2777; baseline 0.001 -16"><span class='ocrx_word' id='word_1_325' title='bbox 381 2725 418 2761; x_wconf 91' lang='lat'><strong>1.</strong></span> <span class='ocrx_word' id='word_1_326' title='bbox 448 2722 682 2774; x_wconf 80' lang='grc' dir='ltr'><em>πνευμάτων</em></span> <span class='ocrx_word' id='word_1_327' title='bbox 711 2722 873 2765; x_wconf 82' lang='grc' dir='ltr'><em>πάντων</em></span> <span class='ocrx_word' id='word_1_328' title='bbox 901 2727 1062 2766; x_wconf 84' lang='lat' dir='ltr'><strong>inverso</strong></span> <span class='ocrx_word' id='word_1_329' title='bbox 1085 2725 1224 2764; x_wconf 87' lang='lat' dir='ltr'><strong>ordine</strong></span> <span class='ocrx_word' id='word_1_330' title='bbox 1240 2724 1292 2762; x_wconf 89' lang='lat' dir='ltr'><strong>N.</strong></span> <span class='ocrx_word' id='word_1_331' title='bbox 1318 2718 1478 2761; x_wconf 83' lang='grc' dir='ltr'><strong><em>πάντων</em></strong></span> <span class='ocrx_word' id='word_1_332' title='bbox 1499 2723 1580 2777; x_wconf 61' lang='grc' dir='ltr'><strong>τῶν</strong></span> <span class='ocrx_word' id='word_1_333' title='bbox 1599 2734 1679 2762; x_wconf 79' lang='grc' dir='ltr'><strong><em>σω·-</em></strong></span> 
     </span>
     <span class='ocr_line' id='line_1_37' title="bbox 207 2774 1677 2841; baseline 0 -15"><span class='ocrx_word' id='word_1_334' title='bbox 207 2774 212 2781; x_wconf 52' lang='grc'><em>’</em></span> <span class='ocrx_word' id='word_1_335' title='bbox 268 2784 408 2837; x_wconf 83' lang='grc' dir='ltr'><em>μάτων</em></span> <span class='ocrx_word' id='word_1_336' title='bbox 437 2791 547 2828; x_wconf 82' lang='lat' dir='ltr'><strong>cam.</strong></span> <span class='ocrx_word' id='word_1_337' title='bbox 576 2811 630 2818; x_wconf 91' lang='lat'><strong>-——</strong></span> <span class='ocrx_word' id='word_1_338' title='bbox 669 2788 884 2841; x_wconf 74' lang='grc' dir='ltr'><strong><em>θαλάσσης</em></strong></span> <span class='ocrx_word' id='word_1_339' title='bbox 909 2793 960 2830; x_wconf 90' lang='grc' dir='ltr'><strong>Ν.</strong></span> <span class='ocrx_word' id='word_1_340' title='bbox 992 2812 1042 2820; x_wconf 92' lang='lat'>—</span> <span class='ocrx_word' id='word_1_341' title='bbox 1082 2788 1236 2829; x_wconf 88' lang='lat' dir='ltr'><strong>Deinde</strong></span> <span class='ocrx_word' id='word_1_342' title='bbox 1265 2785 1576 2839; x_wconf 76' lang='grc' dir='ltr'><strong><em>διαπορήσαντες</em></strong></span> <span class='ocrx_word' id='word_1_343' title='bbox 1602 2803 1677 2840; x_wconf 88' lang='lat' dir='ltr'><strong>pro</strong></span> 
     </span>
    </p>
   </div>
  </div>
 </body>
</html>
