1820 3158
128 359 536 406 -p·360,a.13ekk‚—
592 386 604 396 ..
623 360 789 400 LIBJI.
819 359 938 399 CAP.
950 358 1027 398 IV.
1083 352 1445 399 -p.344‚D.Cas.—
1494 346 1557 405 89

125 471 203 529 γὰρ
238 471 358 526 ἀτμὶς
391 469 515 528 ὑγρὸν
554 471 619 513 καὶ
657 468 820 526 ψυχρόν
861 467 1095 525 (εὖόριστον
1125 466 1200 521 μὲν
1223 465 1301 523 γὰρ
1331 462 1386 514 ὥς
1420 460 1558 519 ὗγρόν,

127 540 197 581 διὰ
226 541 271 582 δὲ
301 539 349 582 τὸ
380 539 533 589 ὓδατος
561 537 659 581 εἶναι
688 537 851 594 ψυχρὸν
877 542 927 594 τῇ
958 536 1082 594 οἴκείᾳ
1111 532 1252 591 φύσει,
1283 533 1418 590 ὥσπερ
1445 530 1559 587 ὕδωρ

126 607 184 662 μὴ
208 607 483 664 θερμανθέν),
514 605 535 650 ὃ
558 607 602 649 δὲ
621 606 774 655 καπνὸς
801 605 970 662 θερμὸν·
985 605 1052 647 καὶ
1081 602 1218 659 ξηρόν.
1248 601 1350 646 ὥστε
1372 599 1562 656 καθάπερ

127 675 172 717 ἐκ
203 674 435 729 συμβόλων,
467 676 696 717 συνίσταιτο
729 672 778 716 ἂν
806 671 828 716 ὅ
854 673 934 729 ἀὴρ
960 671 1083 728 ὑγρὸς
1111 673 1177 714 καὶ
1197 669 1368 728 θερμός.
1417 676 1457 713 9.
1477 668 1562 717 Καὶ
1592 672 1616 709 9

127 742 204 799 γὰρ
234 743 400 794 ἄτοπον,
429 744 464 785 εἲ
484 741 504 785 ὃ
527 744 617 798 περὶ
648 741 842 791 ἑκάστους
870 740 1176 798 περικεχυμένος
1205 739 1283 796 ἀὴρ
1314 732 1435 787 οὗτος
1460 738 1564 793 γίνε-
1613 778 1615 780 ,

128 828 195 852 ται
225 809 459 864 κινούμενος
486 815 665 865 πνεῦμα,
717 812 782 853 καὶ
822 809 922 853 ὅθεν
960 809 1010 851 ἃν
1041 807 1144 865 τύχῃ
1173 808 1372 862 κινηθείς,
1418 805 1565 860 ἄνεμος

128 878 262 931 ἔσται,
302 878 397 920 ἀλλ’
434 880 481 922 οὐ
511 880 701 936 καθάπερ
731 877 827 928 τούς
861 875 1069 931 ποταμοὺς
1107 875 1449 930 ὑπολαμβάνομεν
1490 872 1566 927 οὐχ

128 944 318 989 ὁπωσοῦν
346 952 419 988 τοῦ
447 948 599 998 ὕδατος
628 947 727 990 εἶναι
747 946 921 1004 ῥέοντος,
953 945 1045 987 οὐδ’
1070 943 1120 986 ἂν
1147 943 1217 1000 ἔχῃ
1245 947 1427 998 πλῆθος,
1460 941 1567 984 ἀλλὰ

129 1016 388 1070 δεῖπηγαῖον
416 1015 516 1059 εἶναι
544 1016 591 1059 τὸ
620 1015 735 1073 ῥέον,
779 1012 887 1056 οὕτω
918 1014 983 1055 καὶ
1012 1014 1102 1067 περὶ
1140 1016 1223 1054 τῶν
1263 1011 1423 1064 ἀνέμων
1463 1010 1564 1069 ἔχει·

129 1084 312 1137 κινηθείη
341 1082 418 1140 γάρ
451 1083 500 1126 ἂν
528 1083 633 1126 πολὺ
660 1086 824 1137 πλῆθος
853 1081 973 1136 ἀέρος
1009 1077 1088 1122 ὖπό
1117 1097 1227 1129 τινος
1251 1078 1432 1135 μεγάλης
1460 1076 1568 1121 πτώ-

130 1165 254 1203 σεως,
285 1151 359 1194 οὐκ
388 1151 479 1205 ἕχον
508 1150 635 1207 ἀρχὴν
664 1149 763 1193 οὐδὲ
793 1147 936 1205 πηγήν.
1001 1155 1067 1190 10.
1100 1149 1328 1205 Μαρτυρεῖ
1351 1148 1396 1190 δὲ
1424 1145 1475 1189 τὰ
1495 1163 1557 1202 γι-
1571 1153 1622 1188 10

127 1218 277 1273 νόμενα
317 1225 404 1268 τοῖς
442 1220 686 1273 εἰρημένοις·
737 1216 804 1261 διὰ
830 1218 907 1275 γὰρ
941 1215 988 1260 τὸ
1022 1220 1198 1270 συνεχῶς
1226 1217 1303 1271 μὲν
1330 1219 1489 1270 μᾶλλον
1520 1215 1566 1256 δὲ

128 1287 195 1328 καὶ
224 1280 348 1341 ἧττον
378 1287 444 1329 καὶ
473 1288 598 1329 πλείω
637 1288 704 1330 καὶ
741 1286 897 1329 ἐλάττω
935 1287 1122 1342 γίνεσθαι
1161 1283 1234 1339 τὴν
1273 1283 1565 1339 ἀναθυμίασιν,

128 1353 188 1396 ἀεὶ
216 1354 317 1411 νέφη
346 1372 388 1397 τε
414 1357 481 1397 καὶ
510 1354 716 1408 πνεύμντα
743 1357 891 1411 γίνεται
921 1351 1027 1397 κατὰ
1056 1350 1131 1407 τὴν
1161 1350 1271 1408 ὥραν
1310 1351 1482 1407 ἑκάστην
1513 1349 1570 1401 ὥς

127 1422 322 1479 πέφυκεν·
359 1422 426 1465 διὰ
454 1423 498 1464 δὲ
527 1421 574 1465 vd
602 1423 728 1466 ἐνιότε
756 1424 832 1478 μὲν
860 1421 932 1477 τὴν
961 1419 1171 1476 ἀτμιόώδη
1201 1422 1387 1476 γίνεσθαι
1415 1423 1567 1462 πολλα-

127 1492 304 1533 πλασίαν
333 1489 400 1534 ὃτὲ
430 1491 474 1533 δὲ
503 1491 578 1546 τὴν
606 1490 732 1547 ξηρὰν
760 1492 826 1534 καὶ
855 1488 1070 1544 καπνώδη,
1100 1487 1168 1532 ὁτὲ
1196 1490 1272 1543 μὲν
1301 1488 1489 1545 ἕπομβρα
1515 1486 1569 1530 τὰ

129 1557 197 1613 Ξ-’τη
227 1560 376 1616 γίνεται
404 1561 472 1602 καὶ
500 1557 619 1617 ὗγρά,
658 1558 726 1603 ὁτὲ
756 1559 801 1601 δὲ
830 1557 1017 1613 ἀνεμώδη
1048 1558 1116 1599 καὶ
1146 1557 1308 1611 αὐχμοί.
1371 1563 1436 1598 11.
1461 1554 1555 1599 ‘Off
1571 1563 1620 1599 11

262 1663 279 1681 .
895 1684 911 1699 0

131 1697 367 1747 antegressis
389 1696 578 1746 diximus,
614 1711 666 1735 ex
687 1696 750 1735 his
771 1697 914 1734 oritur.
953 1696 1094 1747 Vapor
1111 1695 1218 1733 enim
1237 1693 1428 1733 humidus
1448 1701 1508 1734 est
1527 1701 1567 1734 et

130 1763 315 1814 frigidus.
375 1762 507 1816 (Nam
526 1766 655 1804 veluti
674 1764 887 1803 humidum
909 1764 1028 1803 facile
1052 1763 1310 1802 terminatur:
1351 1761 1444 1815 quia
1466 1776 1567 1802 vero

130 1844 292 1882 aqueus,
311 1838 450 1883 suapte
468 1839 611 1871 natura
632 1833 801 1885 frigidus
820 1838 891 1882 est,
908 1832 1037 1871 veluti
1046 1844 1147 1883 aqua
1160 1844 1244 1869 non
1262 1826 1479 1884 calefacta),
1499 1831 1570 1870 fu-

92 1938 96 1941 *
133 1912 222 1937 mus
241 1905 373 1937 autem
391 1900 541 1938 *calidus
562 1907 602 1939 et
622 1901 759 1939 siccus.
802 1900 890 1940 Ae‘r
909 1901 1044 1952 igitur,
1064 1899 1195 1939 veluti
1213 1912 1266 1938 ex
1277 1899 1569 1950 compositione

130 1965 322 2005 humidus
342 1973 382 2005 et
402 1968 550 2007 calidus
571 1970 836 2008 constituitur.
896 1972 933 2008 9.
956 1968 1119 2008 Etenim
1138 1967 1358 2005 absurdum
1382 1973 1453 2017 est,
1475 1981 1568 2006 eum

108 2063 115 2071 k
133 2035 202 2087 qui
220 2035 363 2086 cuique
383 2042 442 2074 est
458 2036 735 2086 circumfusus,
756 2051 848 2076 cum
864 2042 1065 2085 movetur,
1087 2035 1226 2075 flatum
1247 2035 1350 2085 fieri,
1377 2041 1418 2074 et
1438 2036 1569 2075 unde-

135 2103 200 2143 vis
229 2117 322 2141 casu
346 2104 515 2155 agitatus
542 2106 613 2154 sit,
651 2112 822 2145 ventum
848 2105 1060 2144 exsistere:
1091 2105 1256 2144 minime
1275 2117 1377 2142 vero
1404 2117 1569 2143 censere

135 2170 474 2221 quemadmodum
514 2186 675 2220 amnes,
721 2188 805 2212 non
848 2173 1213 2225 quomodocunque
1257 2172 1410 2211 fluente
1455 2186 1573 2223 aqua,

135 2238 254 2275 etiam
272 2239 306 2276 si
325 2240 470 2288 multa,
500 2234 710 2288 exsist'unt,
739 2241 809 2280 sed
834 2256 880 2280 ea
905 2256 1006 2293 quae
1028 2241 1126 2279 fluat
1147 2241 1313 2279 fontana
1330 2240 1382 2278 sit
1407 2253 1570 2278 necesse

135 2311 216 2354 est,
259 2306 316 2343 sic
347 2306 466 2344 etiam
493 2308 536 2345 in
562 2309 695 2347 ventis
720 2323 809 2348 rem
836 2309 997 2348 habere.
1064 2310 1213 2359 Magna
1237 2308 1345 2346 enim
1373 2307 1568 2359 quaedam

135 2372 240 2411 ae'ris
270 2372 386 2423 copia
416 2385 492 2411 nec
515 2375 761 2427 principium
785 2384 865 2415 nec'
889 2377 1043 2415 fontem
1064 2376 1235 2423 habens,
1265 2375 1416 2426 ingenti
1435 2368 1569 2426 aliquo

135 2453 227 2479 casu
248 2446 498 2479 moveretur.
557 2446 622 2481 10.
653 2444 780 2482 Porro
803 2458 863 2490 ea,
893 2458 995 2496 quae
1015 2443 1120 2482 dicta
1139 2449 1254 2489 sunt,
1281 2456 1421 2486 rerum
1443 2456 1565 2481 even-

134 2508 186 2547 tis
205 2507 532 2559 comprobantur.
591 2510 697 2560 Quia
723 2512 830 2550 enim
857 2512 1111 2550 continenter
1131 2510 1314 2561 quidem,
1347 2510 1418 2548 sed
1436 2515 1570 2549 tamen

135 2577 259 2628 magis
279 2582 320 2614 et
342 2575 495 2625 minus,
525 2577 777 2630 ampliorque
798 2586 838 2618 et
855 2579 990 2618 minor
1010 2578 1272 2616 exhalationis
1301 2578 1416 2629 copia
1440 2578 1571 2629 gigni-

136 2650 225 2694 tur,
262 2644 388 2683 nubes
417 2657 579 2695 semper
608 2658 654 2683 ac
681 2647 846 2698 spiritus
873 2647 1037 2698 singulis
1063 2646 1387 2698 tempestatibus,
1428 2652 1570 2697 utpote

135 2718 278 2751 natura
307 2713 410 2762 fert,
451 2713 650 2752 oriuntur.
728 2714 850 2765 Quod
891 2721 1024 2752 autem
1064 2714 1269 2753 interdum
1310 2712 1472 2764 quidem
1509 2728 1567 2760 ea,

138 2793 239 2831 quae
261 2780 426 2832 vaporis
449 2780 540 2832 plus
560 2781 760 2831 continet,
787 2782 992 2821 interdum
1018 2782 1120 2820 sicca
1151 2789 1191 2820 et
1219 2781 1373 2822 fumida
1403 2782 1569 2821 uberior

137 2847 332 2898 gignatur,
360 2848 488 2899 pluvii
514 2854 555 2887 et
572 2847 728 2888 humidi
749 2850 841 2888 anni
867 2850 1071 2889 interdum
1097 2850 1334 2899 redduntur,
1363 2850 1568 2890 interdum
