1820 3158
8 5 24 121 Ξ

336 317 426 360 136
491 327 787 367 EXCERPTA
805 330 884 367 EX
899 329 1191 368 COMMENT.
1213 328 1394 380 ALEX.,
1419 334 1451 372 Ι.
1478 333 1620 372 PHIL'.

442 436 538 486 Cap.
560 438 855 486 111.§.2et3.
913 437 1129 488 Πρῶτον
1164 436 1257 488 μὲν
1294 432 1382 478 οὖν
1419 437 1736 493 ἀπζορὴσειεν

334 496 390 539 ἄν
429 515 505 547 τις
543 501 656 553 περὶ
695 499 787 540 τὸν
821 499 1152 552 καλούμενον
1190 500 1357 555 ἀέρα]
1411 502 1477 544 Ἐν
1505 511 1588 552 τοῖς
1626 505 1737 546 πέντε

333 566 578 616 (στοιχείοις)
607 563 718 619 ὕδωρ
746 564 872 618 μόνον
898 568 963 606 καὶ
991 569 1062 620 γῆν
1092 564 1260 621 δρῶμεν.
1289 571 1369 609 τῶν
1397 567 1435 609 δ’
1464 568 1595 610 ἄλλων
1623 569 1739 610 οὐδὲν

334 626 510 682 δρῶμεν·
542 629 614 671 οὐκ
634 629 715 685 ἄρα
744 631 838 672 οὐδὲ
865 631 910 673 τὸ
941 631 1119 684 πέμπτον
1148 637 1274 687 σῶμα,
1310 633 1404 675 οὐδὲ
1431 633 1477 675 τὸ
1498 632 1739 688 ῧπέκκαυμα.

332 692 486 736 τούτων
515 694 644 745 οὕτως
671 697 855 750 ε’χόντων,
883 697 1015 751 μάτην
1043 697 1118 753 γὰρ
1134 699 1180 752 ³³7⁶)
1209 700 1274 740 καὶ
1293 699 1338 740 τὸ
1360 697 1470 755 ὕδωρ
1491 701 1555 741 καὶ
1575 700 1621 742 τὸ
1641 698 1742 741 ὖπό-

334 763 473 801 λοιπον
502 760 597 803 ὅλον
625 762 670 804 τὸ
701 763 779 806 ἀπὸ
808 763 964 806 τούτων
990 764 1106 819 μέχρι
1131 768 1212 806 τῶν
1240 763 1417 817 ἐσχάτων
1446 765 1605 821 ἄστρων
1627 767 1668 808 τί
1694 765 1743 807 ἂν

334 824 408 878 εἴη.
438 825 557 883 ἢγάρ
586 833 665 882 πῦρ
692 828 818 882 μόνον
846 832 967 882 ἐστίν,
996 829 1021 884 ἢ
1044 829 1125 886 ἀὴρ
1149 829 1288 883 μόνον,
1319 830 1427 884 ἢκαὶ
1454 831 1532 886 ἀὴρ
1562 833 1626 872 καὶ
1651 835 1742 887 πῦρ.

335 892 400 932 καὶ
429 897 549 935 τοῦτο
578 896 719 948 διχῶς·
749 895 870 952 ἢγὰρ
897 897 948 939 τὰ
978 896 1108 952 ἄστρα
1133 898 1199 939 καὶ
1229 897 1270 937 αἱ
1299 903 1465 952 σφαῖραι
1484 896 1637 952 πύρεια,
1665 897 1743 950 μό-

335 973 404 998 νον
434 959 478 999 δὲ
506 959 557 1000 τὰ
583 962 732 1013 μεταξὺ
762 962 895 1018 ἀέρια,
923 963 1018 1018 ἢτὰ
1046 964 1119 1016 μὲν
1149 962 1279 1017 ἄστρα
1305 961 1430 1016 μόνον
1457 963 1610 1018 πύρεια,
1640 964 1680 1004 αἱ
1701 964 1744 1004 δὲ

335 1030 503 1080 σφαῖραι
531 1028 597 1067 καὶ
625 1028 671 1069 τὸ
699 1029 848 1082 μεταξὺ
877 1029 972 1072 ὅλον
1001 1029 1157 1085 ἀέριον·
1204 1023 1323 1071 αὗται
1359 1029 1435 1084 γὰρ
1465 1030 1506 1071 αἳ
1535 1029 1647 1079 δόξαι
1675 1031 1745 1071 δο-

335 1092 453 1132 κοῦσί
477 1109 563 1141 πως
590 1091 687 1135 εἶναι
715 1097 900 1138 πιθαναί.
931 1098 996 1137 καὶ
1023 1097 1100 1152 γὰρ
1130 1098 1242 1138 δοκεῖ
1260 1100 1341 1137 πᾶν
1369 1095 1446 1151 ἀὴρ
1476 1095 1574 1138 εἶναι
1603 1095 1670 1138 διὰ
1697 1095 1743 1137 τὸ

335 1155 524 1210 ἀόρατον,
555 1158 657 1200 ἀλλὰ
684 1160 766 1214 μὴν
793 1165 874 1203 τῶν
899 1162 973 1215 μὲν
995 1161 1153 1217 ἄστρων
1174 1162 1337 1217 πύρειον
1357 1164 1443 1215 **),
1476 1162 1522 1203 τὸ
1544 1163 1588 1204 δὲ
1608 1161 1746 1204 λοιπὸν

335 1219 442 1264 ἅπαν
472 1223 604 1280 ἀέριον
632 1226 698 1267 διὰ
726 1226 772 1268 τὸ
802 1229 868 1269 καὶ
893 1227 965 1269 τὸν
993 1227 1091 1282 ἀέρα
1120 1229 1186 1269 καὶ
1214 1227 1259 1269 τὸ
1289 1225 1543 1279 ὑπέκκαυμα,
1581 1230 1646 1269 καὶ
1674 1228 1747 1276 τὰς

336 1289 512 1343 σφαίρας
540 1290 741 1347 ἀοράτους
768 1287 889 1335 εἶναι·
916 1292 1023 1347 μόνα
1052 1295 1096 1335 δὲ
1119 1293 1170 1336 τὰ
1199 1293 1329 1349 ἄστρα
1355 1293 1522 1348 πυρώδη
1551 1295 1662 1342 εῗσίν,
1693 1292 1747 1342 ὡς

336 1355 402 1394 καὶ
432 1355 503 1397 τὸν
525 1356 794 1413 Ἀναξαγόραν
819 1358 975 1414 μύδρον
1002 1360 1164 1402 καλέσαι
1192 1359 1263 1402 τὸν
1287 1359 1400 1414 ἣλιον
1412 1360 1496 1415 ***)
1527 1360 1595 1401 διὰ
1622 1360 1669 1402 τὸ
1700 1359 1748 1402 ἄ-

334 1435 483 1475 μετρον
510 1427 584 1476 τῆς
600 1423 835 1479 πυρώσεως·
862 1424 1018 1482 μύδρος
1035 1427 1111 1481 γάρ
1140 1427 1246 1468 ἐστιν
1275 1423 1296 1467 ὅ
1324 1426 1606 1481 πεπυρωμένος
1635 1428 1748 1481 σίδη-

338 1500 430 1539 ρος·
462 1487 523 1529 διὸ
543 1490 608 1529 καὶ
629 1487 650 1530 ὃ
673 1489 942 1547 Ἀναξαγόρας
960 1492 1262 1548 ἐξωστρακίσθη
1282 1492 1325 1533 ἐκ
1343 1496 1423 1534 τῶν
1442 1492 1671 1546 Ἀθηναίων
1682 1493 1746 1548 †),

338 1548 393 1599 ὡς
419 1553 603 1596 τοιοῦτόν
630 1571 669 1596 τι
692 1555 898 1610 τολμήσας
926 1559 1068 1599 εἷπεῖν·
1099 1557 1267 1613 ὕστερον
1291 1557 1330 1599 δ’
1357 1557 1559 1612 ἀνεκλήθη
1585 1558 1651 1600 διὰ
1678 1563 1749 1612 τῆς

337 1620 582 1673 Περικλέους
610 1620 819 1677 ῥητορείας
837 1624 931 1678 ††).
981 1623 1183 1680 ἀκροατὴς
1220 1623 1296 1679 γὰρ
1327 1623 1381 1666 ὢν
1410 1623 1544 1676 ἔτυχεν
1572 1621 1593 1665 ὅ
1623 1627 1749 1679 Περι-,-

338 1687 436 1738 κλῆς
455 1690 528 1727 τοῦ
554 1686 824 1743 Ἀναξαγόρου
843 1691 970 1744 †††).
1009 1694 1130 1746 τριῶν
1159 1685 1230 1731 οὗν
1260 1689 1390 1732 οὐσῶν
1414 1689 1569 1731 τούτων
1596 1687 1750 1731 ὑποθέ-

339 1763 462 1801 σεων,
507 1752 577 1794 ἐὰν
615 1755 824 1807 δείξωμεν,
867 1754 929 1797 ὅτι
958 1755 1124 1809 οὐδεμία
1155 1755 1310 1798 τούτων
1345 1755 1528 1810 ἀληθής,
1580 1756 1751 1797 λείπεται

340 1817 461 1869 δῆλον
488 1818 534 1860 τὸ
564 1817 783 1863 ὑπόλοιπον
811 1821 912 1877 πρὸς
938 1826 989 1877 τῇ
1017 1826 1067 1877 γῇ
1093 1823 1158 1863 καὶ
1185 1826 1257 1863 τοῦ
1285 1821 1436 1870 ὓδατος
1466 1821 1615 1869 παντὸς
1652 1820 1750 1876 ἀέρα

383 1969 415 2015 >²⁶)
446 1973 539 2007 Fort.
568 1971 763 2019 μάθωμεν.

383 2037 440 2080 **)
467 2040 562 2078 Fort.
585 2038 630 2075 τοὶ
654 2042 722 2086 μὲν
745 2040 860 2086 ἄστρα
883 2039 1016 2088 πύρεια
1043 2042 1120 2078 sive
1143 2039 1216 2077 τῶν
1239 2043 1307 2087 μὲν
1330 2039 1471 2086 ἄστρων
1498 2042 1653 2086 πυρείων
1684 2039 1751 2076 ὅν-

428 2106 510 2135 των,
537 2093 581 2129 τδ
605 2094 734 2131 λοιπόν
754 2103 789 2132 et
813 2110 845 2142 q.
865 2109 894 2132 Β.

386 2160 457 2204 ***)
481 2162 662 2208 Menag.
689 2164 733 2197 ad
754 2163 944 2211 Diogen.
968 2165 1126 2198 Lafirt.
1160 2165 1212 2207 ΙΙ,
1238 2166 1274 2202 8.
1305 2176 1340 2208 p.
1364 2163 1420 2199 74,
1466 2164 1751 2198 Schaubach

431 2220 545 2251 Anax.
574 2221 715 2253 Clazom.
734 2219 858 2262 fragm.
889 2219 996 2264 (Lips.
1024 2221 1124 2254 1827.
1149 2218 1200 2263 8.)
1235 2233 1269 2264 p.
1291 2219 1338 2255 49
1361 2231 1437 2263 sqq.

385 2288 425 2331 †)
456 2291 631 2336 Menag.
655 2293 698 2324 ad
724 2292 917 2338 Diogen.
942 2293 1095 2325 Laifirt.
1143 2293 1190 2334 ΙΙ,
1218 2294 1273 2327 12.
1308 2303 1343 2335 p.
1368 2292 1423 2325 78.
1466 2290 1520 2324 ed.
1542 2288 1754 2324 Meibom.

431 2347 536 2380 Forte
563 2346 666 2380 etiam
703 2347 740 2381 ἐκ
766 2345 839 2381 τοῖν
868 2343 1033 2390 Ἀθηνῶν
1059 2346 1290 2385 scribendum,
1337 2345 1409 2381 cfr.
1438 2351 1554 2380 tamen
1586 2344 1753 2380 Winer

434 2403 494 2435 Gr.
518 2414 567 2443 gr.
591 2414 664 2435 nov.
682 2401 776 2444 foed.
799 2414 832 2446 p.
858 2402 925 2436 314
947 2413 999 2446 sq.

387 2466 456 2508 ††)
479 2468 651 2514 Menag.
676 2470 700 2501 l.
722 2469 746 2502 l.
772 2469 1037 2502 Schaubach
1063 2481 1097 2512 p.
1122 2470 1166 2502 18
1185 2480 1237 2511 sq.
1265 2466 1369 2511 p.45.
1413 2468 1511 2499 Bene
1534 2471 1650 2498 tamen
1676 2474 1749 2497 mo-

431 2527 493 2555 net
522 2523 875 2557 Schaubachius
909 2537 946 2568 p.
965 2523 1023 2560 49.
1046 2530 1138 2558 not-t
1173 2527 1213 2557 In
1235 2525 1284 2555 his
1312 2528 1399 2555 errat
1428 2517 1675 2562 olympiodoru's
1699 2524 1752 2552 vel

403 2571 600 2619 ‘confundit
623 2583 787 2612 nonnulla.
835 2581 911 2613 Non
936 2583 1018 2613 enim
1044 2583 1077 2613 in
1104 2582 1233 2612 exilium
1257 2580 1388 2619 missus,
1422 2577 1558 2619 indeque
1580 2582 1752 2608 revocatus

434 2640 480 2665 est
507 2636 640 2666 Periclis
663 2636 815 2677 consilio,
842 2637 900 2668 sed
923 2637 1038 2679 capitis
1061 2637 1243 2677 damnatus,
1267 2645 1289 2666 α
1312 2634 1436 2665 Pericle
1459 2633 1630 2672 liberatus,
1660 2632 1753 2663 ‹leni-

433 2701 494 2731 (με
517 2691 549 2721 in
573 2691 703 2722 exilium
727 2690 893 2732 profectus
916 2698 974 2724 esi.

388 2753 486 2796 †††)
517 2754 781 2789 Schaubach
805 2767 839 2799 p.
866 2759 909 2790 17
932 2766 1007 2799 sqq.
