1812 3158
398 355 621 397 LIBRUM
649 353 891 395 PRIMUM.
950 355 1065 395 GAP.
1083 355 1159 397 IV.
1408 349 1506 396 369

66 477 120 522 Π,
143 477 207 514 11.
236 486 280 525 p.
299 471 366 520 94,
383 483 406 509 a
434 469 559 509 dicat:
597 467 680 508 ἐπεὶ
710 466 756 510 δὲ
783 466 1030 508 ἐπίστασθαι
1057 464 1236 520 οῗόμεθα
1264 465 1363 510 ὅταν
1390 468 1509 513 εἴδω-

67 556 142 593 μεν
179 538 253 592 τὴν
283 538 439 586 αἲτίαν,
484 535 608 576 αῗτίαι
639 534 684 576 δὲ
712 534 918 589 τέτταρες,
963 534 1039 587 μία
1065 534 1142 588 μὲν
1169 533 1219 576 τὸ
1249 536 1293 577 τί
1315 530 1367 590 ἦν
1395 535 1509 590 εἶναι,

67 609 144 661 μία
173 607 217 648 δὲ
244 605 291 647 τὸ
319 606 440 647 τίνων
470 596 600 645 ὄντων
628 601 779 656 ἀνάγκη
811 599 924 643 τοῦτ’
948 599 1068 651 εἶναι,
1100 599 1217 657 ἑτέρα
1237 603 1282 645 δὲ
1298 601 1324 658 ἦ
1342 605 1385 646 τί
1396 611 1510 662 πρῶ-

69 692 143 717 τον
174 675 328 728 ἐκίνησε
338 705 349 724 ,
383 671 554 726 τετάρτη
586 670 630 711 δὲ
658 668 706 711 τὸ
737 670 847 717 τίνος
875 668 1000 721 ἕνεκα,
1029 673 1157 711 πᾶσαι
1186 669 1308 712 αὗται
1337 671 1405 714 διὰ
1438 678 1512 715 τοῦ

68 742 197 795 μέσου
219 743 456 791 δείκνυνται,
488 754 539 778 ex
557 739 666 778 hisce
686 745 796 791 patet
819 753 911 778 eum
928 739 972 778 in
989 740 1115 791 logica
1133 746 1174 779 et
1189 741 1351 781 formali
1370 756 1512 783 rerum

71 812 307 850 definitione
326 816 498 862 quatuor
517 808 744 846 discernere
761 820 968 846 causarum
987 821 1133 859 genera
1164 810 1207 858 1)
1223 805 1271 848 τὸ
1287 807 1330 849 τί
1344 802 1394 863 ἦν
1412 806 1513 851 εἶναι

72 900 123 906 -
144 880 326 925 essentia,
356 883 550 929 quatenus
568 876 835 927 cognitionem
854 875 1031 914 admittit
1049 882 1090 915 et
1109 876 1387 917 definitionem
1418 878 1510 932 (cfr.

69 947 271 998 imprimis
299 944 536 996 MetaplzyS.
556 946 608 990 Π,
628 946 662 981 6.
698 944 765 982 Tr
776 943 1126 996 endelenburg
1153 945 1196 984 in
1219 945 1375 984 Rhein.
1395 949 1510 989 Mus.

68 1018 129 1064 II,
153 1015 192 1053 4.
219 1028 259 1066 p.
283 1014 364 1053 457
383 1009 495 1066 sqq.)
533 1010 576 1064 2)
607 1007 655 1050 τὸ
685 1009 806 1050 τίνων
835 1007 965 1050 ὄντων
993 1007 1146 1063 ἀνάγκη
1176 1013 1300 1052 τοῦτο
1330 1008 1430 1053 εἶναι
1459 1039 1510 1046 -—

73 1079 118 1134 3)
135 1080 352 1134 τίπρῶτον
368 1078 594 1131 ἓκίνήσε-
623 1076 667 1131 4)
694 1074 742 1117 τὸ
770 1076 880 1124 τίνος
908 1075 1033 1118 ἕνεκα.
1088 1079 1271 1118 Eandem
1287 1081 1515 1134 principio-

70 1163 163 1188 rum
183 1146 402 1201 τέτρακτυν
431 1149 474 1186 in
492 1160 645 1194 rerum,
675 1159 777 1197 quae
793 1159 913 1185 sensu
940 1146 1240 1199 percipiuntur,
1276 1150 1515 1190 tractatione

70 1218 266 1269 proponit
293 1215 435 1269 (Phys.
457 1214 697 1253 Auso-altat.
725 1215 777 1262 Π,
799 1217 839 1255 3.
866 1227 909 1266 p-
933 1217 1027 1264 195,
1049 1213 1075 1251 b
1094 1212 1218 1267 sqq.),
1249 1219 1514 1259 materiam

72 1281 201 1336 (ὕλην
219 1276 541 1323 vidicomment.
568 1281 617 1320 ad
635 1284 676 1331 I,
696 1286 735 1322 2.
763 1282 786 1320 i.
806 1295 840 1320 e.
868 1279 916 1322 τὸ
946 1280 989 1330 ἐξ
1020 1274 1067 1322 οὗ
1095 1281 1248 1335 γίνεταί
1272 1298 1311 1324 τι
1341 1282 1518 1341 ἐνυπάρ-

67 1348 252 1404 χοντος).
306 1355 361 1400 2)
399 1347 446 1390 τὸ
476 1345 582 1396 εἶδος
611 1350 830 1389 formam
862 1373 914 1379 —
957 1348 1010 1402 3)
1040 1347 1086 1390 τὸ
1117 1346 1219 1390 ὅθεν
1246 1345 1272 1403 ἦ
1309 1347 1414 1405 ἀρχὴ
1443 1355 1517 1405 τῆς

70 1420 303 1471 μεταβολῆς
329 1414 354 1471 ἧ
386 1415 528 1471 πρώτη
558 1413 584 1470 ἢ
604 1412 866 1470 ἦρεμώσεως,
897 1418 1118 1470 primum
1147 1432 1370 1460 movens.
1402 1418 1448 1474 4)
1466 1419 1514 1461 τὸ

73 1477 121 1526 οὗ
151 1484 265 1526 ἕνεκα
294 1487 426 1526 finis
454 1493 503 1525 et
532 1486 719 1524 bonum
747 1485 822 1524 cfr.
852 1484 974 1524 Polie.
993 1486 1023 1535 1,
1043 1490 1081 1526 2.
1112 1500 1152 1538 p.
1173 1487 1358 1536 1252‚b:
1387 1484 1435 1527 τὸ
1467 1480 1515 1528 οὗ

31 1546 36 1550 ’
73 1551 186 1593 ἕνεκα
214 1552 281 1593 καὶ
307 1551 356 1593 τὸ
387 1551 503 1599 τέλος
532 1550 758 1603 βέλτιστον.
814 1552 1038 1591 Videamus
1053 1553 1191 1604 igitur,
1221 1567 1273 1592 an
1290 1553 1390 1594 haec
1417 1570 1519 1608 qua·

73 1627 169 1660 tuor
188 1622 386 1673 principia
403 1622 446 1659 in
462 1621 700 1659 tractatione
717 1617 1092 1671 phaenomenorum
1102 1649 1114 1670 ,
1143 1620 1195 1659 de
1213 1621 1357 1672 quibus
1374 1625 1520 1675 agitur,

74 1689 343 1740 reperiantur.
372 1684 428 1727 τὸ
458 1685 509 1735 ἐξ
539 1678 597 1727 οὗ
626 1685 827 1740 γίνεταί
851 1700 899 1726 τι
929 1683 1330 1740 ἐνυπάρχοντος
1357 1697 1416 1730 est
1434 1693 1520 1731 ele-

75 1762 256 1795 mentum
276 1755 392 1805 illud,
420 1755 530 1808 quod
547 1757 627 1808 πῦρ
656 1768 804 1794 vocare
823 1756 998 1794 solemus
1018 1761 1059 1793 et
1078 1755 1187 1807 quod
1202 1757 1290 1809 ipse
1306 1757 1347 1797 h.
1357 1759 1386 1798 l.
1409 1758 1521 1799 Ari-

74 1825 295 1862 stoteles
323 1819 562 1874 ὑπέκκαυμα
590 1823 878 1875 appellandum
905 1836 991 1861 esse
1019 1823 1168 1863 statuit.
1207 1847 1260 1854 —
1298 1823 1357 1865 τὸ
1393 1822 1519 1868 ὅθεν

75 1885 99 1943 ἦ
133 1886 262 1943 ἀρχὴ
292 1892 385 1942 τῆς
414 1888 662 1942 κινήσεως
691 1897 751 1929 est
780 1891 987 1929 circularis
1015 1891 1140 1943 primi
1162 1892 1352 1933 elementi
1375 1902 1521 1936 motus.

73 1961 158 1999 Iam
173 1958 223 1996 ad
243 1960 418 1997 formam
431 1954 573 2012 (εἶδος)
590 1965 850 1997 transeamus.
867 1955 1192 2009 Phys.Auseult.
1205 1962 1279 2011 IV,
1290 1965 1326 2001 1.
1342 1975 1381 2014 p.
1390 1967 1486 2011 209,
1498 1977 1522 2003 a

75 2026 195 2064 dicit:
228 2023 488 2078 διαστήματα
517 2025 822 2077 (dimensiones)
851 2023 927 2078 μὲν
946 2023 1023 2076 ἔχει
1040 2025 1149 2079 τρία,
1177 2020 1308 2079 μ’ἤκος
1330 2029 1396 2068 καὶ
1416 2028 1523 2070 πλά-

75 2107 148 2140 τος
173 2092 240 2133 καὶ
262 2091 424 2144 βάθος,
456 2089 517 2141 οἷς
540 2089 711 2147 ὁρίζεται
742 2095 862 2144 σῶμα
891 2095 985 2132 πᾶν.
1045 2095 1148 2134 Cum
1171 2096 1223 2134 de
1239 2110 1412 2148 corpore
1434 2112 1524 2138 ser-

76 2174 144 2199 mo
161 2161 224 2210 sit,
239 2175 399 2199 necesse
418 2168 488 2211 est,
503 2168 550 2201 ut
567 2162 696 2200 tribus
714 2161 834 2200 simul
849 2161 1166 2201 dimensionibus
1181 2169 1328 2203 utatur.
1349 2166 1523 2216 Quando

77 2227 202 2279 igitur
221 2228 429 2279 distinguit

252 2292 295 2346 1)
325 2291 375 2333 ἂν
401 2292 477 2346 μὲν
505 2291 659 2341 πλάτος
687 2291 758 2348 ἔχῃ
787 2293 854 2333 καὶ
881 2296 1013 2346 μῆκος
1040 2292 1087 2335 τὸ
1115 2291 1354 2348 ὑπέκκαυμα

251 2360 294 2413 2)
325 2357 374 2400 ἂν
406 2359 450 2400 δὲ
480 2358 584 2400 κατὰ
610 2363 740 2413 μῆκος
766 2358 896 2412 μόνον
924 2376 976 2400 sc.
1001 2355 1028 2416 ᾖ

80 2430 215 2468 dicere
236 2430 387 2479 noluit,
419 2429 488 2467 illa
507 2423 800 2478 ὑπεκκαύματα
829 2429 1040 2468 altitudine
1061 2427 1219 2482 (βάθει)
1251 2444 1400 2483 carere,
1426 2434 1525 2474 haec

81 2505 123 2537 et
137 2498 348 2537 altitudine
370 2502 410 2536 et
426 2496 639 2536 latitudine
663 2492 862 2548 (πλάτει),
892 2497 964 2537 sed
987 2497 1105 2537 hasce
1130 2498 1396 2540 dimensiones
1416 2504 1525 2544 nulla

175 2672 252 2718 εἴδη
275 2677 360 2718 τρία
384 2674 450 2710 τὸν
475 2671 666 2719 α’ριθμόν·
690 2672 851 2710 τοσοῦτοι
874 2674 945 2721 γᾰρ
969 2681 1028 2711 καὶ
1052 2674 1089 2711 οἰ
1109 2674 1287 2721 α’κροαταὶ
1313 2676 1386 2714 τῶν
1409 2677 1527 2726 λόγων

173 2729 398 2776 ὗπᾰρχουσιν
423 2730 546 2766 ὄντες·
572 2728 759 2775 σι’νγκειται
780 2732 850 2774 μὲν
874 2731 945 2776 γὰρ
970 2731 1008 2767 ἐκ
1032 2731 1143 2778 τριῶν
1167 2730 1189 2768 o‘
1206 2733 1324 2779 λόγος,
1348 2735 1386 2771 ἔκ
1404 2750 1442 2771 τε
1461 2735 1527 2772 τοῦ

174 2784 349 2831 λέγοντος,
372 2793 433 2823 καὶ
456 2792 541 2831 περὶ
567 2783 609 2822 οἷὶ
635 2788 744 2832 λέγει,
773 2786 942 2834 καὶπρὸς
966 2784 1020 2831 ὃν,
1044 2793 1106 2824 καὶ
1129 2788 1171 2824 τὸ
1200 2788 1300 2827 ’τέλος
1323 2791 1419 2837 πρὸς
1442 2792 1528 2828 τοῦ-

172 2842 241 2877 τόν
257 2842 351 2888 ἔστι,
372 2842 463 2891 λέγω
488 2842 525 2879 δὲ
548 2842 618 2880 τόν
639 2841 839 2890 α’κροατὴν.

1113 2897 1167 2934 24
