1774 3198
398 375 416 390 ·.
463 348 679 393 LIBRUM
709 347 948 389 PRIMUM.
985 362 987 366 ¹
1015 345 1130 389 cAP.
1156 346 1228 393 X„
1466 334 1562 380 431

126 466 366 511 australibus
397 465 595 505 nimirum
619 463 753 506 ventis
777 462 1019 515 spirantibus
1044 461 1102 500 ibi
1125 461 1264 500 nivem
1288 458 1444 509 afferri,
1481 473 1564 498 non

129 533 370 583 borealibus,
397 533 597 585 quodwvix
616 532 757 585 aliquis
770 537 861 570 ante
891 531 967 570 Hu
978 529 1109 569 ttoni
1136 527 1334 568 theoriam
1356 527 1407 566 de
1424 527 1565 568 imbris

132 602 287 653 origine
311 608 427 654 atque
446 608 588 641 natura
608 613 813 653 exponere
832 600 1038 652 potuisset.
1054 618 1110 625 —
1139 593 1308 636 Πόντο
1320 609 1340 643 ς
1351 627 1361 646 ,
1379 602 1425 635 ut
1441 597 1565 637 semel

131 669 211 709 hoc
230 683 462 710 moneamus
475 699 484 716 ‚
514 669 565 708 de
582 670 708 708 Ponto
724 668 885 708 Euxino
904 667 1015 706 nude
1033 666 1208 718 positum
1227 672 1319 717 post
1337 665 1473 705 Hero
1484 665 1568 704 do-

129 745 235 778 tum
266 745 306 778 et
333 735 683 777 Aristotelem
714 737 762 775 ab
783 736 968 775 omnibus
987 737 1073 775 fere
1100 734 1364 786 scriptoribus
1394 747 1568 785 usurpa-

130 813 219 846 tum
238 813 312 845 est.
344 806 428 845 Cfr.
451 808 478 844 S
488 807 533 846 al
543 819 649 844 mas.
677 807 910 844 Exercitat.
932 805 1120 843 Plinian.
1141 817 1178 855 p.
1191 805 1262 841 151
1275 833 1284 841 .
1317 803 1344 840 S
1354 816 1375 839 c
1385 801 1412 839 h
1423 815 1444 839 a
1454 816 1476 840 e
1486 803 1509 841 f
1514 816 1536 841 e
1546 816 1568 841 r

130 874 182 916 ad
204 874 464 914 Plutarch.
482 876 602 913 Tom.
616 875 668 912 V.
682 887 718 925 p.
734 873 785 912 46
803 879 843 911 et
855 873 922 924 qui
941 871 1059 910 huius
1079 885 1174 910 usus
1192 870 1386 921 originem
1404 870 1571 922 indaga-

130 943 205 990 vit,
228 944 264 981 R
275 943 288 981 i
299 948 342 981 tt
352 956 372 981 e
382 956 404 980 r
427 944 472 982 V
470 942 630 980 orhalle
651 941 724 979 der
734 943 890 991 Europ.
903 942 947 980 V
945 938 1194 992 &herge-sch.
1209 937 1358 990 (Berol.
1372 942 1492 978 1820.
1516 936 1570 990 8.)

131 1025 172 1063 p.
188 1014 279 1050 168.
295 1031 345 1037 —-
378 1010 515 1049 Verba
533 1008 709 1062 βορείοις
727 1007 802 1060 μὲν
818 1006 893 1062 γάρ
913 1006 1074 1060 γίνεται,
1107 1006 1257 1053 νοτίοις
1281 1004 1321 1045 δ’
1346 1003 1393 1045 οὗ
1423 1004 1570 1058 γίνεται

131 1079 315 1131 ineptum
332 1078 520 1117 redolere
537 1077 636 1116 mihi
655 1077 848 1116 videntur
865 1078 1134 1128 glossatorem.
1163 1077 1259 1114 Post
1278 1075 1384 1113 enim
1403 1071 1572 1114 τούναν-

131 1145 219 1186 τιόν
251 1147 352 1186 nihil
373 1147 460 1187 fere
485 1146 764 1198 explicationis
782 1146 908 1197 gratia
926 1144 1077 1183 addere
1100 1144 1204 1182 solet
1227 1145 1263 1182 A
1275 1143 1321 1180 ri
1332 1149 1377 1181 st
1387 1148 1438 1180 ot
1448 1156 1470 1180 e
1482 1144 1495 1180 1
1509 1156 1530 1180 e
1541 1156 1571 1190 s,

130 1221 178 1254 ut
197 1227 330 1266 neque
350 1214 385 1263 §.
397 1219 431 1253 3.
452 1215 602 1253 factum
623 1227 708 1251 esse
726 1213 913 1252 videmus
930 1211 1129 1264 (quamvis
1149 1211 1330 1249 conferas
1349 1213 1418 1258 ΠΙ,
1434 1215 1471 1259 5,
1487 1207 1571 1261 22).

130 1282 292 1323 Deinde
315 1282 439 1320 verba
455 1282 531 1320 ista
551 1294 634 1319 non
657 1281 753 1333 legit
772 1278 812 1321 O
825 1282 972 1333 lymp.
996 1281 1066 1333 qui
1083 1281 1156 1319 fol.
1179 1281 1244 1327 19,
1259 1279 1284 1317 b
1310 1276 1394 1318 ἐκεῖ
1410 1276 1455 1318 δὲ
1475 1274 1572 1318 τοῦ-

131 1348 292 1389 ναντίον
323 1351 442 1401 longe
473 1350 549 1389 alia
583 1351 738 1388 ratione
770 1350 965 1401 explicat:
1007 1347 1091 1388 ἐκεῖ
1112 1345 1188 1401 γὰρ
1219 1343 1576 1392 ἀντιπεπονθὸτως

131 1414 208 1468 ἔχει
220 1429 229 1439 ”
271 1417 338 1457 καὶ
367 1419 440 1457 τοῦ
467 1415 542 1468 μὲν
570 1415 721 1471 βορέου
750 1415 941 1464 πνέοντος
973 1413 1124 1470 δρόσος
1151 1412 1388 1467 κατάγεται,
1426 1416 1499 1454 τοῦ
1530 1412 1575 1454 δὲ

131 1482 253 1525 νότου
280 1482 411 1538 πάχνη
444 1484 605 1538 γίνεται.
665 1486 786 1524 Unde
809 1487 976 1524 uncinos
992 1486 1039 1524 iis
1067 1483 1246 1523 adhibui.
1272 1507 1322 1512 —
1354 1479 1414 1522 ὅτι
1440 1479 1574 1536 ὥσπερ

130 1554 295 1593 inverso
316 1555 460 1593 ordine
479 1555 530 1593 A.
551 1556 621 1593 Er.
641 1552 684 1593 P.
706 1555 747 1592 S.
768 1555 856 1592 Cas.
880 1574 934 1581 —
963 1549 1106 1592 εὐδία
1135 1552 1177 1590 h.
1199 1553 1227 1589 l.
1248 1551 1357 1589 idem
1377 1558 1447 1600 est,
1467 1551 1575 1602 quod

131 1615 411 1672 ἦθερμότηςῑ
441 1622 590 1660 calidus
611 1623 719 1660 enim
750 1627 810 1659 est
836 1626 982 1660 auster.
1041 1621 1126 1660 Cfr.
1150 1619 1347 1670 imprimis
1371 1619 1574 1659 Problem.

133 1689 310 1736 XXVI,
344 1692 409 1727 16.
442 1702 484 1740 p.
516 1689 621 1738 942,
651 1703 694 1727 a:
733 1685 890 1739 θερμὸς
919 1685 961 1727 ‹5'
985 1685 1070 1727 ἐστὶ
1101 1683 1168 1726 διὰ
1197 1684 1244 1726 τὸ
1274 1686 1500 1740 μίγνυσθαι
1528 1685 1575 1727 τὸ

133 1758 292 1806 πνεῦμα
319 1757 378 1810 τῷ
397 1753 501 1795 κατὰ
519 1753 689 1808 Λιβύην
721 1752 808 1808 ἀέρι
839 1758 985 1811 θερμῷ
1015 1752 1123 1796 ὄντι·
1164 1754 1230 1795 καὶ
1261 1753 1328 1794 διὰ
1356 1757 1479 1796 τοῦτο
1508 1770 1578 1806 με·

133 1819 377 1875 γαλοκύμων
406 1822 571 1872 νοτίζειν
600 1828 710 1863 ποιεῖ
736 1819 782 1863 τὸ
813 1822 956 1877 θέρος,
1006 1822 1214 1876 ἐμπίπτων
1242 1821 1283 1871 ἐς
1311 1821 1386 1876 τὴν
1415 1820 1578 1863 θάλατ-

133 1905 221 1930 ταν.
279 1891 435 1930 Eodem
467 1883 596 1930 modo'
615 1893 667 1931 de
694 1893 826 1931 calore
856 1899 1092 1945 usurpatum
1119 1899 1180 1931 est
1202 1893 1446 1931 vocabulum
1475 1892 1578 1932 illud

133 1959 239 2011 apud
269 1959 695 2011 Theophrastum
725 1961 775 1999 de
794 1962 1132 2012 causs.plantar.
1152 1963 1230 2010 m,
1252 1965 1320 2010 23,
1339 1965 1379 2000 3.
1407 1975 1449 2013 p.
1472 1957 1576 1999 488:

133 2024 328 2082 συμφέρει
368 2026 412 2067 δὲ
453 2026 730 2081 σπειρομένοις
773 2027 840 2068 καὶ
887 2034 1098 2082 σπαρεῖσιν
1144 2026 1281 2076 εὐδίας
1328 2027 1579 2082 ἐπιγίνεσθαι

91 2129 94 2132 .
133 2094 296 2142 πλείους
322 2090 496 2148 ἡμέρας,
531 2092 642 2143 ὅπως
671 2096 965 2147 διαβλαστῶσι·
994 2096 1098 2149 μετὰ
1127 2095 1171 2136 δὲ
1201 2099 1331 2136 ταῦτα
1358 2094 1471 2148 ψύχη
1502 2094 1578 2147 βό-

137 2176 224 2213 ρεια
255 2162 320 2202 καὶ
349 2161 494 2216 μέτρια
523 2161 648 2203 λεπτὰ
674 2166 890 2215 χειμῶνος,
922 2164 1098 2218 ἰσχυρῶς
1116 2163 1382 2217 ἔρριζομένων
1400 2162 1481 2216 ἤδη
1512 2163 1580 2203 καὶ

137 2227 397 2282 ἔρρωμένωνε
435 2237 476 2268 at
496 2231 617 2281 paulo
643 2239 732 2282 post
761 2231 868 2284 (III,
901 2236 979 2280 23,
1007 2234 1030 2271 5
1066 2246 1107 2284 p.
1131 2231 1256 2284 489):
1287 2228 1342 2279 ὧς
1373 2229 1414 2271 δ’
1440 2227 1580 2279 ἅπλῶς

136 2295 258 2336 εἷπεῖν
281 2292 310 2348 ἦ
341 2294 479 2349 ἀγαθὴ
514 2295 632 2350 χώρα
667 2297 732 2337 καὶ
768 2296 979 2349 χειμώνων
1011 2298 1137 2338 δεῖται
1165 2301 1348 2340 πολλῶν·
1401 2297 1472 2339 ἐὰν
1500 2297 1578 2353 γὰρ

137 2361 309 2403 εὐδίαι
340 2363 426 2403 καὶ
455 2360 515 2402 vd
544 2361 690 2404 νότια
720 2363 944 2417 ἒνισχύωσι,
976 2366 1166 2418 λοχαίους
1193 2370 1378 2407 ποιοῦσιν
1409 2363 1464 2414 ὡς
1493 2365 1580 2406 ἔπι-

135 2428 240 2477 πολὺ
268 2430 334 2471 καὶ
364 2428 653 2485 ἐρυσιρἰῦ()“«εις.>
696 2435 759 2472 De
787 2448 900 2474 mera
929 2436 1036 2474 enim
1067 2437 1164 2475 caeli
1202 2437 1417 2475 serenitate
1449 2450 1581 2489 neque

135 2498 214 2538 hoc
234 2500 338 2546 loco,
366 2514 495 2551 neque
515 2501 558 2538 in
576 2500 892 2552 Theophrasteis
910 2503 1046 2541 verbis
1066 2518 1198 2542 sermo
1217 2518 1301 2542 esse
1320 2510 1467 2556 potest,
1487 2519 1580 2544 cum

134 2573 270 2606 auster
297 2568 549 2619 potissimum
574 2569 680 2607 inter
705 2569 884 2621 reliquos
911 2578 1057 2610 ventos
1080 2572 1403 2624 frequentissime
1430 2579 1471 2611 et
1493 2573 1580 2612 fere

137 2647 300 2686 semper
319 2635 470 2674 imbres
491 2636 538 2673 ad
546 2635 676 2676 vehat.
708 2637 783 2675 cfr.
802 2639 1019 2677 Meteorol.
1039 2647 1120 2678 vet.
1143 2640 1212 2678 Gr.
1229 2648 1268 2678 et
1285 2636 1406 2678 Rom.
1423 2642 1496 2689 VI,
1509 2643 1578 2680 23.

138 2706 282 2762 P·.12⁰
300 2717 387 2755 sqq.
409 2727 459 2732 —
491 2701 544 2742 ἐκ
573 2704 665 2742 τοῦ
693 2706 954 2755 χειμῶνος
980 2706 1223 2746 vertendum
1244 2709 1286 2746 vi
1296 2708 1489 2761 fi·igoris
1507 2709 1578 2749 cfr.

137 2770 170 2817 Ι,
189 2770 255 2816 13,
275 2773 326 2809 6:
357 2767 404 2810 τὸ
435 2771 660 2824 συλλεχθὲν
690 2770 733 2811 ἐκ
762 2774 836 2811 τοῦ
860 2774 1073 2824 χειμῶνος.

252 2841 292 2877 7.
316 2835 723 2894 ἀντιπεριϊστάς
750 2841 821 2880 cfr.
834 2839 1056 2881 Meteorol.
1069 2850 1144 2882 vet.
1158 2843 1388 2882 Introduct.
1409 2858 1447 2896 p.
1463 2848 1487 2884 9
1502 2858 1578 2897 sqq
