1774 3198
314 357 410 400 550
531 353 982 401 COMMENTARIUS¹
1003 360 1062 398 IN
1089 360 1474 398 METEOROLOG
1482 387 1491 396 .

312 479 401 513 tunt
418 473 459 511 P.
477 473 514 510 S.
532 472 618 508 Cas.
630 490 684 497 --
705 465 879 508 ὃποσοῧν
893 476 970 520 pro
985 464 1169 507 ὁπωσοῦν
1179 470 1225 508 Γ.
1246 490 1300 499 --
1329 466 1489 523 ῥέοντος
1507 464 1602 507 εἶναι
1621 466 1707 508 οὐδ’

313 535 363 577 ἂν
383 535 452 576 ἐὰν
469 533 536 588 ἔχῃ
555 537 600 573 F.
622 540 662 573 et
679 535 786 574 Cam.
806 534 874 585 qui
891 541 1021 572 tamen
1039 535 1183 572 iustum
1201 537 1416 574 verborum
1433 535 1612 574 ordinem
1630 549 1714 573 sor-

399 685 575 727 ποὶζοντες
597 683 680 720 τοῦς
702 683 774 720 τῶν
791 687 1020 730 Κερκυραίων
1046 683 1179 720 παῖδας
1199 683 1295 721 οὗτοι
1318 685 1431 729 ἔχοιεν
1451 683 1596 731 τροφήν.
1642 683 1714 718 Iam

398 742 610 777 Reitzius
646 741 770 780 vitium
796 741 834 775 in
859 747 960 775 textu
989 743 1099 774 latere
1122 741 1313 784 suspicatus
1333 747 1405 784 est,
1438 747 1472 775 et
1495 741 1554 774 ubi
1577 741 1715 774 tandem

400 794 551 841 σῖρποῖζω
573 795 723 840 positum
750 803 802 830 est
825 807 888 840 pro
912 794 1119 840 ἁρπάζομαι
1144 796 1182 829 in
1203 807 1306 840 prosa
1329 796 1485 830 oratione
1509 803 1543 830 et
1565 796 1625 829 ubi
1651 794 1718 838 ἆρ-

401 850 601 895 παζᾶμενοι
624 862 687 896 pro
711 849 982 895 σῖρπασθέντεεῖ
1029 853 1087 894 Id,
1113 858 1277 896 quantum
1300 852 1459 896 equidem
1483 863 1606 898 graece
1630 851 1715 892 scio,

401 908 479 943 fieri
504 909 599 941 nulla
620 906 755 941 ratione
782 913 906 950 potest.
943 907 1100 947 Causam,
1124 919 1186 941 cur
1207 907 1366 940 librarius
1389 907 1547 950 quidam,
1569 908 1717 941 fortasse

401 969 483 997 ante
509 968 658 997 aetatem
682 963 868 1006 Plutarchi,
891 968 1008 996 textus
1031 963 1140 998 verba
1161 962 1490 1005 mutaverit,.facile
1513 968 1566 996 est
1584 962 1718 997 videre.

403 1019 653 1053 offendebatur
671 1018 943 1060 constructione,
970 1029 1058 1062 quae
1081 1029 1164 1052 sane
1189 1013 1434 1051 οἷνὰκόλουθος
1457 1023 1520 1060 est,
1544 1029 1622 1051 cum
1635 1027 1719 1061 pro-

401 1074 478 1118 prie
502 1073 724 1107 scribendum
750 1079 843 1107 esset
867 1074 1051 1107 Herodoto
1078 1071 1141 1106 ‘a'roe
1170 1069 1270 1106 αὐτοὶ
1293 1069 1513 1115 ἄρτι-σίζοντες
1533 1070 1614 1106 τούς
1634 1071 1719 1106 παῖ-

404 1126 469 1163 ὃας
491 1127 628 1163 τούτοις
653 1124 784 1162 &Bonane
809 1125 945 1171 τροφήν
967 1133 1025 1161 aut
1047 1126 1108 1160 ἵνα.
1130 1124 1366 1171 ἁρπαζόντων
1388 1125 1468 1161 τούς
1495 1125 1627 1161 παῖδας
1650 1122 1719 1159 αὗ-

402 1180 476 1218 τῶν
497 1180 596 1217 οὗτοι
620 1181 732 1224 ἔχοιεν
750 1179 897 1226 τροφήν.
942 1182 1000 1215 Ad
1024 1183 1266 1226 explicandam
1289 1188 1403 1215 autem
1426 1188 1631 1215 structuram
1653 1192 1719 1215 ne-

401 1250 499 1273 cesse
523 1243 576 1271 est
596 1239 779 1281 redeamus
802 1238 845 1270 ad
867 1236 952 1270 illud
977 1249 1086 1284 genus
1106 1237 1364 1279 anacoluthiae,
1388 1237 1447 1270 ubi
1471 1238 1581 1270 oratio
1605 1237 1719 1271 statim

403 1305 451 1327 ex
475 1293 590 1328 activo
612 1292 736 1326 transit
761 1293 799 1326 in
820 1288 1017 1336 passiviunss
1044 1292 1141 1326 cuius
1165 1292 1218 1326 rei
1241 1293 1440 1335 exemplum
1464 1298 1517 1325 est
1537 1292 1718 1325 Homeri

402 1353 443 1383 Π.
468 1346 521 1391 α’,
554 1349 618 1382 78:
658 1343 698 1381 ὃς
718 1347 812 1392 μέγα
842 1342 988 1381 πάντων
1016 1344 1182 1391 Ἀργείων
1206 1348 1347 1390 κρατέει
1380 1348 1445 1381 καί
1466 1344 1503 1381 οἵ
1521 1348 1718 1381 πείθονται

400 1400 556 1446 Ἀχαιοί,
581 1414 648 1448 qua
663 1403 706 1436 de
723 1413 762 1436 re
783 1402 848 1436 cfr.
870 1394 1102 1435 Heind'orf.
1126 1402 1170 1434 ad
1192 1402 1361 1435 Platon·
1377 1405 1482 1444 Hipp.
1496 1405 1571 1436 mai.
1589 1415 1624 1446 p.
1638 1402 1715 1437 145.

402 1460 446 1492 ad
471 1460 571 1501 Gorg.
599 1470 632 1502 p.
644 1460 720 1492 220.
748 1458 917 1491 Theaetet.
941 1470 975 1501 p.
985 1459 1063 1491 302.
1081 1459 1157 1491 371.
1186 1457 1481 1491 Bornemann.
1504 1459 1547 1491 ad
1569 1460 1718 1492 Xeno-

400 1515 555 1559 phont.
584 1515 716 1548 Conviv.
741 1512 849 1556 VIII,
874 1514 928 1546 17.
970 1512 1243 1547 Schneider
1274 1513 1316 1545 ad
1338 1513 1545 1556 Xenoph.
1570 1515 1717 1546 Anabas.

390 1573 430 1614 vI,
449 1576 482 1615 1,
504 1575 536 1606 2.
571 1569 825 1605 Stallbaum
848 1568 891 1600 ad
916 1569 1095 1601 Platon.
1119 1569 1339 1610 Euthyphron.
1362 1579 1397 1610 p.
1417 1566 1483 1610 42,
1514 1569 1648 1601 Iacob
1675 1569 1718 1601 ad

402 1626 586 1660 Lucian.
625 1625 784 1658 Toxarid.
817 1634 849 1656 c.
873 1622 928 1657 40.
956 1635 989 1666 p.
1016 1623 1091 1656 125.
1115 1624 1195 1664 ¹De
1217 1621 1348 1655 Latinis
1377 1622 1460 1658 vide
1490 1622 1651 1656 Bremi
1684 1628 1720 1656 et

403 1683 582 1716 Gorenz
606 1680 650 1713 ad
676 1678 770 1713 Cic.
793 1679 835 1711 de
851 1679 915 1718 fin.
929 1679 974 1719 11,
987 1680 1020 1714 2.
1045 1678 1284 1722 Wopkens.
1302 1681 1407 1712 Lecti.
1428 1681 1570 1712 Tullian.
1594 1690 1628 1721 p.
1643 1678 1718 1712 105.

399 1736 752 1772 Drakenborch
776 1735 820 1767 ad
841 1734 920 1767 Liv.
944 1734 1071 1775 XXII,
1095 1733 1129 1767 6.
1171 1732 1411 1766 Heindorf
1438 1734 1480 1766 ad
1507 1733 1717 1771 Ciceron.

402 1794 444 1826 de
464 1794 510 1826 N.
533 1795 579 1826 D.
607 1793 651 1825 ΙΙ.
673 1792 730 1825 53.
775 1790 894 1823 Held
918 1790 960 1822 ad
985 1787 1107 1822 Caes.
1132 1789 1173 1821 «le
1194 1791 1238 1821 B.
1266 1790 1334 1822 Civ.
1358 1790 1386 1829 Ι,
1410 1791 1476 1823 32.,
1512 1788 1633 1834 Cogita
1654 1800 1719 1833 pro

357 1878 360 1883 ,
400 1848 513 1881 verbo
535 1846 632 1880 finito
655 1849 823 1889 sequente
845 1845 910 1876 καί
929 1842 1097 1885 particula
1119 1842 1283 1886 scriptum
1303 1855 1380 1877 esse
1398 1844 1615 1888 participium
1633 1857 1719 1889 κρα-

400 1899 492 1936 τέων
521 1907 556 1935 et
587 1900 735 1934 similem
756 1900 963 1932 haberemus
987 1895 1274 1940 α’νακολουθίαν,
1310 1900 1445 1941 qualem
1471 1901 1540 1932 hoc
1565 1901 1645 1932 loco
1670 1910 1718 1932 ex

401 1967 479 1991 mea
501 1958 622 1990 saltem
645 1954 846 1988 coniectura
868 1953 1071 1996 reperimus.
1115 1953 1260 1995 Proprie
1277 1952 1381 1998 igitur
1400 1953 1621 1987 scribendum
1645 1960 1718 1988 erat

403 2012 467 2047 ἵνα
500 2007 693 2056 ἁρπάζοιεν
724 2006 800 2043 τοὶ-ς
824 2004 958 2041 παῖδας
988 2010 1046 2040 καὶ
1074 2003 1170 2040 οὗτοι
1193 2007 1307 2048 ἔχοιεν
1329 2007 1476 2052 τροφήν.
1522 2009 1594 2043 cfr.
1618 2011 1717 2043 locos

404 2066 641 2102 Herodoti
664 2066 771 2107 tales,
797 2064 916 2107 quales
941 2063 1009 2104 111,
1032 2064 1099 2096 31:
1132 2057 1313 2106 εἰρομένου
1330 2058 1392 2096 οὖν
1416 2061 1480 2097 τοῦ
1501 2061 1718 2107 Καμβῦσεω,

402 2118 630 2166 ὑπεκρίνοντο
656 2117 752 2162 adra?
783 2124 818 2152 et
845 2115 901 2152 ⁴adi
925 2116 1341 2163 Schweighaeuser
1365 2119 1409 2151 ad
1434 2120 1470 2161 Ι,
1494 2122 1528 2153 2.
1559 2132 1593 2162 p.
1611 2121 1631 2153 6
1659 2120 1716 2152 ed.

409 2179 439 2211 G
453 2178 646 2214 aissord.
710 2175 824 2209 Possit
855 2173 959 2207 alicui
989 2171 1102 2207 videri
1138 2172 1326 2207 obversare
1364 2184 1462 2207 meae
1501 2174 1720 2208 coniecturae

403 2233 633 2279 Diogenis
656 2231 712 2263 La
723 2229 833 2263 ertii
857 2230 957 2262 locus
985 2228 1168 2270 (Periandr.
1190 2228 1219 2269 Ι,
1243 2229 1276 2269 7,
1294 2228 1358 2269 2),
1386 2239 1405 2261 a
1423 2231 1531 2272 nullo,
1556 2236 1717 2273 quantum

402 2288 563 2332 equidem
595 2286 690 2329 scio,
735 2285 925 2327 interprete
959 2284 1126 2317 collatus:
1170 2279 1240 2326 ἤδη
1272 2278 1371 2315 δ”ἐν
1399 2281 1491 2328 γήρᾳ
1520 2280 1716 2326 καθεστώς,

402 2344 649 2386 μετεπέμπετο
674 2336 787 2374 αὖτόν
814 2334 901 2382 (τὸν
921 2336 1021 2379 ὗιόν)
1035 2364 1046 2381 ,
1073 2334 1170 2371 ὅπως
1192 2334 1391 2384 παραλάβῃ
1414 2338 1481 2381 τήν
1504 2336 1715 2383 τυραννίδα·

402 2392 444 2430 ὃν
467 2394 677 2440 φθάσαντες
707 2393 743 2430 οἱ
767 2395 986 2438 Κερκυραῖοι
1008 2390 1237 2436 διεχρήσαντο
1258 2389 1351 2426 ὅθεν
1372 2390 1555 2436 ὀργισθεὶς
1576 2392 1716 2435 ἔπεμψε

402 2450 482 2486 τοὺς
508 2449 639 2486 παῖδας
663 2447 782 2485 αὗτῶν
811 2447 902 2494 πρὸς
929 2445 1129 2490 Ἀλυάττην
1163 2443 1230 2481 ἐπ’
1257 2446 1401 2494 ἐκτομῇ.
1440 2444 1655 2491 προσχούσης
1678 2444 1716 2480 δὲ

405 2504 469 2549 τῆς
491 2504 577 2540 νεώς
592 2504 717 2550 Σάμῳ,
741 2502 983 2539 ἱκετεύσαντες
1006 2500 1073 2546 τὴν
1088 2498 1217 2546 ἽῙραν,
1240 2499 1312 2536 ὑπὸ
1330 2501 1402 2537 τῶν
1423 2503 1573 2544 Σαμίων
1593 2498 1716 2535 διεσώ-

404 2562 526 2603 θησαν
549 2578 614 2604 —‚
653 2562 717 2594 sed
738 2560 768 2594 is
792 2559 915 2603 procul
947 2558 1052 2591 dubio
1079 2559 1198 2591 locum
1219 2556 1289 2590 iam
1310 2563 1383 2591 tum
1407 2556 1568 2600 temporis
1594 2567 1717 2590 corru-

403 2620 499 2658 ptum
523 2621 602 2649 ante
629 2618 752 2650 oculos
774 2614 905 2648 habuit.
951 2613 1003 2645 Ita
1024 2622 1096 2645 non
1119 2612 1288 2647 dubitavit
1318 2611 1561 2646 Bentleius
1594 2617 1714 2645 contra

403 2669 478 2704 Pri
490 2669 637 2705 seiani
661 2669 899 2705 auctoritatem
917 2668 1100 2702 emendare
1119 2668 1235 2702 locum
1256 2666 1434 2701 Horatii
1463 2667 1527 2699 od.
1545 2667 1607 2708 111,
1623 2669 1677 2709 17,
1692 2670 1713 2699 2

407 2730 441 2758 et
461 2726 763 2759 Buttmannus
788 2724 892 2767 (apud
915 2723 1065 2756 ldeler
1094 2725 1198 2756 Ueber
1219 2723 1279 2755 den
1307 2725 1473 2763 Ursprung
1490 2722 1556 2753 mul
1578 2723 1630 2754 die
1646 2725 1713 2755 Be-

406 2780 546 2819 «leutung
569 2781 627 2813 der
651 2782 857 2813 Stcmnamen
879 2790 914 2821 p.
935 2776 1059 2820 XX),
1093 2776 1283 2811 Aratum
1308 2776 1547 2812 emendatione
1570 2777 1714 2819 quadam
