1774 3198
437 330 656 372 LIBRUM
684 326 926 368 PRIMUM.
985 326 1107 366 CAP.
1128 326 1209 368 XI.
1264 333 1270 339 ·
1448 317 1545 362 433

105 447 357 500 praeberem,
383 445 541 498 qualem
560 442 928 492 Schneiderus,
959 454 1050 480 cum
1070 453 1177 479 nova
1204 439 1333 492 capita
1351 453 1374 478 a
1390 440 1546 492 vulgari

105 516 262 554 ratione
282 513 540 552 abhorrentia
557 513 601 551 in
621 510 1013 565 Theophrasto,
1043 508 1352 557 Aristotele,
1381 509 1547 560 aliisque

104 583 371 636 scriptoribus
391 581 620 633 refingeret,
648 579 757 633 quod
775 593 894 632 saepe
910 578 1047 630 inique
1065 576 1153 617 tuli.
1212 576 1545 628 coniungendam

104 657 191 691 erat
215 650 476 690 undecimum
506 655 621 701 caput
650 662 742 687 cum
768 654 1018 699 antegressO,
1055 657 1229 696 quocum
1251 644 1449 684 artissime
1476 659 1546 684 co-

104 720 257 758 haeret.
317 717 516 770 Equidem
544 716 670 756 verba
699 722 854 756 tantum
894 709 992 754 αὐτὸ
1025 710 1069 752 de*
1097 708 1144 753 τὸ
1178 708 1292 767 ὕδωρ
1321 709 1370 752 οὐ
1398 709 1548 767 πήγνυ-

104 802 197 838 ται,
237 781 428 839 καθάπερ
459 783 502 824 ἐν
531 786 590 841 τῷ
620 782 710 839 περὶ
737 780 790 824 τὰ
819 779 920 837 νέφη
959 777 1074 837 τόπῳ
1111 782 1154 821 in
1191 780 1268 820 hoc
1307 788 1426 834 caput
1462 788 1547 821 tra-

105 856 238 896 henda
267 855 380 894 duxi.

220 928 258 963 1.
287 924 421 962 κεῖθεν
453 920 637 959 dedimus
665 933 755 958 cum
784 921 830 959 Ε.
889 920 1043 958 Omnes
1065 917 1211 971 reliqui
1238 917 1355 957 codd.
1386 923 1427 957 et
1455 916 1548 956 edit.

103 993 300 1045 praebent
330 989 498 1030 ἐκεῖθεν.
532 1013 582 1018 -
633 984 702 1027 διὰ
730 984 804 1040 τὴν
832 987 943 1040 τῆξιν
973 1001 1096 1039 supra
1122 986 1254 1039 posito
1273 980 1398 1037 ψύξιν
1416 987 1462 1026 F.
1496 1009 1546 1015 —

105 1059 177 1100 καί
201 1067 292 1099 ante
309 1055 422 1112 ὕδωρ
440 1057 667 1107 addidimus
688 1070 780 1096 cum
792 1058 840 1096 E.
871 1079 924 1086 —-
954 1057 1086 1095 Possit
1103 1055 1244 1106 aliquis
1260 1051 1340 1092 hoc
1359 1053 1448 1093 loco
1471 1067 1548 1106 pro

103 1124 218 1180 ὕδωρ
249 1128 494 1167 vocabulum
523 1120 641 1171 ὓετός
671 1131 925 1176 exspectare,
965 1123 1204 1176 praesertim
1239 1133 1331 1160 cum
1361 1126 1550 1172 sequatur

106 1196 254 1235 deinde
280 1194 346 1235 καὶ
376 1190 496 1241 ὖετός
524 1191 590 1233 καὶ
620 1188 784 1246 δρόσος.
862 1191 967 1238 Sed,
1004 1197 1051 1230 ut
1080 1196 1279 1229 taceamus
1315 1185 1429 1241 ὕδωρ
1474 1203 1548 1242 pro

105 1265 289 1317 pluvia
316 1262 504 1314 usurpari
524 1268 564 1300 et
582 1261 630 1299 ab
647 1261 736 1312 ipso
755 1259 1054 1300 Aristotele
1084 1264 1125 1298 et
1141 1273 1164 1297 a
1190 1256 1548 1309 Theophrasto

106 1334 228 1386 Hist„
237 1333 377 1383 plant.
398 1333 470 1377 III,
491 1333 530 1380 1,
559 1333 596 1369 6.
627 1343 666 1382 p.
684 1331 738 1367 68
759 1341 841 1380 sq.:
871 1325 1031 1378 ἐνιαχοῦ
1062 1324 1107 1366 δὲ
1135 1324 1202 1366 καὶ
1231 1321 1395 1366 ὑδάτων
1425 1324 1549 1380 ἐπιγι-

102 1399 283 1452 νομένων
312 1393 522 1452 ῗδιώτερον
553 1394 758 1437 ἀνατεῖλαι
786 1392 888 1448 ῧλης
916 1397 1101 1448 πλῆθος,
1143 1390 1278 1447 ὥσπερ
1312 1392 1354 1433 ἓν
1380 1391 1550 1448 Κυρήνῃ

103 1465 331 1514 πιττώδους
357 1463 467 1513 τινὸς
494 1463 710 1519 γενομένου
741 1463 807 1504 καὶ
840 1461 1010 1515 παχέος,
1060 1463 1242 1516 quamvis
1284 1462 1433 1513 ubique
1463 1463 1551 1501 fere

103 1537 198 1576 alias
219 1536 370 1575 addere
386 1535 514 1574 soleat
537 1531 580 1573 ἐκ
600 1530 703 1580 Διός
733 1531 866 1586 (Hist.
887 1533 946 1583 pl.
975 1535 1025 1581 H,
1046 1535 1084 1580 6,
1107 1535 1145 1570 5.
1174 1544 1215 1582 p.
1237 1532 1303 1570 57.
1334 1531 1426 1575 VH,
1448 1531 1492 1579 5,
1510 1533 1550 1569 2.

103 1617 144 1655 p.
166 1606 262 1643 235.
292 1605 404 1652 VIII,
423 1606 464 1651 7,
487 1607 524 1641 3.
554 1616 593 1653 p.
614 1604 712 1641 271.
745 1601 794 1638 de
816 1613 955 1638 causs-
976 1601 1039 1649 pl.
1071 1600 1112 1648 Ι,
1137 1601 1212 1646 19,
1234 1600 1272 1638 5.
1301 1610 1342 1649 p.
1363 1599 1459 1636 377.
1498 1599 1549 1646 II,

107 1674 154 1719 6,
182 1674 221 1708 1.
253 1684 291 1722 p.
312 1669 408 1708 401.
450 1671 533 1718 ΙΙΙ,
555 1674 603 1717 9,
624 1671 663 1707 5.
691 1682 732 1720 p.
755 1671 851 1707 760.
881 1669 960 1714 III,
980 1669 1026 1716 8,
1047 1670 1085 1705 3.
1113 1679 1155 1717 p.
1179 1664 1304 1715 458),
1341 1663 1450 1717 quod
1475 1663 1552 1703 hoc

106 1744 216 1776 certe
243 1743 384 1776 nostro
412 1738 502 1776 loco
527 1749 692 1789 prorsus
719 1736 828 1774 foret
845 1736 1049 1787 ineptum,
1079 1739 1189 1772 certa
1211 1739 1298 1772 erat
1313 1745 1449 1789 eausa,
1479 1745 1552 1772 cur

106 1807 228 1844 Arist,
255 1801 367 1858 ὕδωρ
392 1805 604 1851 scriberet,
632 1804 826 1843 nimirum
846 1810 892 1842 ut
920 1801 1167 1854 liquidam
1196 1813 1339 1853 aquam
1359 1813 1414 1838 ex
1431 1800 1552 1840 nubi-

106 1873 179 1912 bus
201 1871 469 1920 defluentem,
496 1871 636 1924 r1g1d
650 1886 702 1911 ae
732 1870 835 1923 (nivi
856 1877 897 1910 et
912 1867 1114 1923 grandini)
1146 1874 1381 1922 opponeret.
1402 1891 1452 1897 -
1486 1882 1552 1907 και

105 1942 164 1981 τιό
184 1932 377 1992 ηπονΝ.
433 1942 563 1980 Male:
583 1940 679 1980 vide
693 1941 860 1992 supraL
883 1939 920 1988 4,
941 1940 986 1975 1:
1017 1934 1197 1991 διαφέρει
1231 1934 1276 1975 δὲ
1305 1937 1364 1991 τῷ
1393 1935 1551 1986 μᾶλλον

105 2023 172 2048 και
201 2007 338 2060 ἥττονι
368 2031 425 2037 -
481 2009 550 2048 Ad
573 2008 699 2048 verba
727 2004 827 2046 αὐτὸ
859 2004 904 2046 δὲ
930 2002 977 2046 τὸ
1007 2002 1121 2059 ὓδωρ
1152 2001 1199 2045 οὗ
1230 2000 1450 2057 πήγνυται,
1481 2018 1552 2043 κα-

108 2072 243 2130 θάπερ
273 2074 315 2115 ἓν
345 2078 403 2116 τῶ
433 2075 522 2130 περὶ
550 2074 602 2116 τὰ
635 2073 736 2130 νέφη
767 2072 880 2115 τόπω
918 2075 1022 2113 bene
1059 2080 1198 2112 monet
1224 2072 1553 2112 Vicomerca-

108 2150 210 2183 tus:
243 2145 346 2183 Cum
371 2159 510 2184 rorem
536 2153 576 2183 et
592 2147 797 2196 pruinam
820 2158 900 2182 non
920 2144 965 2181 in
982 2156 1028 2180 eo
1048 2142 1148 2187 loco,
1167 2142 1214 2178 in
1231 2154 1308 2191 quo
1320 2139 1376 2192 fit
1392 2138 1553 2188 pluvia,

106 2210 183 2248 sed
205 2212 251 2248 in
270 2211 473 2261 inferiori
484 2214 711 2263 procreari
727 2211 953 2259 docuisset,
986 2222 1096 2247 nune
1118 2208 1275 2254 tradit,
1300 2206 1487 2259 pluviam
1508 2206 1553 2244 in

108 2279 217 2316 roris
236 2285 277 2315 et
288 2280 476 2328 pruinae
499 2287 616 2317 ortus
639 2280 727 2317 loco
748 2292 834 2317 non
842 2277 966 2325 fieri,
997 2275 1070 2312 sed
1088 2277 1134 2312 in
1151 2276 1223 2313 illo
1238 2275 1460 2324 superiori,
1479 2275 1552 2324 qui

108 2346 223 2384 loeus
248 2354 307 2383 est
326 2344 512 2385 nubium.
543 2346 609 2384 Ab
628 2361 674 2384 eo
692 2353 836 2385 autem
853 2358 938 2382 non
951 2343 1147 2394 pluviam
1164 2342 1310 2388 solum,
1327 2340 1403 2378 sed
1416 2341 1554 2378 nivem

109 2427 272 2465 quoque
293 2420 334 2451 et
350 2414 610 2465 grandinem
628 2413 858 2467 proficisci.
917 2411 983 2450 De
1003 2410 1099 2448 nive
1126 2409 1246 2461 paulo
1274 2409 1391 2447 aliter
1419 2408 1555 2446 statuit

110 2482 299 2520 Seneca
330 2483 503 2532 Quaest.
526 2489 618 2520 nat.
645 2483 718 2530 IV,
740 2484 786 2519 3:
815 2481 895 2518 nix
920 2500 971 2508 —
991 2492 1074 2515 non
1087 2491 1168 2527 per
1185 2489 1388 2528 magnam
1408 2475 1554 2514 altitu-

110 2548 250 2588 dinem
276 2549 415 2596 cadit,
445 2551 521 2588 sed
539 2551 657 2587 cirea
677 2557 815 2586 terras
839 2548 1012 2584 initium
1034 2547 1122 2582 eius
1144 2552 1219 2582 est.

225 2621 264 2655 2.
287 2617 439 2655 Nostra
458 2623 587 2656 aetate
605 2617 678 2656 vix
698 2629 799 2667 opus
822 2620 883 2652 est
902 2613 1065 2660 addere,
1086 2612 1230 2651 falsum
1253 2625 1337 2649 esse
1353 2611 1554 2651 Aristo-

111 2683 212 2723 tele
225 2698 265 2723 m
278 2714 290 2734 ,
321 2699 413 2724 cum
435 2686 552 2724 unice
571 2683 792 2724 secundum
810 2695 935 2734 aquae
958 2685 1168 2733 generatae
1188 2679 1450 2731 quantitatem
1477 2679 1554 2717 im-

113 2751 227 2790 brem
246 2765 462 2804 roremque
483 2753 647 2792 differre
669 2756 840 2790 censeat.
882 2749 1055 2790 Meliora
1075 2747 1222 2786 deinde
1238 2745 1351 2785 addit
1366 2752 1406 2786 et
1421 2760 1473 2785 ex
1493 2746 1554 2795 iis,

112 2832 213 2870 quae
228 2819 306 2858 iam
326 2826 442 2859 autea
462 2820 633 2870 dixerat,
654 2823 968 2871 consequuntur,
998 2823 1210 2867 utramque
1229 2828 1370 2867 aquam
1392 2814 1555 2853 differre

1044 2876 1096 2912 28
