1812 3158
457 346 680 387 LIBRUM
707 347 948 387 PRIMUM.
1006 346 1126 387 CAP.
1154 349 1207 389 V.
1471 341 1563 386 375

124 457 330 511 (Diosem.
359 460 447 512 90.)
488 461 701 513 vestigium
731 458 1063 511 deprehenditur.
1109 460 1218 502 Vide
1238 463 1412 501 llleteor.
1435 470 1560 501 veter.

121 529 180 578 X,
200 527 265 568 49.
294 534 379 566 not.
401 532 439 568 7.
470 543 512 582 p.
532 534 610 568 201
638 543 695 582 sq.

235 599 273 635 1.
307 592 465 649 οὔσης
493 597 602 650 quod
627 597 773 648 reliqui
792 596 998 648 praebent,
1028 596 1294 649 adstipulante
1322 598 1558 639 Bekkero

118 664 268 702 omittit
297 666 346 703 Ε.
379 671 425 703 ut
447 666 554 704 iufra
574 666 612 714 1,
641 669 716 714 10,
736 668 785 703 2:
823 662 970 716 γίνεται
1001 660 1044 702 δ’
1070 660 1196 718 ἄμφω
1225 654 1395 719 αἶθριάς
1421 681 1463 707 τε
1491 666 1557 706 καὶ

117 729 319 782 νηνεμίας.
362 732 447 771 Cfr.
469 732 520 771 de
539 733 752 771 omissione
770 732 970 784 participii
999 733 1046 770 M
1054 731 1180 770 atth.
1212 733 1284 772 Gr.
1301 749 1369 786 gr.
1397 737 1431 780 §.
1458 739 1554 775 6⁴53.

114 804 198 837 not.
231 799 351 838 Tom.
374 801 429 839 II.
457 814 500 853 p.
521 804 643 839 1111.
702 801 784 840 Sed
814 799 983 852 αἰθρίας
1013 796 1140 852 οὔσης
1166 800 1314 851 legitur
1338 804 1401 852 ΙΙ,
1425 806 1465 851 S,
1489 807 1554 843 28.

110 867 166 914 ΙΙ,
190 870 226 915 9,
252 870 321 906 13.
362 869 465 907 Mox
495 863 581 908 οἷον
604 865 802 920 χάσματά
830 882 873 907 τε
901 864 1075 918 βόθυνοι
1107 866 1173 906 καὶ
1204 865 1416 922 αἱματώδη
1442 867 1554 923 χρώ-

108 947 221 983 ματα
244 935 391 973 omisso
417 935 489 974 καί
507 937 558 975 A.
615 938 681 975 Dc
700 936 902 975 chasmate
923 941 962 974 ct
979 937 1191 987 sanguinea
1213 937 1311 975 caeli
1333 939 1466 990 specie
1487 939 1554 978 adi

106 1002 342 1040 Plinium
373 1001 539 1042 IIistor.
559 1012 703 1042 natur.
730 1006 792 1053 ΙΙ,
818 1007 872 1043 26
894 1017 953 1055 sq.
1013 1005 1191 1042 Sencc.
1221 1005 1384 1055 Quaese.
1409 1014 1500 1045 nal.
1523 1009 1552 1055 Ι,

110 1068 174 1116 14,
195 1074 244 1108 2:
278 1071 385 1108 Sunt
401 1072 642 1121 elzasmata,
673 1085 768 1109 cum.
786 1072 1018 1123 aliquando
1037 1072 1149 1110 caeli
1165 1074 1353 1122 spatium
1373 1073 1551 1111 discedit

106 1144 146 1172 et
155 1138 388 1186 stammam
410 1139 628 1176 dehiscens
643 1140 755 1177 velut
771 1140 817 1176 in
835 1139 1079 1177 abscon-clito
1099 1147 1295 1177 ostentat.
1317 1139 1430 1179 Idem
1451 1154 1550 1179 mox

104 1203 155 1241 do
179 1205 389 1257 bothynis:
429 1208 536 1244 Sunt
563 1205 784 1257 bothynoe,
821 1219 916 1243 cam
939 1207 1049 1244 velut
1075 1219 1235 1244 corona
1260 1209 1457 1259 cingente
1479 1191 1547 1247 ιῖηζ

102 1278 263 1309 trorsas
283 1275 430 1323 igneus
450 1274 566 1312 caelo
585 1288 772 1311 recessus
792 1281 854 1311 est
867 1274 1018 1311 similis
1034 1289 1054 1312 e
1050 1274 1216 1326 ſj'ossae
1235 1276 1282 1312 in
1298 1273 1435 1313 orbem
1451 1289 1547 1326 spe-

99 1339 260 1378 laneae.
291 1340 386 1391 Adi,
405 1357 524 1394 quem
544 1341 680 1380 laudat
697 1341 922 1393 Ruhkop
937 1342 974 1390 f,
1005 1343 1260 1381 VVetsten.
1289 1342 1342 1381 ad
1361 1344 1440 1382 Ma
1453 1343 1543 1382 tth.

99 1407 209 1453 XII,
239 1411 305 1447 11.
338 1410 437 1458 XV,
463 1410 524 1448 14.
552 1432 610 1439 —
646 1406 776 1449 αἴτιον
807 1407 852 1448 δὲ
879 1406 943 1447 ἐπὶ
972 1406 1131 1449 τούτων
1160 1412 1208 1449 F.
1230 1411 1286 1448 II.
1311 1411 1365 1449 N.
1394 1407 1543 1450 ἀἴτιον

99 1472 144 1512 ὸέ
173 1474 238 1513 καὶ
269 1474 332 1514 ἐπὶ
362 1474 520 1516 τούτων
549 1476 594 1516 Ρ.
617 1479 660 1516 S.
683 1478 770 1517 Cas.
799 1491 929 1515 caasa
950 1485 1092 1515 autem
1112 1485 1151 1515 et
1171 1479 1218 1514 in
1237 1477 1307 1514 his
1327 1480 1422 1530 Bag.
1461 1479 1542 1518 Pro

98 1541 161 1580 ἐπὶ
181 1545 290 1582 Cam.
309 1543 432 1582 habet
450 1541 520 1583 ἔτι.
546 1566 603 1572 -
639 1546 844 1596 Deinceps
866 1541 949 1583 ἄνω
972 1540 992 1582 ὃ
1013 1540 1095 1596 ἀήρ
1117 1545 1171 1583 Ν.
1202 1539 1223 1582 ὃ
1242 1539 1321 1596 ἀήρ
1344 1540 1365 1584 ὃ
1387 1541 1472 1585 ἄνω
1488 1546 1552 1586 A}

98 1611 206 1647 Cam.
232 1612 302 1649 Er.
329 1613 372 1650 P.
393 1613 434 1650 S.
461 1613 548 1650 Cas.
588 1634 645 1641 —
685 1606 752 1650 ὁτὲ
782 1609 823 1650 ‹5‘
850 1606 936 1650 οἷον
967 1607 1120 1657 ὁαλούς
1147 1609 1370 1664 φαίνεσθαι
1402 1614 1457 1652 Η.
1482 1614 1537 1653 Ν.

96 1699 152 1706 --
182 1672 203 1715 ὃ
233 1674 357 1724 αὐτὸς
382 1675 461 1731 ἀήρ
499 1679 646 1717 omisso
675 1671 795 1726 οὗτος
823 1681 868 1718 Ε.
891 1679 942 1718 Α.
965 1680 1035 1717 Er.
1071 1699 1124 1706 -ψ
1183 1679 1372 1731 Denique
1395 1678 1540 1731 χροίας

95 1748 153 1784 Μ.
182 1759 273 1783 cum
295 1746 488 1785 exhibere
510 1748 638 1786 vellet
653 1743 812 1797 χροιάς.
844 1747 918 1785 cfr.
948 1747 976 1785 S
991 1745 1210 1785 chacfer
1237 1746 1290 1785 ad
1317 1748 1536 1799 Gregor.

93 1813 331 1852 Corinth.
352 1828 392 1866 p.
408 1819 504 1853 221.
538 1816 767 1853 Creuzer
786 1814 838 1852 ad
858 1812 1048 1852 Plotin.
1069 1814 1306 1863 depulerit.
1325 1828 1367 1866 p.
1384 1818 1478 1855 195.

203 1885 243 1920 2.
274 1878 520 1934 πυκνότερον
542 1882 673 1934 prima
692 1895 814 1921 manu
832 1883 886 1921 N.
918 1881 1033 1920 Idem
1054 1878 1268 1931 δεχόμενος
1287 1878 1367 1935 ἀήρ
1388 1883 1533 1921 omisso

88 1949 270 1987 articulo.
329 1951 542 1989 Caeterum
571 1963 653 1987 non
673 1949 724 1987 de
742 1949 944 1988 coloribus
961 1948 1237 2000 cogitandum,
1270 1963 1369 2000 quos
1389 1950 1532 1989 habeat

87 2029 134 2054 ro
156 2030 253 2055 vcra
271 2016 363 2066 azir,
392 2017 465 2056 sed
487 2031 585 2069 quos
609 2018 820 2069 praebeat,
851 2024 896 2056 ut
916 2017 1147 2057 videntibus
1165 2023 1397 2068 appareant.
1427 2019 1529 2057 Cum

88 2084 195 2123 enim
223 2085 273 2122 de
295 2098 418 2122 sensu
445 2092 485 2122 et
510 2086 655 2122 sensili
684 2099 719 2123 c.
746 2090 783 2124 3.
812 2100 854 2138 p.
880 2085 984 2136 439,
1006 2099 1028 2123 a
1058 2085 1187 2123 dicat:
1232 2079 1257 2135 ἢ
1287 2086 1362 2124 τοῦ
1390 2082 1528 2138 φωτὸς

89 2147 211 2202 φύσις
239 2150 281 2189 ἐν
311 2148 488 2205 ἀορίστῳ
519 2154 577 2206 τῷ
609 2152 803 2205 διαφανεῖ
835 2151 963 2192 ἔστιν·
1012 2154 1086 2192 τοῦ
1115 2149 1158 2190 δ”
1183 2149 1226 2190 ἒν
1253 2155 1340 2198 τοῖς
1367 2149 1526 2203 σώμασι

90 2216 313 2270 διαφανοῦς
340 2215 386 2257 τὸ
417 2215 604 2268 ἔσχατον,
636 2215 699 2259 ὅτι
728 2218 804 2270 μὲν
833 2218 892 2272 εἴη
924 2217 972 2259 ἄν
993 2235 1051 2268 τι,
1082 2219 1227 2270 δῆλον,
1259 2214 1321 2258 ὅτι
1341 2216 1386 2257 δὲ
1413 2217 1519 2258 τοῦτ’

88 2282 173 2323 ἐστὶ
202 2281 250 2323 τὸ
274 2286 422 2338 χρῶμα
451 2283 495 2323 ἐκ
521 2287 603 2324 τῶν
633 2284 941 2337 συμβαινόντων
979 2283 1156 2340 ([ανερόν
1195 2307 1252 2314 -—
1294 2291 1427 2338 patet,
1462 2287 1522 2325 issi

85 2353 290 2399 materiae,
321 2356 445 2404 quam
463 2346 700 2403 ὑπέκκαυμα
718 2355 899 2403 vocavit,
928 2368 1073 2393 verum
1090 2353 1268 2391 colorem
1288 2353 1418 2391 inesse
1439 2366 1522 2392 non

85 2433 213 2471 posse.
269 2421 335 2458 Du
340 2420 486 2470 plieem
506 2433 606 2457 vero
626 2421 790 2458 omniuo
811 2435 968 2460 causam
986 2421 1181 2472 proponit
1198 2421 1381 2458 colorum
1399 2433 1522 2472 appa-

84 2488 280 2535 rentium,
309 2488 475 2524 alteram
496 2482 664 2525 ἔλαττον
683 2488 773 2540 φῶς
800 2483 867 2526 διὰ
895 2485 1144 2540 πυκνοτέρου
1175 2484 1320 2540 [ἀέρος]
1355 2485 1520 2541 διαφαι-

86 2550 275 2605 νόμενον,
313 2554 480 2592 alteram
505 2550 578 2592 τὸν
609 2550 709 2606 ἀέρα
737 2551 957 2593 ἀνάκλασιν
986 2551 1224 2605 δεχόμενον,
1253 2568 1420 2606 quarum
1441 2569 1518 2607 po-

86 2623 323 2670 steriorem,
362 2622 435 2659 etsi
466 2634 547 2659 non
577 2621 744 2672 quadrat
772 2622 815 2659 in
837 2620 1136 2673 phaenomena,
1175 2621 1225 2660 de
1251 2621 1394 2672 quibus
1423 2621 1462 2660 h.
1485 2623 1514 2661 l.

87 2702 218 2727 sermo
239 2696 312 2736 est,
341 2689 673 2727 commemoravit
692 2695 846 2736 tamen,
875 2703 968 2727 cum
990 2689 1097 2727 infra
1116 2689 1219 2727 libro
1241 2690 1359 2728 tertio
1379 2689 1429 2727 de
1447 2704 1516 2727 co-

87 2754 240 2795 loribus
258 2756 332 2796 hac
349 2770 464 2795 causa
484 2756 715 2807 provocatis
735 2761 895 2795 acturus
914 2757 978 2795 sit.
1034 2755 1244 2807 Simplices
1261 2770 1346 2795 esse
1361 2758 1516 2796 colores

88 2822 257 2862 album
290 2820 485 2876 (λευκόν)
522 2830 562 2862 et
598 2824 797 2863 flavum
835 2819 1071 2877 (πυρῶδες)
1108 2823 1185 2863 alio
1215 2824 1306 2863 loco
1335 2824 1510 2864 affirmat
