1774 3198
401 365 624 407 LIBRUM
652 365 980 407 SECUNDUM.
1037 366 1248 409 cAP.1v.
1438 339 1544 410 '545

109 478 260 529 ἄναξίω
278 494 355 533 pro
375 477 528 533 ἀνάγκη
547 480 602 520 Ν.
628 485 674 519 ut
695 492 816 532 supra
833 479 899 531 ΙΙ,
921 482 962 527 3,
983 481 1052 519 33.
1085 500 1136 508 —-·
1173 476 1300 521 αὐτόν
1316 496 1394 536 pro
1418 481 1546 538 αὐτήν

103 550 214 588 idem
231 548 362 587 codex
380 548 432 587 N.

220 620 260 655 2.
291 613 332 655 δ’
355 613 422 656 ὅτε
445 629 522 667 pro
551 610 593 653 δ’
618 611 707 654 οὔτε
730 615 778 652 N.
802 638 852 643 —--
879 616 1054 663 Inverso
1073 614 1216 655 ordine
1233 612 1279 656 τὸ
1302 613 1426 669 ’ξηρόν
1447 614 1541 658 ἄνευ

103 685 178 724 τοῦΙ
206 679 333 737 ὑγροῦ
362 680 453 723 οὔτε
481 679 528 721 τὸ
559 677 678 735 ὗγρὸν
707 679 801 722 ἄνευ
830 685 904 722 τοῦ
933 683 1060 735 ξηροῦ
1088 684 1142 722 H.
1174 684 1226 725 N.
1254 707 1311 714 —
1339 682 1444 724 ἀλλὰ
1473 685 1544 725 καί

103 765 180 804 pro
203 751 375 803 simplici
401 747 508 789 ἀλλά
528 751 603 790 cfr.
627 752 678 790 V.
699 751 752 791 L.
781 750 832 789 ad
849 748 889 803 §.
910 754 975 791 11.
998 771 1055 778 --
1079 751 1211 791 ταῦτα
1233 748 1368 791 πάντα
1387 759 1541 793 mutato

102 819 247 859 ordine
273 820 319 857 F.
343 819 396 857 N.

214 891 254 926 3.
283 883 331 924 δέ
344 900 421 938 pro
440 882 489 937 δή
512 887 555 924 P.
576 886 614 924 S.
638 887 726 927 Cas.
745 899 984 938 perperam5
1015 893 1132 927 verte
1153 887 1326 939 igitur.
1357 884 1408 939 δή
1422 900 1432 910 ·
1453 879 1538 929 οὖν.

103 950 329 1005 συνδεσμός
387 952 688 1005 Hesychius
741 955 860 992 Tom.
896 953 932 994 I.
973 955 1051 994 col.
1082 955 1181 998 924.
1227 955 1445 995 Ernesti
1488 955 1540 995 ad

98 1023 140 1062 H
154 1031 309 1060 omer.
334 1017 459 1059 Iliad.
481 1017 534 1071 η’,
556 1021 649 1060 155.
706 1022 806 1060 Inde
832 1017 882 1073 δή
904 1029 1029 1061 notat
1045 1036 1364 1073 saepenumero,
1392 1023 1454 1060 ad
1470 1024 1539 1062 in-

96 1091 293 1128 stitutum
318 1089 562 1136 terminum,
595 1102 675 1139 quo
698 1090 992 1136 contenderat,
1019 1090 1246 1129 deductam
1266 1103 1351 1127 esse
1373 1091 1539 1128 oratio-

98 1172 203 1196 nem.
261 1157 351 1195 Hie
377 1155 624 1205 particulae
652 1169 749 1193 usus
779 1157 959 1194 maxime
992 1164 1194 1208 apparet,
1245 1158 1410 1208 quoties
1443 1158 1538 1208 quis

98 1225 230 1264 altius
249 1223 424 1274 repetito
439 1222 698 1272 primordio,
727 1224 789 1261 ad
803 1236 891 1260 rem
908 1224 1058 1274 ἰρεαηι,
1079 1237 1206 1275 quam
1222 1223 1438 1274 explicare
1459 1231 1539 1262 aut

94 1304 279 1330 narrare
293 1295 586 1340 proposuerat,
615 1291 783 1329 accedet
801 1292 928 1342 quasi
945 1292 1105 1342 spiritu
1124 1299 1375 1341 erumpente.
1421 1292 1538 1341 Quae

95 1359 221 1399 verba
239 1363 338 1396 ‘sunt
374 1356 721 1408 Hoogeveeni
750 1359 947 1397 Doctrin.
983 1356 1195 1396 Particul.
1226 1357 1354 1408 Ling.
1384 1358 1536 1398 Graec.

95 1427 216 1466 Tom.
237 1429 270 1467 Ι.
300 1439 341 1477 p.
366 1427 444 1463 291
465 1424 626 1463 laudata
655 1425 944 1464 Schaefero
973 1426 1184 1464 Meletem.
1204 1426 1337 1462 critic.
1362 1439 1403 1477 p.
1424 1429 1461 1464 3.
1481 1447 1537 1455 —-

96 1491 164 1533 διὰ
182 1490 255 1546 τὴν
275 1489 401 1545 ψύξιν
428 1492 539 1530 rerer
560 1491 612 1530 ad
637 1489 950 1544 συνισταμένης,
982 1505 1066 1530 non
1088 1491 1138 1529 ad
1158 1488 1406 1544 πορρωτέρω
1426 1505 1537 1545 γινο-

91 1559 231 1612 μένου.
258 1582 309 1591 —·
339 1554 537 1598 λανθάνει
558 1573 635 1611 pro
653 1556 874 1599 λανθάνειν
896 1561 982 1599 Cas.
1013 1558 1085 1597 sed
1107 1564 1166 1597 est
1191 1558 1333 1597 literae
1362 1573 1536 1600 vacuum

92 1629 343 1680 spatium.-—
358 1623 407 1665 τὸ
426 1623 470 1665 δὲ
490 1622 629 1665 κατιόν
649 1628 699 1666 H.
717 1627 771 1666 N.
792 1628 903 1667 Cam.
930 1626 1047 1665 male.
1077 1627 1151 1665 cfr.
1172 1625 1222 1664 ad
1241 1629 1274 1678 §.
1297 1630 1363 1665 11.

206 1695 247 1734 4.
274 1707 318 1734 τε
334 1699 427 1739 anoe
445 1694 496 1747 τῇ
510 1694 561 1747 γῇ
579 1695 771 1734 omittunt
791 1696 838 1733 F.
856 1695 910 1733 N.
933 1696 977 1733 P.
1000 1715 1051 1721 —
1083 1689 1188 1732 ἀλλά
1208 1695 1342 1734 omisit
1361 1696 1406 1735 E.

207 1765 247 1801 5.
278 1760 422 1812 διπλῆς
440 1775 515 1814 pro
538 1760 676 1813 διττῆς
693 1764 740 1801 F.
764 1763 818 1801 H.
841 1762 891 1802 N.
912 1763 956 1801 P.
977 1763 1064 1801 Cas.
1093 1783 1137 1789 -—-
1172 1757 1390 1814 ἀναγκαῖον
1408 1761 1535 1815 γίγνε-

94 1831 197 1870 σθαι
226 1824 314 1880 ἅμα
353 1829 490 1868 addito
527 1825 614 1880 ἅμα
646 1830 698 1868 Η.
728 1843 856 1882 quem
889 1829 1035 1868 deinde
1068 1828 1253 1867 ordinem
1283 1829 1452 1868 invertit
1478 1831 1532 1869 N.

93 1908 186 1937 cum
208 1896 397 1936 exhibeat
421 1896 627 1950 γίγνεσθαι
658 1893 745 1948 ἅμα
778 1894 1007 1949 ἀναγκαῖον.
1026 1915 1083 1925 -ω-
1121 1893 1289 1942 πλέονος
1313 1909 1390 1948 pro
1411 1894 1533 1937 πλέον

92 1966 141 2004 Ε.
165 1985 220 1993 -
259 1961 536 2015 ἀναθυμίασις
570 1960 648 2016 ῧλη
679 1959 783 2018 ἀρχή
813 1964 951 2003 addito
979 1960 1078 2015 ὕλη,
1118 1962 1227 2014 quod
1256 1964 1533 2015 explicationis

90 2032 216 2084 gratia
235 2031 431 2071 vocabulo
465 2027 568 2085 ἀρχή
599 2039 686 2071 erat
709 2032 952 2084 adscriptum
979 2032 1030 2070 N.
1058 2053 1114 2059 —-
1144 2028 1254 2069 ἐστιν
1270 2037 1365 2084 post
1382 2027 1535 2079 ὓδατος

92 2100 240 2139 omittit
256 2102 301 2138 F.
318 2121 377 2128 —
404 2095 539 2151 ὥσπερ
568 2097 723 2151 εἴρηται
751 2096 951 2152 πρότερον
978 2102 1011 2148 I,
1042 2102 1080 2137 9.

204 2169 244 2204 6.
278 2162 325 2205 τὸ
357 2165 400 2212 ἐξ
430 2163 589 2214 αἰτῶν,
627 2168 764 2206 addito
794 2166 963 2205 articulo
987 2167 1060 2214 Ε.,
1090 2164 1158 2216 qui
1179 2177 1277 2201 mox
1296 2164 1423 2203 verba
1450 2166 1532 2205 τῶν

92 2229 218 2285 ἔργων
247 2234 408 2272 omittit.
430 2254 486 2261 —-
522 2235 652 2272 ταῦτα
681 2230 815 2272 πάντα
842 2236 970 2271 ποιεῖν
1000 2234 1048 2270 F.
1075 2231 1187 2268 Cam.
1217 2229 1355 2267 addito
1384 2227 1530 2280 πάντα,

93 2298 202 2351 quod
230 2299 377 2338 deinde
406 2301 519 2339 uncis
550 2301 801 2338 incluserunt
829 2299 872 2336 P.
897 2300 980 2337 Cas.
1001 2319 1057 2328 —
1088 2293 1192 2335 ἀλλὰ
1218 2294 1283 2334 καὶ
1311 2292 1529 2348 ἀναγκαῖόν

92 2363 177 2405 ἔστι
195 2365 350 2404 adiecto
371 2366 443 2405 καί
456 2369 504 2406 Η.
524 2367 636 2405 Cam.
660 2369 703 2406 P.
729 2368 815 2406 Cas.
834 2367 919 2409 ,cfr-
945 2365 993 2404 V.
1014 2366 1063 2403 L.
1084 2364 1135 2404 ad
1159 2363 1194 2413 §.
1212 2366 1252 2400 2.

205 2436 246 2472 7.
277 2430 414 2486 ἐπειδή
433 2448 507 2486 pro
525 2432 606 2474 ἐπεὶ
627 2431 668 2473 δ’
690 2436 738 2473 F.
755 2435 808 2472 H.
840 2430 922 2471 ἐπεὶ
949 2430 988 2470 δ’
1013 2426 1204 2482 ἑκατέρας
1232 2425 1368 2479 ἕτερον
1395 2423 1443 2467 ‘to‘
1473 2423 1529 2468 εἶ-

91 2500 164 2548 δος
189 2502 354 2540 inverso
380 2502 522 2540 ordine
552 2502 752 2553 Olymp.
781 2501 854 2539 fol.
880 2503 955 2545 38,
975 2512 1011 2540 a.
1042 2499 1116 2537 cfr.
1136 2495 1344 2535 Problem.
1365 2496 1402 2541 Ι,
1423 2499 1471 2534 2:
1500 2491 1525 2547 ἢ

91 2564 155 2607 ὅτι
184 2566 346 2607 ἐναντία
375 2565 566 2620 ἀλλήλοις
593 2565 644 2607 τὰ
672 2566 747 2618 μὲν
773 2564 895 2606 νόσον
923 2567 1137 2612 ποιοῦντα,
1167 2562 1222 2609 εἷς
1250 2559 1297 2602 τὸ
1326 2559 1451 2614 μέσον
1478 2558 1528 2600 ἶλ-

91 2647 149 2686 γει
176 2633 356 2688 θάτερον
384 2632 595 2690 ἕκατίρου;
625 2658 682 2665 -—
711 2635 846 2674 Verba
874 2630 898 2684 ἥ
919 2648 960 2672 τε
982 2629 1132 2682 ἀνέμου
1161 2629 1327 2681 (omisso
1356 2630 1442 2677 τοῦ,
1468 2628 1528 2667 uti

94 2701 212 2740 etiam
231 2703 272 2741 in
290 2705 338 2742 F.
351 2710 392 2742 et
407 2702 478 2754 H.)
508 2702 631 2756 φύσις
650 2709 740 2741 ante
760 2695 873 2752 οὗχῆ
894 2696 995 2750 αι’·τή
1018 2697 1126 2737 ἐστιν
1145 2698 1259 2748 ponit
1280 2697 1334 2735 N.
1350 2718 1399 2725 -—
1422 2692 1528 2741 τινὲς

94 2765 250 2820 λέγουσι
283 2771 357 2809 cfr.
388 2772 430 2818 Ι,
456 2774 527 2818 13,
551 2776 588 2810 2.
614 2791 671 2798 —-
719 2767 1018 2808 Metrodori
1056 2765 1173 2804 Chii
1209 2763 1456 2806 sententiam*
1474 2762 1526 2800 de

91 2835 224 2874 ventis
250 2835 330 2875 huc
358 2839 627 2888 pertinentem
667 2835 844 2876 servavit
866 2836 910 2873 -P
921 2835 967 2872 lu
979 2839 1056 2871 tar
1067 2846 1087 2870 c
1098 2832 1125 2870 h
1136 2845 1193 2871 ιιι
1225 2831 1344 2868 Ptao.
1369 2828 1526 2883 philo-⁹-

1017 2891 1068 2927 35
1519 2895 1522 2898 ’
