1774 3198
278 339 369 382 538
490 347 936 392 COMMENTARIUS
964 348 1023 386 IN
1053 348 1452 390 METEOROLOG.

277 451 348 497 οὖν
366 453 387 496 ὃ
409 456 685 506 Μιτυληναῖος
704 455 769 494 καὶ
792 454 1053 509 Θεόφραστος
1074 453 1095 497 ὃ
1113 454 1287 510 Ἐρέσιος
1315 459 1434 508 (male
1453 461 1558 510 apud
1579 461 1669 499 Vi-

276 532 446 575 g‘erum
476 518 739 573 ὃἘφέσιος),
768 519 979 569 Κῦδιππός
1007 538 1049 563 τε
1077 519 1097 562 ὁ
1121 521 1370 574 Μαντινεύς,
1399 523 1453 564 ἔτι
1484 523 1528 563 δὲ
1558 525 1672 577 (male

275 590 340 641 τε)
364 586 601 640 Ἀντιφάνης
628 586 692 626 καὶ
718 584 1002 640 Ἀριστόδημος
1030 588 1094 628 καὶ
1119 586 1412 642 Ἀριστοτέλης,
1454 588 1554 642 πρὸς
1581 588 1674 630 τοῦ-

275 668 359 699 τοις
388 652 430 692 δὲ
463 651 919 705 Φιλοστέφανος,κάλλὰ
946 654 1010 694 καὶ
1035 653 1225 707 Στράτων
1253 652 1274 695 ὃ
1294 653 1612 708 Περιπατητικὸς
1634 654 1675 694 ἓν

275 724 359 766 τοῖς
387 719 472 772 περὶ
502 716 757 771 εὑρημάτων,
800 722 928 759 ταῦτα
964 717 1202 773 ἱστόρησαν,
1246 723 1344 760 nihil
1380 724 1486 761 aliud
1520 725 1676 762 elucere

276 787 372 825 mihi
395 787 566 834 videtur,
594 787 670 824 nisi
698 786 990 825 Stratonem
1020 789 1068 825 de
1090 802 1227 826 rerum
1248 790 1549 826 inventionibus
1579 802 1676 839 opus

275 853 507 901 condidisse,
529 866 762 903 quamquam
780 853 813 887 'l'
826 853 851 891 h
864 867 884 890 e
896 867 918 890 o
932 852 1054 904 phra
1066 860 1171 892 stus
1191 856 1326 893 eadem
1348 856 1396 892 de
1415 869 1460 893 re
1478 857 1676 905 scripsisse

276 919 457 967 videtur,
484 919 590 956 unde
611 933 679 957 sua
707 919 837 957 hausit
856 920 1022 958 fortasse
1053 920 1250 959 Plinius
1280 923 1442 959 Histor.
1465 930 1554 959 nat.
1585 923 1676 968 VII,

279 988 356 1032 56,
384 988 448 1023 57.
503 987 567 1023 De
597 987 864 1023 matrimonio
897 986 1045 1024 librum
1082 988 1280 1037 scripsisse
1320 988 1677 1034 Aristotelem,

277 1057 414 1088 auctor
438 1057 495 1088 est
522 1051 871 1102 Hieronymus
901 1054 996 1090 adv.
1018 1054 1225 1090 lovinion.
1253 1053 1341 1091 libr.
1372 1055 1400 1091 I.
1442 1052 1590 1104 (verba
1612 1066 1701 1105 reg

203 1144 205 1146 »
277 1117 487 1167 periuntur
505 1116 611 1166 apud
630 1116 876 1168 Ruhkopf
899 1118 948 1155 ad
973 1120 1140 1156 Senec.
1169 1119 1263 1161 Vol.
1284 1120 1335 1157 V.
1366 1133 1404 1169 p.
1427 1117 1546 1169 446),
1573 1119 1679 1168 quod

277 1184 406 1220 nescio
437 1196 487 1219 an
511 1188 661 1232 spectet
685 1183 735 1220 ad
762 1183 810 1219 de
835 1196 878 1219 re
894 1184 1010 1232 publ.
1032 1186 1119 1229 VII,
1147 1187 1218 1231 16,
1246 1185 1315 1221 ubi
1337 1186 1449 1235 longa
1471 1185 1520 1222 de
1543 1186 1679 1222 matri-

278 1249 412 1286 monio
432 1248 668 1299 disputatio;
696 1249 872 1286 uti-liber
889 1247 977 1300 περὶ
998 1247 1177 1293 παιδείας
1195 1245 1219 1299 ἢ
1237 1247 1485 1289 παιδευτικόν
1506 1250 1577 1302 (ita
1592 1250 1678 1287 cod.

277 1316 376 1364 Reg.
405 1314 512 1364 apud
537 1316 727 1364 Menag.
758 1312 874 1352 Tom.
894 1317 943 1353 H.
970 1329 1011 1364 p.
1039 1313 1132 1365 193)
1160 1312 1212 1363 α’,
1248 1316 1315 1364 qui
1342 1315 1524 1354 laudatur
1553 1316 1679 1354 Dio-

279 1379 391 1431 geni
426 1380 644 1418 Laertio
681 1380 742 1428 V,
774 1383 839 1418 22.
876 1393 915 1430 p.
941 1383 1035 1418 280.
1073 1381 1204 1418 nullus
1234 1387 1292 1418 est
1314 1382 1432 1429 alius,
1460 1382 1535 1418 nisi
1554 1382 1679 1418 Polit.

278 1449 388 1486 VIII.
409 1467 461 1472 ——
508 1445 707 1490 Parifilre
728 1445 906 1483 dubitare
927 1446 1039 1494 licet,
1071 1460 1165 1484 num
1183 1447 1329 1484 librum
1353 1447 1401 1484 de
1419 1449 1548 1486 ventis
1571 1461 1681 1485 com-

278 1512 476 1563 posuerit,
508 1525 624 1562 quem
652 1511 785 1565 laudat
813 1511 1050 1550 Achilles
1087 1513 1272 1551 Tatius
1300 1513 1469 1563 Isagog.
1493 1516 1541 1552 in
1558 1514 1682 1552 Arat-

280 1594 310 1617 c.
331 1582 395 1617 33.
416 1592 454 1629 p.
468 1583 528 1617 91.
558 1578 623 1628 qui
644 1568 843 1616 nescio'an
867 1591 918 1615 ex
935 1579 1035 1615 male
1053 1579 1259 1616 intellectis
1288 1578 1549 1617 Posidonii
1578 1581 1682 1630 apud

281 1645 582 1683 Strabonem
612 1647 643 1684 I.
675 1658 714 1695 p.
743 1647 791 1682 51
813 1647 857 1683 B.
886 1645 1020 1682 verbis
1052 1645 1244 1694 originem
1277 1645 1428 1695 ceperit
1455 1645 1537 1684 his:
1586 1645 1684 1698 φησὶ

281 1710 325 1750 δὲ
357 1708 646 1758 Φοσειδώνιος,
694 1707 845 1761 μηδένα
882 1706 1010 1755 οὕτως
1045 1708 1365 1762 παραδεδωκέναι
1392 1708 1488 1756 τοὺς
1516 1709 1686 1761 ἀνέμους

279 1780 359 1816 τῶν
375 1776 583 1829 γνωρίμων
602 1775 690 1829 περὶ
707 1778 847 1826 ταῦτα,
879 1771 962 1815 οἷον
984 1774 1068 1829 Ἀρι
1143 1774 1258 1828 τέλης
1279 1775 1522 1827 Τιμοσθένη,
1547 1776 1686 1816 Βίωνα

279 1840 351 1881 τὸν
369 1839 627 1895 άστρόλογον,
657 1844 725 1880 ubi
742 1843 902 1893 respicit
921 1843 969 1879 ad
979 1845 1069 1880 Met
1143 1870 1153 1879 .
1174 1845 1222 1890 II,
1245 1843 1270 1880 4
1287 1866 1331 1872 —-
1347 1847 1381 1880 6.
1410 1844 1579 1881 Librum
1597 1842 1686 1895 περὶ

277 1910 418 1958 χυμῶν
447 1910 657 1946 commenti
694 1916 785 1946 sunt
827 1908 1124 1947 Alexander
1170 1915 1210 1945 et
1233 1909 1685 1960 *Olympiodoruffi

282 1989 359 2025 qua
389 1975 438 2012 de
461 1989 506 2012 re
537 1976 610 2012 cfr.
639 1975 688 2011 ad
715 1976 903 2024 Excerpt.
937 1976 994 2020 H,
1022 1977 1070 2020 3,
1097 1978 1161 2011 32.
1219 1975 1307 2011 Huc
1341 1975 1532 2024 pertinet,
1569 1987 1686 2024 quem

283 2042 539 2092 Diogenes
565 2042 618 2087 V,
639 2044 705 2078 23.
737 2054 776 2091 p.
794 2043 867 2078 281
902 2040 1051 2086 laudat,
1087 2040 1188 2077 liber
1216 2038 1304 2091 περὶ
1334 2036 1544 2090 κινήσεως,
1578 2041 1686 2078 cuius

282 2108 486 2158 inscriptio
529 2108 675 2144 vereor
716 2120 766 2143 ne
805 2120 856 2144 ex
893 2106 1026 2144 verbis
1075 2106 1387 2144 Aristotelis
1430 2108 1531 2144 male
1566 2107 1687 2144 intel-

282 2174 394 2211 lectis
410 2173 459 2210 sit
479 2173 600 2222 petita
622 2172 682 2210 his
713 2172 869 2222 (Etkic.
898 2173 1058 2210 A'ieom.
1077 2174 1133 2219 X,
1157 2176 1195 2210 3.
1222 2186 1260 2223 p.
1278 2173 1396 2221 1174,
1409 2171 1474 2223 b)?
1506 2169 1552 2210 δι’
1577 2168 1687 2222 ἀκρι-

282 2238 393 2288 βείας
425 2236 499 2288 μέν
526 2231 596 2276 οὖν
623 2238 710 2290 περὶ
738 2234 928 2288 κινήσεως
961 2235 1002 2275 ἓν
1030 2234 1164 2283 ἄλλοις
1186 2237 1360 2291 εἴρηται,
1392 2239 1533 2288 quibus
1553 2242 1686 2287 aperte

282 2306 443 2356 respicit
462 2305 606 2343 librum
625 2306 805 2355 quintum
824 2303 1008 2354 physicae
1025 2301 1327 2343 auscultationis.
1357 2306 1463 2343 Male
1482 2299 1685 2341 Eustra‘-

283 2372 385 2409 tius
410 2371 460 2408 ad
478 2372 589 2408 illum
611 2372 762 2409 locum:
794 2367 881 2421 ἤτοι
899 2371 956 2422 τῷ
976 2367 1075 2422 ἕκτῳ
1104 2369 1168 2407 καὶ
1189 2365 1348 2423 ἑβδόμῳ
1378 2369 1442 2415 καὶ
1463 2364 1589 2420 ὀγδόῳ
1616 2369 1689 2417 τῆς

284 2438 453 2489 φυσικῆς
482 2433 723 2488 ἀκροάσεως.
778 2437 862 2475 Cfr.
885 2437 935 2473 ad
954 2435 1311 2487 Excerpt.1,10,4.
1346 2442 1385 2473 et
1399 2435 1499 2473 adde
1518 2435 1566 2471 de
1587 2434 1685 2470 cael.

283 2504 317 2549 1,
341 2504 378 2540 5.
407 2516 442 2553 p.
462 2506 557 2552 272,
573 2517 605 2542 a.
634 2505 665 2551 I,
684 2507 724 2542 7.
754 2517 792 2554 p.
812 2505 906 2548 275,
925 2516 957 2539 a.
985 2505 1053 2549 ΠΙ,
1075 2506 1107 2540 1.
1130 2515 1169 2552 p.
1185 2505 1277 2548 299,
1291 2515 1324 2538 a.
1354 2504 1421 2548 m,
1441 2501 1476 2538 4.
1490 2513 1529 2550 p·
1543 2502 1635 2544 303,
1653 2513 1686 2537 s.

285 2569 335 2605 de
346 2582 446 2605 sens·
461 2572 499 2606 6.
512 2569 649 2620 Ρ.445,
662 2570 700 2607 b.
731 2570 816 2608 Cfr.
829 2569 997 2620 denique
1013 2569 1181 2606 Ritter
1200 2568 1259 2606 1.l.
1277 2581 1318 2618 p.
1329 2571 1395 2606 21.
1409 2571 1491 2603 not.
1506 2567 1542 2602 1.
1553 2586 1608 2592 -—
1620 2566 1686 2602 Ad

284 2635 548 2685 fragmentum
567 2636 675 2684 illud,
692 2636 796 2687 quod
812 2636 978 2673 multum
997 2635 1103 2673 valet
1119 2635 1162 2671 in
1179 2634 1304 2671 nostri
1321 2633 1398 2670 loci
1415 2631 1687 2683 explicatione,

286 2691 376 2750 post
392 2708 535 2739 tantam
562 2701 839 2751 digressionem
859 2709 1121 2746 revertamur,
1154 2701 1320 2750 ingenue
1339 2696 1589 2748 profitentes,
1617 2710 1690 2734 nos

287 2767 447 2814 nescire,
459 2766 565 2804 unde
577 2767 755 2806 haustum
779 2781 860 2806 esse
871 2773 997 2818 queat,
1021 2767 1095 2804 nisi
1106 2767 1269 2804 fortasse
1289 2764 1548 2813 fragmentum
1569 2762 1619 2800 sit
1638 2775 1689 2799 ex
