1734 3172
225 320 357 361 XXX
713 317 1117 361 PRAEFATIO.

223 431 404 484 -492)‚
436 429 521 470 alii.
579 429 782 484 Equidem
809 428 957 472 horum
979 431 1191 480 omnium,
1220 431 1406 485 quamvis
1437 431 1625 472 conferre

223 502 467 555 potuissem,
509 496 641 538 oculis
670 498 837 551 inspexi
866 497 998 540 solum
1027 498 1182 539 librum
1219 498 1300 539 hoc
1327 491 1462 539 modo*
1479 499 1626 539 inscri-

222 577 356 622 ptum:
394 565 612 607 Alberti
639 564 820 619 Magni
847 566 1195 608 Introduction&
1221 570 1268 607 in
1297 559 1427 608 libres
1455 566 1628 608 Aristo-

225 637 323 676 telis·
342 635 634 689 physicorum,
672 632 724 673 tle
755 634 872 674 caelo
901 641 944 675 et
972 635 1144 685 mundo,
1191 635 1243 676 de
1273 639 1555 690 generatione
1585 640 1630 675 et

223 707 427 751 interitu,
465 706 761 750 meteororum,
801 701 854 742 de
883 707 1025 742 amma
1052 710 1129 742 etc.
1171 703 1415 757 (sequuntur
1442 702 1555 743 tituli
1578 701 1629 742 li-

223 769 417 818 brorum,
463 766 532 822 ‹jui
568 781 734 822 parva
772 769 1055 810 naturalia
1082 772 1223 810 vocari
1252 770 1414 825 solent)
1455 770 1630 811 CracoV.

223 841 341 878 1516.
358 842 398 877 4.
434 837 542 877 unde
561 835 719 876 nullum
747 836 924 878 fructum
955 851 1106 892 capere
1135 839 1313 892 potui*).
1370 838 1517 894 Neque
1546 852 1632 879 ma-

220 906 284 959 gis
313 919 367 945 ex
396 904 520 953 libro,
555 905 626 959 qui
653 906 697 944 in
727 903 990 946 Bibliotheca
1019 905 1122 961 Reg.
1152 906 1337 947 Berolin.
1367 908 1630 947 adservatur:

229 973 412 1028 Isagoge
449 978 493 1013 in
522 972 798 1022 Aristotelis,
834 973 1013 1015 Alberti
1037 974 1201 1029 fflagui
1238 980 1281 1015 et
1316 976 1511 1016 Pontum·
1551 988 1632 1014 me-

222 1046 366 1091 teora,
414 1055 498 1095 per
539 1047 626 1081 tres
667 1041 797 1082 libros·
840 1042 1024 1096 digesta.
1108 1041 1292 1082 Auctore
1331 1042 1386 1083 D.
1426 1041 1452 1082 J
1463 1043 1632 1082 odoco

221 1106 445 1148 Kiillich
491 1107 742 1150 Reselliano.
788 1109 980 1150 Francof.
1010 1110 1061 1150 ad
1089 1110 1237 1151 Viadr.
1264 1114 1381 1152 1599.
1413 1114 1451 1151 8.
1510 1110 1634 1150 Prae-

222 1183 334 1215 terea
366 1175 522 1216 contuli
551 1176 728 1228 librum,
770 1179 840 1232 qui
867 1176 1130 1218 inscribitur:

333 1256 537 1299 &tactatuss
568 1255 674 1308 ‘betti
705 1259 746 1300 be
774 1255 900 1300 etiam
937 1249 998 1310 {31
1034 1257 1341 1309 §emerecensisst
1389 1258 1473 1311 sup.
1513 1255 1634 1300 [ebroe

332 1323 621 1375 &umentorum
643 1327 683 1367 be
705 1322 1008 1378 impresfionibuss
1033 1321 1150 1370 aeti'ss.
1208 1326 1262 1369 Ξῖ(
1290 1329 1331 1370 be
1361 1325 1426 1365 his
1457 1338 1560 1380 quae
1590 1326 1634 1364 in

329 1391 481 1444 prima:
527 1391 732 1432 secunda:
777 1400 898 1447 atque
935 1393 1056 1432 tertia
1090 1392 1332 1447 regionibus
1371 1394 1480 1433 atiris
1515 1392 1635 1433 fiunt.

329 1459 436 1498 sicut
462 1468 559 1499 sunt
589 1459 746 1512 Sydera
767 1461 978 1501 cadentia:
1011 1459 1187 1501 Stellae:
1219 1460 1436 1502 Comatae:
1466 1460 1634 1502 Pluvia:

329 1523 436 1565 Ros:
480 1526 657 1566 Pruina:
701 1525 813 1568 Nix:
859 1527 1054 1569 Grande:
1093 1527 1278 1570 Ventus:
1324 1528 1457 1571 Terre
1485 1532 1636 1570 motus.

329 1592 460 1647 deque
491 1596 701 1647 generatis
731 1594 842 1633 infra
866 1603 1032 1635 terram.

220 1670 420 1712 Continet
451 1671 524 1713 fol.
546 1671 715 1714 XXVI.
732 1678 772 1714 4.
802 1674 953 1714 minor.
1010 1672 1059 1714 In
1082 1673 1171 1715 fine
1199 1676 1422 1730 reperitur:
1451 1676 1637 1732 Impres-

219 1754 306 1782 sum
336 1755 362 1781 a
391 1739 587 1782 Johmme
607 1742 729 1782 Priis
745 1741 1032 1795 Argentinae.
1063 1746 1110 1782 in
1132 1742 1309 1783 aedibus
1334 1744 1634 1799 Thiergarten.

219 1808 342 1849 Anno
361 1807 679 1850 MCCCCCIIII.
711 1807 914 1858 Titulum,
947 1818 988 1850 et
1013 1824 1118 1865 quae
1146 1812 1190 1850 in
1211 1809 1296 1851 fine
1326 1813 1531 1866 reperitur
1563 1825 1651 1853 no-,

221 1877 355 1918 titiam
383 1877 533 1918 iisdem
561 1877 649 1917 fere
677 1878 808 1932 signis
830 1875 1012 1917 exscribi
1033 1879 1189 1929 curavi,
1221 1878 1364 1933 quales
1383 1880 1427 1920 in
1443 1877 1636 1933 exemplo

219 1959 274 1985 ex
296 1943 407 1985 Bibl.
429 1944 531 2000 Reg.
551 1944 691 1986 Berol.
723 1945 832 2000 quod
861 1953 955 1986 ante
987 1945 1130 1986 oculos
1156 1945 1317 1997 habeo,
1357 1948 1634 2001 reperiuntur.

219 2011 388 2054 Nullam
417 2015 672 2054 mentionem
700 2014 891 2055 fecissem
922 2013 1046 2055 huius
1074 2012 1233 2064 libelli,
1274 2015 1356 2055 nisi
1383 2015 1636 2055 monendum

219 2081 392 2131 fuisset,
421 2096 474 2122 ne
505 2081 595 2136 quis
624 2083 669 2122 in
699 2096 747 2122 eo
778 2080 934 2136 aliquid
965 2090 1200 2138 quaereret,
1233 2083 1341 2137 quod
1373 2083 1425 2123 ad
1455 2081 1636 2137 explica-

220 2150 374 2190 tionem
387 2148 645 2190 Aristotelici
664 2149 762 2190 libri
779 2149 996 2191 utilitatem
1019 2150 1225 2207 quandam
1245 2159 1386 2205 posset
1400 2152 1550 2192 afferre
1563 2151 1634 2207 ³²³²).

332 2217 614 2272 meteoromgia
641 2217 852 2270 attineret&
883 2218 1041 2274 eleganti
1074 2217 1216 2270 ῗςαεοβί
1237 2218 1356 2271 {imbri
1377 2220 1635 2274 &temulentie

331 2287 566 2340 ‘paraphrasi
595 2285 792 2343 egctticuta:
833 2292 874 2333 be
904 2287 1207 2342 impreffionibuss
1248 2287 1348 2332 cteriss
1388 2292 1422 2332 et
1450 2286 1634 2332 mirabitis

331 2353 406 2398 bue
437 2359 569 2398 nature
608 2354 801 2409 noctibuss.
850 2355 956 2411 ignes
998 2358 1166 2411 aethere:
1197 2355 1367 2411 'saquiss
1397 2361 1509 2410 atquc
1538 2362 1635 2400 tetta

264 2539 300 2583 *)
337 2541 393 2573 De
421 2540 505 2580 ipsis
537 2542 823 2590 Meteorologicis
858 2544 995 2578 Alberti
1025 2545 1147 2591 Magni
1177 2545 1214 2578 in
1239 2545 1310 2577 fine
1336 2543 1573 2578 commentarii
1596 2544 1632 2578 in

334 2597 461 2630 librum
484 2605 643 2641 quartum
666 2601 867 2643 (volumine
892 2602 1066 2646 secundo)
1091 2605 1190 2644 plura
1219 2599 1455 2635 disseruimus,

265 2685 322 2729 **)
345 2687 400 2720 De
425 2676 567 2722 ductore
603 2690 666 2723 cfr.
705 2689 840 2726 Alex.
871 2693 922 2726 ab
949 2692 1202 2726 Humboldt
1233 2693 1331 2724 Atlas
1355 2691 1464 2733 geogr.
1489 2699 1519 2725 et
1543 2693 1632 2735 phys.

342 2746 399 2777 des
422 2745 489 2786 re'g.
516 2746 664 2790 “quinox.
689 2749 785 2782 Paris
810 2750 907 2783 1834.
929 2751 991 2784 fol.
1015 2752 1111 2790 p.22.
