1774 3198
276 364 373 406 420
470 355 476 359 Ι
495 366 941 415 COMMENTARIUS
969 364 1029 404 IN
1051 364 1455 406 METEOROLOG.

275 494 365 528 νον,
409 475 531 527 αὐτῆς
557 475 633 528 γὰρ
663 477 735 526 τῆς
762 470 1154 527 ἆρμονίαςῆπτοντο
1183 470 1330 522 μόνον,
1369 473 1449 511 τῶν
1477 470 1516 511 δ’
1550 471 1679 512 ἄλλων

276 547 397 598 γενῶν
427 541 614 592 οὐδεμίαν
641 536 797 579 πώποτε
827 537 977 578 ἔννοιαν
1007 534 1125 588 εἶχον.
1155 542 1317 589 σημεῖον
1337 534 1402 575 δέ·
1432 533 1482 576 τοὶ
1499 536 1574 590 γὰρ
1594 538 1681 577 δια-

276 607 493 662 γράμματα
531 605 667 653 αὗτοΐς
699 608 779 646 τῶν
815 603 1059 657 ἐναρμονίων
1090 601 1251 643 ἔκκειται
1281 599 1404 654 μόνον
1431 605 1511 642 τῶν
1540 614 1682 654 συστη-

275 672 438 725 μάτων,
490 671 680 712 ὃιατόνων
712 671 755 712 δὲ
782 669 806 723 ἢ
834 672 1099 724 χρωματικῶν
1137 667 1276 715 οὐθεὶς
1308 666 1455 709 πώποτ’
1500 665 1682 720 ἑώρακεν.

276 742 333 778 Ita
364 741 468 777 enim
498 746 602 777 totus
630 741 736 777 locus
762 738 1025 777 restituendus
1053 737 1150 775 mihi
1171 737 1343 776 videtur.
1401 736 1588 773 Proxime
1617 749 1683 773 ac-

275 805 380 842 cedit
399 805 506 842 locus
517 805 686 844 Rhetor.
707 805 738 851 Ι,
762 809 796 843 2.
827 818 865 856 p.
889 806 1007 850 1357,
1026 804 1075 842 bt
1105 797 1189 842 οἷον
1208 800 1247 841 εἶ’
1261 815 1320 848 τις
1347 799 1495 847 εἴπειεν,
1528 798 1588 840 ὅτι
1609 815 1684 839 πυ-

277 868 399 921 ρέττει
427 874 590 920 σημεῖον
617 866 734 915 εἶναι,
771 868 919 909 πυκνὸν
948 868 1024 922 γὰρ
1055 866 1229 908 ἀναπνεῖ.
1259 891 1308 897 ——
1367 864 1492 906 αὐτοῦ
1538 864 1683 906 κύκλου

277 936 420 973 omisso
450 938 522 974 τοῦ
551 938 590 974 8.
618 958 674 965 —-
701 938 757 989 τῷ
784 935 871 975 τοδὶ
899 934 1097 990 πλήρωμα
1127 932 1253 985 ἔχοντι
1282 935 1334 972 N.
1350 933 1466 984 quod
1484 934 1531 971 ab
1549 933 1683 984 inepto

274 1003 494 1052 interprete
524 1003 746 1052 profectum
770 1009 849 1048 est,
880 1004 945 1053 qui
965 1003 1200 1040 vocabulum
1228 999 1412 1049 δίπλωμα
1439 1013 1518 1037 non
1537 999 1686 1037 intelli-

275 1074 386 1118 geret
412 1074 455 1105 et
477 1068 692 1118 respiceret
717 1067 766 1104 ad
790 1070 911 1107 verba
931 1074 962 1116 §-
987 1073 1060 1107 16:
1091 1064 1192 1120 πρὸς
1219 1064 1261 1104 δὲ
1291 1063 1447 1111 τούτοις
1476 1061 1633 1116 ἄστρων
1663 1060 1683 1102 ὃ

277 1131 401 1178 τόπος
428 1129 582 1185 πλήρης
604 1131 686 1171 ἐστὶ
716 1135 795 1172 τῶν
823 1147 864 1172 τε
892 1132 1087 1184 μεγίστων
1115 1131 1179 1171 καὶ
1210 1128 1510 1184 λαμπροτάτων.
1534 1152 1585 1158 —-
1614 1128 1687 1167 δι’-

278 1199 469 1248 πλωμα,
496 1205 540 1236 ut
558 1200 611 1236 ita
633 1199 770 1246 dicam,
792 1200 1078 1237 bifurcatio
1108 1205 1183 1235 est
1210 1198 1325 1235 viae
1353 1199 1566 1245 lacteae,
1589 1209 1686 1246 quae

277 1277 323 1302 re
353 1277 449 1302 vera
476 1265 518 1301 in
539 1265 607 1302 illa
626 1272 737 1316 parte
759 1266 856 1303 caeli
878 1265 943 1313 fit,
976 1266 1018 1302 in
1038 1278 1112 1315 qua
1142 1263 1312 1314 plurima
1342 1264 1426 1300 sere
1459 1270 1498 1299 et
1519 1263 1687 1299 maxima

279 1329 408 1367 sidera
426 1331 692 1380 reperiuntur.
746 1335 804 1370 Ita
823 1332 901 1368 inm
921 1330 1117 1367 intellexit
1146 1330 1247 1379 Oly
1260 1342 1296 1365 m
1312 1329 1393 1378 pio
1406 1328 1443 1366 d.
1472 1329 1540 1365 fol.
1559 1327 1683 1371 17‚b:

278 1391 473 1433 τοσοῦτόν
504 1409 602 1448 φησι
632 1392 698 1434 διὰ
727 1393 773 1434 τὸ
805 1396 965 1446 πλῆθος
992 1393 1056 1433 καὶ
1085 1392 1157 1445 τὴν
1185 1392 1382 1432 πύκνωσιν
1409 1394 1488 1431 τῶν
1511 1390 1687 1443 ἀστέρων

280 1455 301 1498 ὅ
329 1459 518 1511 γαλαξίας
545 1459 712 1512 γίνεται,
742 1456 803 1499 ὅτι
826 1458 928 1499 ὅπου
957 1459 1030 1499 εἶσὶ
1058 1455 1164 1498 πάνυ
1193 1454 1429 1497 πυκνότατοι
1458 1455 1619 1509 ἀστέρες
1648 1455 1688 1494 ἒ-

280 1530 342 1564 κεῖ
362 1524 444 1564 ἔστι
473 1523 518 1564 τὸ
547 1525 733 1576 δίπλωμα
761 1528 966 1578 θεωρῆσαι
996 1527 1067 1564 τοῦ
1095 1524 1301 1576 γαλαξίου,
1332 1521 1447 1562 οἱονεὶ
1466 1519 1536 1562 δύο
1565 1520 1688 1571 ζώνας

279 1588 519 1630 θεάσασθαί
555 1590 638 1630 ἔστι
673 1588 979 1643 μεσολαβούσας
1017 1588 1148 1630 κοινόν
1185 1604 1273 1629 τινα
1309 1587 1432 1628 τόπον
1467 1586 1513 1627 τὸ
1541 1586 1688 1639 μεταξὺ

281 1654 433 1709 ἀφανὲς
460 1659 540 1696 τῶν
569 1660 763 1711 σφαιρῶν.
792 1679 848 1685 ——
876 1654 1098 1707 πυκνότερά
1128 1654 1210 1696 ἔστι
1238 1653 1291 1695 τὰ
1306 1652 1435 1707 ι’ίστρα
1452 1656 1504 1694 Ν.
1534 1654 1690 1693 Deinde

280 1719 304 1773 ἢ
337 1724 483 1760 omittit
510 1725 558 1762 E.
588 1747 644 1753 —
683 1726 783 1763 Mox
813 1721 854 1762 ἓν
882 1716 915 1778 ᾧ
945 1725 1110 1762 πλεῖστα
1139 1726 1262 1761 κεῖται
1290 1723 1433 1759 omisso
1455 1721 1620 1759 articulo
1639 1722 1689 1758 A.

280 1790 349 1826 Er.
381 1810 433 1817 -—
478 1790 702 1827 Aristotelis
729 1803 828 1828 aevo
862 1789 1117 1828 solstitiorum
1151 1789 1288 1826 eoluro
1314 1795 1440 1825 totum
1471 1787 1619 1824 caelum
1650 1786 1691 1822 in

282 1853 375 1891 duas
394 1859 523 1903 partes
541 1855 593 1891 ita
612 1855 873 1903 dividebatur,
904 1861 948 1892 ut
966 1855 1151 1905 bipartita
1170 1855 1283 1892 lactei
1299 1854 1433 1891 circuli
1453 1865 1541 1903 pars
1566 1853 1690 1888 altero

281 1918 525 1967 hemicyclio,
554 1921 679 1956 altero
701 1921 852 1970 integra
873 1919 1293 1970 comprehenderetur.
1359 1917 1552 1967 Quamvis
1579 1917 1691 1966 plura

282 1985 358 2021 sint
381 1990 483 2022 astra
506 1985 547 2022 in
570 1985 714 2022 vicinia
731 1986 838 2022 lactis
859 1986 1023 2035 integri,
1055 1997 1170 2034 quam
1191 1984 1257 2021 ubi
1279 1984 1378 2021 binis
1396 1982 1564 2020 brachiis
1583 1982 1691 2018 ince-

240 2091 242 2093 v
283 2049 369 2094 dat,
398 2063 478 2088 non
500 2056 629 2088 tamen
647 2050 809 2089 defuere
825 2052 866 2088 in
882 2051 992 2088 istius
1015 2049 1238 2100 hemicyclii
1257 2050 1418 2100 regione
1445 2049 1488 2086 in
1519 2047 1691 2097 galaxiae

289 2116 427 2153 vicinia
450 2118 625 2164 Amnes,
655 2117 810 2162 Athair,
831 2115 1054 2166 Delphinus
1075 2116 1339 2166 complurium
1368 2114 1568 2152 stellarum
1595 2125 1692 2150 con-

281 2182 412 2218 iuncto
429 2182 639 2232 splendore
655 2183 805 2230 nobilis,
816 2183 874 2221 W
875 2195 941 2232 ega
944 2209 957 2227 ,
977 2181 1128 2229 Deneb,
1146 2181 1316 2219 lucidum
1330 2180 1558 2230 Cassiopeae
1574 2178 1691 2222 sidus,

282 2247 460 2296 Algenib,
489 2248 659 2298 Capella,
691 2249 769 2286 alii.
807 2249 928 2285 Recte
949 2253 1078 2285 autem
1097 2260 1138 2284 se
1155 2246 1292 2284 habuit
1305 2246 1593 2285 Aristotelicum
1616 2257 1691 2281 πυ·

282 2309 467 2364 κνότερα;
496 2314 536 2351 in
556 2314 663 2352 nulla
688 2315 792 2352 enim
818 2314 912 2351 caeli
939 2319 1050 2365 parte
1074 2319 1152 2350 tam
1174 2313 1351 2350 conferta
1371 2312 1483 2349 fuere
1503 2311 1631 2348 sidera
1649 2309 1690 2346 in

281 2380 563 2417 catasterismos
580 2387 665 2418 tum
685 2380 874 2430 temporis
891 2381 1012 2419 relata
1022 2407 1034 2427 ,
1067 2392 1182 2429 quam
1204 2391 1331 2429 prope
1351 2376 1660 2415 bifurcationem.

397 2448 460 2482 18.
495 2447 628 2484 Potest
654 2447 833 2484 dubitare
860 2446 1018 2496 aliqui8‚
1048 2459 1145 2482 num
1174 2445 1297 2482 verba
1326 2441 1562 2493 θεωρείσθω
1591 2436 1632 2477 δ’
1666 2436 1686 2476 ὅ

283 2521 323 2545 τε
353 2506 493 2555 κύκλος
532 2511 596 2549 καὶ
628 2509 677 2551 τὰ
708 2511 748 2550 ἐν
778 2509 885 2564 αὐτῷ
916 2508 1045 2562 ἄστρα
1073 2510 1115 2549 ἐκ
1143 2511 1215 2560 τῆς
1247 2504 1484 2560 ὗπογραφῆς
1521 2511 1559 2542 et
1590 2518 1627 2555 q·
1657 2519 1686 2542 ⁸-

282 2584 404 2624 usque
433 2577 482 2613 ad
513 2603 651 2616 .....
684 2577 806 2629 δῆλον
833 2578 880 2615 ab
903 2577 1117 2616 Aristotele
1140 2577 1227 2627 ipso
1247 2574 1421 2626 prosecta
1439 2571 1532 2618 sint,
1560 2583 1687 2620 neque

284 2642 412 2689 potius
431 2642 478 2679 ab
502 2643 576 2679 alio
599 2644 762 2694 quovis,
791 2643 858 2694 qui
877 2643 1042 2693 figuram
1066 2640 1336 2693 explicationis
1366 2637 1508 2687 gratia,
1547 2636 1689 2674 codicis

282 2707 340 2741 sui
366 2708 530 2756 margini
554 2708 810 2759 adpinxemt,
846 2709 953 2746 unde
980 2707 1125 2745 deinde
1152 2707 1192 2744 in
1217 2707 1344 2756 ipsum
1372 2708 1602 2740 contextum
1629 2703 1688 2739 ir-

281 2771 503 2820 repsisseut.
561 2774 639 2810 Sed
670 2775 791 2812 moris
818 2780 924 2821 erat,
962 2773 1046 2810 aliis
1075 2773 1190 2809 etiam
1214 2771 1254 2807 in
1275 2768 1460 2818 operibus
1479 2765 1685 2806 Aristoteli
