1812 3158
446 361 666 405 LIBRUM
694 360 936 402 PRIMUM.
997 359 1118 400 cAP.
1150 362 1220 402 ΠΙ.
1281 418 1287 423 x
1466 352 1563 398 353

114 478 270 528 atitere,
297 476 364 530 qui
384 483 525 516 contra
543 490 596 515 ex
616 475 796 515 tardiore
817 475 921 514 naris
941 480 1055 514 motu
1073 475 1180 514 circa
1197 481 1349 515 terram
1367 475 1565 516 celeriore

114 553 229 585 motu
264 546 535 584 circumlatam
567 544 710 583 etesios
741 543 919 596 aliosque
943 549 1087 582 ventos
1114 543 1318 595 explicare
1342 544 1565 584 voluerunt

114 614 218 667 (Cfr.
239 627 281 654 v.
299 613 567 653 Lindenau
594 613 638 650 in
654 626 696 652 v.
714 611 847 651 Zach
870 613 1251 663 Monatl.C'orr-esp.
1266 614 1420 665 XIII.p
1448 612 1562 665 258),

114 696 234 735 quam
254 695 343 721 rem
362 682 407 720 in
425 680 644 720 Meteorol.
656 687 736 718 vet.
756 693 831 719 suo
848 680 939 719 loco
955 667 1276 719 commemorarc
1292 681 1441 721 oblitus
1460 695 1563 721 sum.

113 750 253 790 Verba
291 745 416 796 ὅσος
451 744 518 800 μὴ
557 744 702 795 ε’ντὸς
738 748 829 800 τῆς
866 746 1202 802 περιφερείας
1242 746 1564 800 λαμβάνεται

113 819 202 869 τῆς
230 811 620 871 ἇπαρτιζούσης
657 811 783 856 ὥστε
819 812 911 867 τὴν
947 816 1040 868 γῆν
1077 816 1395 870 σφαιροειδῆ
1435 813 1564 857 εἶναι

113 887 282 925 πᾶσαν
311 884 409 937 quid
429 883 674 936 significent,
698 883 804 922 bene
820 883 1016 936 explicuit
1042 883 1296 923 Iohannes
1326 885 1564 938 Philopo-

112 966 204 991 nus
232 954 306 992 fol.
328 953 396 1001 84,
416 953 464 990 b:
491 949 559 990 καὶ
589 948 663 990 οὒκ
693 948 802 991 ἐστὶν
833 945 1062 1003 άκριβῶςῆ
1091 952 1141 1004 γῆ
1171 956 1348 1006 σφαῖρα·
1384 951 1450 992 καὶ
1480 968 1565 992 κοι-

114 1017 290 1072 λότητας
318 1017 396 1073 γὰρ
426 1017 503 1071 ἕχει
531 1018 730 1070 βαθείας,
769 1017 826 1067 εἷς
855 1016 906 1066 ἃς
933 1016 981 1059 τὸ
1010 1015 1126 1072 ὕδωρ
1156 1017 1357 1074 συνερρύη
1386 1019 1453 1060 καὶ
1473 1017 1564 1060 ἀνε-

114 1083 303 1139 πλήρωσε
334 1083 490 1134 ταύτας
518 1086 585 1126 καὶ
606 1084 715 1140 ὀρῶν
732 1083 950 1134 ἀνατάσεις
978 1085 1044 1126 καὶ
1063 1083 1277 1140 φάραγγας
1305 1086 1424 1140 (quae
1438 1089 1565 1128 verba

112 1156 157 1194 in
175 1155 347 1195 historia
371 1156 589 1208 geogoniae
606 1161 700 1207 apte
720 1154 1069 1214 commemoranda
1089 1153 1321 1208 videntur)·
1349 1153 1472 1195 πάλιν
1491 1148 1564 1195 οὗν

113 1217 135 1261 ὃ
163 1220 316 1274 μεταξὺ
346 1219 503 1262 τούτων
532 1219 874 1274 ε’πανειλημμένος
903 1218 985 1276 ἀὴρ
1016 1218 1264 1277 ἀναπληρῶν
1287 1220 1435 1272 αὐτάς,
1465 1222 1564 1275 μιάν

114 1286 307 1330 ἀποτελεῖ
316 1291 389 1342 τῆς
405 1291 481 1343 γῆς
497 1293 691 1344 σφαῖραν,
724 1287 1027 1343 ἒκβαλλομένης
1051 1286 1121 1330 διὰ
1146 1293 1230 1331 τῶν
1259 1293 1453 1345 κορυφῶν
1482 1294 1565 1332 τῶν

111 1353 218 1411 ὀρῶν
245 1356 500 1412 περιφερείας
528 1353 638 1404 τινὸς
665 1354 868 1411 ἐσχάτης,
902 1355 1006 1399 ὥστε
1024 1354 1125 1399 εἶναι
1155 1361 1292 1399 πᾶσαν
1322 1359 1564 1413 σφαιροειδῆ

109 1422 228 1477 μετὰ
243 1427 318 1465 τοῦ
348 1423 694 1478 ε’πανειλημμένου
722 1423 877 1474 ὓδατος
906 1425 972 1466 καὶ
1000 1429 1074 1467 τοῦ
1093 1424 1246 1478 μεταξὺ
1269 1428 1352 1467 τῶν
1368 1424 1476 1481 ὀρῶν
1498 1427 1565 1467 καὶ

111 1495 194 1533 τῶν
223 1491 445 1548 φαράγγων
476 1490 616 1547 ἀέρος·
648 1485 769 1541 οὗτος
797 1486 872 1534 οὗν
901 1489 1042 1547 ὃῦπέρ
1073 1491 1148 1546 τὴν
1177 1493 1433 1548 περιφέρειαν
1463 1492 1565 1535 ταύ-

110 1575 186 1614 την
216 1558 296 1615 ἀὴρ
324 1560 367 1609 ἐξ
396 1558 574 1614 ἀνάγκης
608 1558 766 1609 ἔξωθεν
799 1565 986 1615 περιρρεῖ·
1010 1563 1062 1616 τῇ
1091 1564 1296 1618 περιφορᾷ
1329 1564 1412 1602 τῶν
1442 1559 1566 1620 σύρας

112 1627 209 1669 νίων
240 1625 584 1683 συνεφελκόμενος
624 1626 712 1680 ἅμα
748 1630 808 1684 τῷ
836 1624 1137 1680 ὑπεκκαύματι,
1184 1626 1234 1669 οὗ
1265 1627 1440 1684 φυσικὴν
1469 1626 1561 1671 κατ’

106 1693 393 1749 Ἀριστοτέλην
421 1693 576 1748 ταύτην
605 1693 681 1748 τὴν
712 1694 887 1748 κίνησιν,
918 1692 1012 1736 ἀλλ’
1034 1694 1078 1737 ἐκ
1105 1698 1182 1750 τῆς
1209 1694 1366 1746 ἔξωθεν
1394 1699 1468 1738 τοῦ
1497 1713 1566 1738 κυ-

114 1764 364 1819 κλοφορικοῦ
395 1759 586 1815 σώματος
616 1759 808 1818 ἀνάγκης.

229 1836 295 1872 17.
334 1827 412 1884 γάρ
447 1832 599 1871 omittit
616 1833 664 1872 E.
719 1833 859 1872 Verba
889 1832 973 1873 καὶ
998 1835 1085 1874 νῦν
1112 1841 1283 1887 possunt
1306 1842 1489 1889 spectare
1514 1838 1566 1876 ad

112 1900 315 1939 Problem.
334 1900 507 1948 XXVI,
529 1903 595 1938 36.
625 1913 667 1951 p.
688 1899 782 1951 944,
801 1901 828 1940 b
857 1902 926 1940 ubi
946 1902 1022 1940 ait:
1053 1898 1227 1957 πότερον
1243 1900 1290 1944 τὸ
1306 1906 1466 1956 πνεῦμα
1484 1901 1564 1945 ἀπὸ

112 1969 245 2021 πηγῆς
279 1981 390 2013 τινος
427 1963 592 2020 φέρεται
633 1962 769 2022 ὥσπερ
806 1965 854 2008 τὸ
882 1965 1023 2024 ὕδωρ,
1073 1969 1140 2010 καὶ
1169 1967 1324 2024 ταύτης
1351 1969 1427 2012 οἷὲκ
1456 1972 1566 2014 ἔστιν

114 2033 307 2089 ἀνωτέρω
338 2030 439 2075 αὐτὸ
466 2031 683 2086 ἐνεχθῆναι
711 2032 738 2088 ἢ
758 2032 831 2089 di,-
860 2036 927 2077 καὶ
948 2034 1122 2091 πότερον
1152 2034 1234 2078 άπό
1263 2034 1353 2086 ἑνὸς
1382 2039 1565 2093 σημείου,

112 2101 137 2156 ἢ
169 2100 248 2143 ἀπὸ
288 2101 472 2149 πλείονος
512 2099 667 2155 τόπους
715 2101 799 2144 ἔνια
834 2103 910 2156 μὲν
940 2097 1014 2145 οὗν
1043 2104 1154 2145 ἐστιν
1183 2102 1308 2158 ὅμοια
1337 2103 1364 2146 ἃ
1398 2107 1465 2147 καὶ
1494 2106 1566 2148 ἐ’πὶ

112 2173 196 2211 τῶν
222 2167 386 2211 ὑδάτων
417 2170 630 2223 συμβαίνει
658 2171 858 2226 γίιῖεσθαι.
895 2169 1019 2224 τό,τε
1046 2170 1124 2227 γὰρ
1143 2169 1272 2228 ὕδωρ,
1304 2171 1404 2214 ὅταν
1431 2175 1489 2223 εἲς
1516 2173 1564 2217 τὸ

114 2235 309 2284 κάταντες
337 2235 524 2293 φέρηται,
557 2242 718 2281 θᾶττον
747 2237 814 2295 ῥεῖ
836 2237 862 2294 ἢ
884 2237 982 2281 ὅταν
1002 2238 1045 2280 ἒν
1066 2242 1126 2295 τῷ
1156 2238 1332 2297 ἐπιπέδῳ
1364 2242 1432 2282 καὶ
1462 2238 1568 2295 ὅμα-

114 2307 174 2361 λῷ
204 2302 395 2359 λιμνάζῃ·
444 2302 600 2358 ὁμοίως
630 2307 675 2348 δὲ
702 2307 770 2348 καὶ
796 2306 850 2348 τὰ
879 2305 1113 2360 πνεύματα·
1157 2306 1222 2347 ἐπὶ
1254 2306 1331 2360 μὲν
1366 2307 1444 2364 γὰρ
1480 2315 1568 2359 τοΐς

116 2370 258 2427 ἄκροις
285 2371 352 2413 καὶ
380 2377 468 2420 τοΐς
492 2370 672 2427 ὖψηλοῖς
699 2372 761 2415 ἀεὶ
790 2374 833 2415 ἐν
860 2372 1011 2427 κινήσει
1041 2370 1063 2414 ὃ
1080 2371 1182 2428 άῆρ,
1217 2373 1260 2414 ἓν
1290 2373 1336 2415 δὲ
1363 2380 1451 2423 τοῖς
1480 2376 1566 2418 κοί-

117 2443 203 2488 λοις
230 2438 375 2495 ἧρεμεῖ
397 2440 594 2488 πολλάκις
621 2442 687 2482 καὶ
718 2439 866 2482 ἄπνοια
895 2441 1070 2495 γίνεται·
1102 2439 1160 2482 ἔτι
1192 2441 1257 2482 ἐπὶ
1286 2447 1374 2490 τοῖς
1401 2441 1566 2501 σφόδρα

113 2504 293 2561 ὑψηλοῖς
321 2505 456 2562 ὄρεσιν
486 2506 535 2549 οὐ
565 2508 715 2563 γίνεται
742 2507 796 2550 τὰ
824 2508 1050 2562 πνεύματα.
1074 2533 1131 2540 -
1160 2511 1418 2552 Problemata
1454 2512 1565 2568 (non

116 2577 279 2630 quidem
300 2577 389 2626 illa,
419 2590 521 2629 quae
538 2591 647 2617 nunc
663 2577 878 2624 habemus,
908 2577 979 2616 sed
999 2578 1148 2616 librum
1166 2592 1286 2631 quem
1304 2579 1382 2619 hoc
1401 2582 1566 2622 nomine

115 2646 318 2698 inscripsit
338 2645 597 2695 Aristoteles,
625 2646 809 2699 quamvis
826 2646 993 2685 minime
1014 2647 1247 2697 negaverim
1266 2662 1450 2700 magnam
1469 2664 1565 2702 par-

117 2719 219 2763 tem,
247 2727 348 2766 quae
370 2727 479 2753 nunc
498 2715 571 2753 sub
591 2715 678 2753 eius
699 2714 863 2752 nomine
889 2713 1241 2764 circumferuntur,
1270 2717 1444 2767 genuina
1463 2717 1565 2771 esse)

118 2786 211 2819 ante
231 2782 547 2835 Meteorologica
570 2782 799 2834 conscripta
825 2795 910 2820 esse
938 2782 1100 2833 colligas
1122 2795 1175 2821 ex
1197 2785 1419 2823 Meteorol.
1444 2788 1495 2836 Π,
1525 2786 1563 2826 6,

118 2862 160 2900 Ρ.
178 2851 272 2898 363,
289 2863 334 2890 a:
367 2848 456 2904 περὶ
475 2852 558 2891 τῶν
587 2847 724 2891 ἄλλων
753 2845 1016 2902 παθημάτων
1044 2845 1123 2945 ὅέα
1151 2846 1210 2902 μή
1239 2849 1495 2905 συμβέβηκεν
1522 2851 1565 2894 ἓν

1051 2911 1075 2947 2
