1820 3158
98 405 487 453 -p.365‚b.Bekk.—
524 403 695 443 LIBJI.
727 399 973 441 CARVIII.
1021 394 1241 440 -p.349‚A,
1266 393 1393 428 cas.-
1445 387 1535 428 111

99 523 285 563 τοιοῦτον
315 515 427 560 ειναι.
576 511 873 570 Σφοδρότατον
908 509 984 564 μὲν
1014 525 1087 551 ουν
1116 507 1159 558 ἐξ
1186 504 1364 563 ἀνάγκης
1389 505 1437 548 τὸ
1467 503 1541 547 τά-
1571 511 1596 547 3

97 603 220 643 χιστα
250 521 520 643 φερόμενον·3
527 582 666 625 τύπτει
693 580 772 637 γὰρ
800 577 980 633 μάλιστα
1009 576 1079 618 διὰ
1100 575 1148 619 τὸ
1169 575 1318 629 τάχος·
1347 574 1412 616 ἐπὶ
1430 577 1542 616 πλεῖ-

102 671 199 698 στον
230 655 274 696 δὲ
305 653 457 709 πέφυκε
486 650 627 693 διΐέναι
654 648 702 691 τὸ
733 647 803 690 διὰ
830 645 982 695 παντὸς
1016 645 1117 687 ἴέναι
1151 642 1333 698 μάλιστα
1369 641 1545 697 δυνάμε-

39 711 42 713 A
102 742 185 775 νον,
224 725 409 765 τοιοῦτον
439 719 484 762 δὲ
511 719 558 761 τὸ
589 715 860 766 λεπτότατον,
892 712 996 757 ὥστ’
1023 713 1132 769 εἴπερ
1161 710 1187 767 ἦ
1215 715 1291 754 τοῦ
1317 709 1547 765 πνεύματος

104 792 227 849 φύσις
255 788 448 842 τοιαύτη,
496 786 677 840 μάλιστα
704 788 787 827 τῶν
817 782 1020 837 σωμάτων
1057 782 1124 824 καὶ
1152 779 1229 837 γὰρ
1258 779 1306 822 τὸ
1337 783 1417 836 πῦρ
1448 776 1548 821 ὅταν

103 859 224 914 μετὰ.
235 857 462 911 πνεύματος
493 850 542 912 ᾗ,
571 855 720 910 γίνεται
748 851 855 909 φλοξ
885 852 951 894 καὶ
981 849 1145 907 φέρεται
1171 848 1340 902 ταχέως.
1399 851 1440 889 4.
1464 846 1550 891 Οὔκ
1578 848 1603 887 4

105 927 155 970 ἂν
185 945 258 969 ουν
284 925 398 980 ὕδωρ
430 923 525 966 οὐδὲ
551 925 603 978 γῆ
633 921 762 963 αἶ’τιον
790 920 874 975 εἴη,
914 917 1020 960 ἀλλὰ
1047 921 1207 972 πνεῦμα
1239 919 1314 971 τῆς
1342 914 1549 971 κινήσεως,

105 995 205 1037 ὅταν
235 994 328 1036 εἷ’σω
355 992 458 1048 τύχῃ
488 990 582 1048 ρυὲν
609 990 656 1032 τὸ
685 988 764 1039 ἔξω
794 984 1151 1040 ἀναθυμιώμενον.
1190 983 1253 1026 διὸ
1275 985 1454 1040 γίνονται
1477 1000 1551 1037 νη-

106 1064 223 1122 νεμία
263 1080 300 1104 οι
338 1065 518 1102 πλεῖστοι
556 1059 622 1100 καὶ
658 1056 839 1112 μέγιστοι
878 1058 961 1097 τῶν
1001 1057 1206 1108 σεισμῶν·
1266 1050 1437 1106 συνεχὴς
1473 1050 1552 1107 γὰρ

108 1148 213 1173 ουσα
242 1127 266 1185 ἦ
298 1128 575 1181 ἀναθυμίασις
603 1125 830 1167 ἀκολουθεῖ
854 1120 910 1172 ὥς
937 1122 1002 1163 ἐπὶ
1029 1120 1077 1162 τὸ
1108 1120 1213 1163 πολὺ
1243 1123 1297 1177 τῇ
1333 1117 1443 1176 ὁρμῇ
1479 1122 1554 1174 τῆς

109 1199 258 1255 ἀρχῆς,
287 1195 389 1239 ὥστε
417 1194 443 1249 ἢ
457 1194 561 1236 εἴσω
586 1192 674 1247 ἅμα
701 1190 727 1246 ἢ
756 1190 835 1242 ἔξω
865 1187 976 1249 ὁρμᾷ
1004 1193 1130 1231 πᾶσα.
1193 1194 1232 1232 5.
1267 1187 1329 1231 Τὸ
1358 1186 1401 1230 δ’
1424 1187 1556 1236 ἐνίους
1585 1192 1608 1228 5

106 1267 293 1322 γίνεσθαι
339 1265 406 1306 καὶ
443 1261 675 1316 πνεύματος
720 1258 839 1309 ὄντος
883 1257 1003 1302 ουὸεν
1043 1257 1222 1314 ἄλογον·
1279 1254 1439 1313 ὁρῶμεν
1477 1254 1556 1312 γὰρ

107 1334 233 1376 ἐνίοτε
278 1330 366 1386 ἅμα
403 1330 566 1379 πλείους
603 1328 799 1377 πνέοντας
827 1326 1028 1381 ἀνέμους,
1071 1319 1127 1369 ὧν
1157 1324 1258 1368 ὅταν
1286 1326 1344 1375 εἷς
1376 1323 1454 1379 τὴν
1481 1327 1557 1380 γῆν

108 1399 272 1458 ὁρμήσῃ
300 1398 502 1456 θάτερον,
550 1396 663 1440 ἔσται
695 1395 927 1450 πνεύματος
965 1394 1084 1443 όντος
1123 1393 1309 1448 σεισμός·
1364 1389 1560 1441 ἐλάττους

109 1469 151 1512 δ’
185 1462 299 1511 οὗτοι
337 1467 385 1510 τὸ
426 1466 603 1523 μέγεθος
639 1466 820 1521 γίνονται
858 1463 927 1506 διὰ
963 1462 1012 1506 τὸ
1043 1464 1271 1520 διῃρῆσθαι
1309 1459 1386 1516 τὴν
1423 1458 1556 1516 ἀρχὴν

110 1538 177 1579 καὶ
207 1536 282 1591 τὴν
311 1535 446 1577 αῗτίαν
477 1534 625 1576 αὐτῶν.
684 1537 725 1575 6.
756 1533 841 1575 Καὶ
869 1531 1018 1580 νυκτὸς
1047 1530 1088 1572 δ’
1117 1530 1156 1573 οἳ
1186 1530 1348 1578 πλείους
1374 1528 1442 1570 καὶ
1470 1527 1560 1581 μεί-
1591 1532 1615 1566 6

113 1606 206 1657 ζους
240 1604 419 1659 γίνονται
454 1605 538 1644 τῶν
576 1603 777 1654 σεισμῶν,
829 1599 868 1642 οἳ
900 1599 945 1640 δὲ
974 1602 1050 1652 τῆς
1077 1596 1234 1654 ἡμέρας
1270 1597 1361 1654 περὶ
1401 1609 1563 1650 μεσημ-

117 1667 413 1778 ηιεηῑίεείἰξῇπ
438 1737 603 1788 quidem
636 1735 862 1775 necessario
893 1741 976 1781 est,
1014 1734 1125 1787 quod
1166 1733 1381 1773 celerrime
1419 1733 1563 1781 fertur,

117 1809 268 1859 quippe
297 1805 405 1857 quod
441 1806 492 1843 ob
522 1805 765 1844 celeritatem
795 1802 1060 1842 vehementer
1079 1803 1300 1855 percutiat:
1331 1801 1565 1853 longissime

116 1881 250 1914 autem
279 1872 472 1926 progredi
499 1872 542 1910 id
563 1879 698 1924 aptum
718 1877 798 1917 est,
828 1870 936 1923 quod
959 1870 1094 1909 omnia
1112 1870 1362 1923 pertransire
1389 1869 1566 1907 maxime

118 1948 271 1996 potest:
297 1948 417 1993 atque
444 1940 522 1979 hoc
551 1947 632 1990 est,
672 1939 782 1991 quod
810 1939 1098 1978 tenuissimum.
1168 1940 1311 1990 Itaque
1338 1938 1373 1976 si
1403 1937 1565 1989 spiritus

118 2017 260 2049 natura
287 2009 373 2048 eius
393 2008 503 2046 modi
528 2014 610 2058 est,
642 2008 817 2046 maxime
838 2006 1020 2046 omnium
1042 1999 1262 2059 ¹corporum
1290 2006 1457 2058 spiritus
1479 2005 1565 2043 vim

122 2077 314 2116 movendi
342 2076 516 2116 habebit.
575 2077 680 2115 Nam
710 2082 751 2114 et
775 2076 901 2128 igniS‚
941 2075 1104 2126 quando
1134 2089 1226 2114 cum
1255 2074 1402 2126 spiritu
1427 2074 1565 2120 fuerit,

122 2146 281 2184 flamma
302 2143 372 2195 fit,
401 2151 442 2183 et
458 2145 644 2183 celeriter
660 2144 832 2196 rapitur.
891 2142 930 2181 4.
964 2144 1061 2182 Non
1089 2144 1213 2195 igitur
1236 2155 1340 2193 aqua
1364 2147 1433 2179 aut
1457 2147 1568 2179 terra

125 2219 256 2250 motus
291 2213 368 2250 erit
397 2226 532 2261 causa,
571 2212 641 2250 sed
663 2213 848 2264 spiritus,
878 2211 1040 2263 quando
1062 2225 1176 2259 eum,
1209 2211 1279 2261 qui
1302 2215 1420 2247 extra
1440 2208 1568 2246 exha-

124 2281 251 2325 latur,
288 2279 397 2317 intro
423 2278 550 2317 fluere
572 2280 797 2331 contigerit.
855 2279 1057 2330 Quocirca
1079 2278 1246 2329 plurimi
1271 2277 1380 2329 iique
1403 2276 1570 2314 maximi

127 2352 257 2384 motus
280 2346 391 2383 caelo
413 2360 436 2383 a
456 2348 588 2385 ventis
614 2348 832 2399 tranquillo
858 2347 977 2385 fiunt.
1037 2346 1280 2385 Continuata
1306 2345 1413 2382 enim
1444 2343 1570 2382 exha-

126 2413 222 2452 latio
250 2412 439 2464 principii
466 2413 663 2465 impetum
691 2421 737 2453 ut
758 2415 980 2467 plurimum
1001 2414 1205 2466 sequitur,
1236 2426 1361 2464 quare
1380 2411 1573 2451 universa

126 2487 196 2519 aut
223 2480 344 2518 simul
371 2481 480 2519 intro
509 2487 577 2519 aut
594 2482 714 2521 simul
736 2488 852 2522 extra
867 2483 1011 2522 tendit.
1071 2485 1108 2520 5.
1139 2481 1310 2531 Aliquos
1329 2485 1464 2518 autem
1489 2485 1575 2518 ter-

63 2593 68 2602 ·
127 2561 197 2587 rae
223 2554 358 2586 motus
386 2549 506 2586 etiam
534 2555 659 2588 vento
682 2549 803 2588 flante
825 2550 939 2597 fieri,
979 2548 1084 2588 nihil
1109 2547 1276 2586 absurdi
1305 2553 1376 2586 est.
1433 2547 1575 2586 Plures

128 2616 235 2654 enim
254 2616 373 2654 simul
391 2616 546 2667 spirare
563 2616 772 2656 interdum
791 2617 1069 2666 observamus,
1100 2629 1277 2668 quorum
1296 2629 1389 2653 cum
1411 2615 1513 2653 alter
1532 2614 1574 2653 in

129 2689 279 2722 terram
305 2697 392 2722 sese
414 2685 638 2735 receperit,
668 2691 792 2723 vento
822 2685 1002 2736 spirante
1030 2690 1165 2723 terrae
1193 2692 1328 2722 motus
1351 2682 1434 2721 fiet.
1493 2683 1576 2721 Mi-

131 2752 241 2789 noris
262 2758 394 2790 autem
416 2750 459 2789 hi
478 2751 760 2790 vehementiae
779 2758 888 2799 sunt,
916 2753 1009 2805 quia
1031 2766 1174 2791 corum
1195 2751 1439 2803 principium
1456 2756 1577 2801 atque

132 2830 247 2856 causa
272 2818 426 2857 divisae
454 2826 562 2859 sunt.
632 2824 667 2857 6.
707 2821 841 2858 Noctu
871 2834 972 2859 vero
999 2821 1137 2873 plures
1167 2833 1213 2857 ac
1242 2819 1415 2857 maiores
1443 2824 1577 2857 terrae

134 2890 267 2923 motus
288 2886 510 2926 exsistunt:
543 2894 583 2926 et
606 2889 674 2938 qui
694 2888 874 2927 interdiu
898 2888 1000 2927 fiunt
1026 2889 1131 2928 circa
1159 2887 1372 2926 meridiem
1397 2887 1579 2924 excitan-
