1820 3158
2 19 14 654 i

0 1245 3 1330 1

317 349 406 392 138
472 360 766 398 EXCERPTA
788 360 868 398 EX
888 359 1179 398 COMMENT.
1200 361 1379 409 ALEX„
1408 362 1437 400 I.
1457 362 1599 400 PHIL.

311 463 414 505 ἀλλὰ
450 467 516 506 καὶ
552 466 595 517 ἐκ
632 469 704 519 τῆς
743 466 958 519 δραστικῆς
996 465 1202 518 δυνάμεως
1219 495 1230 514 ,
1285 466 1375 520 ἣτις
1415 468 1461 509 οὗ
1501 467 1710 524 πρόσεστιν

310 531 394 587 ἀέρι
412 532 470 585 ³5⁶).
520 535 720 584 Olymp-

412 596 461 639 ιΟ
496 598 588 649 μὲν
629 596 685 649 δὴ
728 600 816 649 τῆς
851 600 942 651 γῆς
977 596 1129 651 ὄγκος
1165 599 1385 652 πηλίκος
1422 598 1481 640 ἄν
1516 615 1596 647 τις
1634 599 1710 654 εἴη

307 663 437 718 πρὸς
464 662 523 704 τὰ
549 664 861 719 περιέχοντα
886 663 1106 718 μεγέθη,
1139 663 1229 706 οὒκ
1258 663 1465 718 ἄδηλον.
1496 664 1590 718 ἤδη
1619 664 1712 719 γὰρ

307 724 476 770 ὦπται
518 729 604 770 διὰ
632 734 730 772 τῶν
759 729 1156 784 ἀστρολογικῶν
1186 730 1551 785 θεωρημάτων
1579 728 1713 783 ἡμῖν,

307 793 387 835 ὅτι
424 793 554 836 πολύ
592 797 675 837 καὶ
712 799 809 838 τῶν
853 794 1056 851 ἄστρων
1099 797 1250 838 ἐνίων
1295 796 1523 839 ἐλάττων
1568 798 1712 849 ἕστί].

303 860 421 917 Πρὸς
445 861 520 914 μὲν
547 861 618 903 τὸν
642 862 774 904 πάντα
803 860 974 916 οὐρανὸν
1004 864 1168 916 σημείου
1196 857 1260 904 καὶ
1280 863 1443 917 κέντρου
1464 862 1579 917 λόγον
1601 861 1714 915 ἔχου-

304 941 357 968 σα
379 927 582 977 δέδεικται,
612 929 677 970 καὶ
695 928 769 982 τὴν
795 929 1030 985 περίμετρον
1058 929 1180 984 αὐτῆς
1198 924 1328 985 εὗρον.
1359 928 1431 971 δύο
1451 929 1526 985 γὰρ
1543 928 1714 984 ἀστέρας

301 995 511 1048 μετρίαζον
526 995 587 1048 **)
617 994 800 1048 ἀλλήλων
825 994 1045 1048 ἀπέχοντας
1072 994 1275 1049 διάστημα
1301 995 1515 1048 λαβόντες,
1545 996 1617 1050 καὶ>
1637 994 1711 1048 τὴν

300 1057 587 1102 ὑποτείνουσαν
614 1053 773 1109 τοῦτοις
801 1060 989 1115 γραμμὴν
1019 1062 1060 1102 ἐν
1089 1066 1139 1118 τῇ
1166 1066 1215 1118 γῇ
1241 1062 1531 1116 μετρήσαντες,
1570 1077 1712 1102 πεντα-

301 1127 446 1167 κοσίων
475 1127 648 1168 σταδίων
677 1126 846 1179 ἔχουσαν
874 1126 1026 1181 ταύτην
1055 1122 1170 1184 εὗρον
1190 1127 1403 1181 διάστημα.
1435 1131 1507 1169 τοῦ
1524 1129 1711 1182 μεγίστου

301 1191 346 1233 δὲ
371 1190 518 1233 κύκλου
545 1194 601 1241 εἲς
625 1193 856 1247 τριακοσίας
885 1191 1073 1246 ἑξήκοντα
1100 1195 1245 1249 μοίρας
1274 1194 1573 1248 διαιρουμένου,
1611 1192 1713 1234 ταύ·

299 1274 374 1306 τας
400 1258 463 1299 ε’πὶ
490 1258 586 1307 τοὺς
619 1260 902 1310 πεντακοσίους
939 1260 1126 1307 σταδίους
1161 1258 1567 1311 πολυπλασιάζοντες,
1616 1258 1711 1299 δέκα

299 1323 403 1366 ὀκτὼ
429 1323 638 1380 μυριάδων
667 1326 841 1366 σταδίων
876 1324 949 1379 τὴν
988 1329 1121 1367 πᾶσαν
1161 1325 1285 1379 αὐτῆς
1321 1326 1555 1380 περίμετρον
1593 1318 1713 1379 εὗρον

296 1388 556 1445 ὑπάρχουσαν
573 1391 651 1446 ***)
664 1405 675 1416 ·
733 1389 918 1445 δηλονότι
955 1391 1322 1444 συναπειλημμένου
1362 1392 1426 1432 καὶ
1453 1395 1526 1432 τοῦ
1561 1390 1711 1438 παντὸς

296 1455 447 1505 ὕδατος
483 1456 798 1512 συνερρυηκότος
835 1457 877 1498 ἔν
916 1463 1002 1506 τοῖς
1036 1456 1163 1510 αὐτῆς
1199 1457 1451 1510 κοιλώμασιν.
1502 1456 1710 1513 Ἀρῥιανὸς

298 1524 323 1563 δ
330 1522 341 1538 ’
366 1523 408 1564 ἒν
435 1527 493 1580 τῷ
521 1524 610 1577 περὶ
636 1523 847 1578 μετεώρων
874 1525 1075 1579 φησίν-ἲ),
1107 1521 1162 1571 ὡς
1192 1522 1488 1578 Ἐρατοσθένης
1515 1520 1536 1564 ὃ
1567 1525 1709 1577 Κυρη-

296 1595 407 1638 ναῖος
435 1590 684 1645 ἷσχυρίζεται,
712 1588 836 1634 ,εἴκοσι
859 1590 926 1630 καὶ
944 1588 1056 1631 πέντε
1084 1588 1286 1644 μυριάδας
1313 1590 1486 1630 σταδίων
1514 1588 1612 1642 ἔχειν
1625 1588 1708 1642 Η)

339 1744 377 1787 *)
405 1743 552 1788 Reliqua
562 1770 572 1787 ‚
600 1755 689 1789 quae
713 1750 835 1779 contra
863 1744 1088 1779 Aristotelem
1116 1744 1266 1789 proponi
1286 1755 1392 1789 posse
1414 1749 1531 1779 monet
1556 1743 1682 1787 Olym
1691 1763 1707 1769 -

382 1801 458 1844 pio
470 1802 492 1834 d
501 1811 523 1834 0
531 1811 549 1834 r
558 1811 582 1833 u
591 1811 610 1833 s
620 1826 631 1843 ,
662 1800 854 1838 omisimus,

338 1866 394 1908 **)
428 1868 503 1901 Scr.
526 1867 657 1911 μοίρας
675 1863 776 1909 μιᾶς.
819 1868 871 1900 Ita
901 1866 994 1900 enim
1027 1864 1338 1908 Simplicius,
1374 1864 1434 1908 qui
1456 1865 1601 1899 eandem
1630 1875 1705 1898 rem

382 1927 506 1956 tractat
529 1923 574 1955 ad
600 1921 743 1955 Arist.
774 1923 815 1955 de
838 1926 918 1956 coel.
954 1923 1018 1955 fol.
1045 1921 1122 1965 134,
1147 1931 1181 1953 a.

338 1985 413 2032 ***)
440 1988 514 2023 cfr.
540 1987 736 2032 Simplic.
758 1989 820 2022 1.1.
838 1994 873 2022 et
896 1998 985 2031 quae
1006 1989 1145 2022 Pater
1168 1987 1331 2031 exposuit
1352 1987 1391 2020 in
1414 1985 1704 2020 commentatione

380 2045 570 2080 vernacule
601 2043 821 2088 conscripta:
868 2046 973 2078 Ueber
1005 2046 1058 2077 die
1079 2048 1239 2087 Lc‘ingen-
1262 2047 1329 2078 und
1349 2043 1620 2076 Flc‘ichenmaasse
1645 2042 1704 2073 der

379 2103 489 2134 Alien.
524 2111 560 2143 p.
585 2100 638 2134 18.
1238 2101 1241 2103 ’

336 2166 380 2210 †)
405 2166 565 2200 Eundem
580 2165 708 2199 librum
723 2166 864 2199 laudant
887 2166 1119 2199 Johannes
1142 2164 1423 2207 Philoponus
1447 2163 1491 2195 ad
1513 2161 1702 2196 Aristot.

381 2224 476 2265 Phys.
491 2234 526 2266 p.
537 2220 595 2256 24.
629 2222 717 2255 Pho
729 2220 816 2255 tius
838 2233 874 2265 p.
889 2222 990 2255 1378.
1030 2221 1204 2265 Excerpta
1231 2231 1278 2254 ex
1302 2230 1345 2253 eo
1368 2217 1587 2262 reperiuntur
1612 2218 1703 2260 apud

380 2278 629 2314 stobaeum
651 2281 763 2319 Eczog.
788 2278 885 2320 Phys.
913 2278 941 2320 1,
960 2277 1017 2312 29.
1042 2289 1075 2320 p.
1088 2276 1166 2311 584.
1194 2279 1249 2319 30,
1274 2288 1308 2320 p.
1322 2276 1401 2310 602.
1445 2275 1552 2307 Plane
1583 2273 1703 2309 diver-

381 2346 441 2368 sus
464 2340 518 2368 est
538 2334 569 2368 is
586 2333 806 2367 Arrianus
828 2333 871 2366 ab
886 2332 1037 2367 Arriano
1053 2332 1186 2367 Stoico.
1212 2332 1284 2367 Cfr.
1300 2332 1469 2364 Heeren
1494 2332 1699 2364 Commentat.

381 2392 424 2423 de
439 2390 527 2431 font.
556 2392 645 2424 Stoh.
672 2391 756 2424 Vol.
771 2391 815 2423 ΙΙ.
842 2401 876 2433 p.
893 2391 958 2424 180
974 2401 1026 2433 sq.
1049 2389 1109 2433 qui
1132 2384 1177 2423 ὥς
1198 2389 1232 2421 h.
1243 2389 1267 2420 l.
1293 2397 1357 2430 pro
1370 2381 1428 2419 ὅτι
1450 2384 1600 2429 positum
1622 2394 1700 2417 esse

381 2452 523 2489 censet,
556 2452 595 2481 ut
617 2446 706 2480 nihil
728 2445 811 2479 inde
835 2446 879 2479 de
901 2444 1103 2479 Arriani
1128 2449 1240 2478 aetate
1264 2440 1425 2477 concludi
1450 2445 1565 2483 queat.

337 2511 405 2555 ††)
427 2512 502 2546 Nisi
521 2513 626 2547 fallor
648 2513 844 2546 addendum
866 2513 941 2544 aaz*
952 2507 1152 2553 δισχιλίους,
1176 2511 1269 2554 quod
1293 2513 1386 2553 patet
1409 2517 1455 2540 ex
1479 2506 1503 2539 S
1513 2510 1580 2538 tra
1588 2505 1610 2537 b
1619 2514 1639 2537 o
1647 2515 1668 2536 n
1677 2514 1697 2537 e

378 2569 424 2602 ΙΙ.
450 2580 483 2612 p.
497 2571 572 2602 113.
595 2580 631 2612 p.
643 2569 721 2602 123.
743 2568 879 2602 Vi‘tru
887 2579 926 2601 v.
950 2567 980 2608 1,
995 2567 1028 2600 6.
1063 2566 1176 2599 Plin.
1200 2568 1291 2599 Hist.
1314 2566 1381 2596 nai.
1408 2562 1454 2605 11,
1471 2564 1546 2597 102.
1579 2560 1608 2595 C
1619 2572 1640 2595 e
1651 2572 1696 2594 n-

378 2635 394 2656 s
405 2634 427 2657 o
438 2635 457 2657 r
467 2624 524 2657 in.
549 2626 591 2658 de
613 2627 667 2657 die
684 2626 789 2656 natali
812 2634 845 2657 c.
871 2624 925 2657 13.
950 2621 1096 2655 laudatis
1118 2632 1139 2654 a
1159 2621 1189 2654 B
1199 2632 1219 2654 e
1229 2631 1248 2653 r
1256 2630 1280 2651 n
1289 2619 1314 2651 h
1324 2629 1344 2651 a
1353 2628 1372 2651 1·
1382 2618 1403 2650 d
1415 2629 1440 2661 y
1461 2618 1694 2651 Eratosthenic.

376 2690 414 2722 p·
440 2679 482 2713 61
508 2690 557 2723 sq.
593 2679 751 2723 quamvis
781 2677 986 2713 dissentiant
1012 2676 1118 2711 etiam
1148 2674 1317 2709 Marcia
1326 2684 1348 2706 n
1357 2683 1404 2706 us
1432 2674 1549 2706 Hera
1559 2674 1598 2706 cl
1609 2684 1628 2706 e
1637 2683 1658 2705 o
1670 2678 1694 2706 t.

378 2745 412 2776 p.
437 2734 471 2768 6.
507 2736 562 2768 ed.
591 2736 656 2768 Hu
668 2736 716 2768 ds
727 2745 791 2769 on.
834 2732 1043 2767 Martian.
1078 2731 1106 2766 G
1117 2742 1136 2764 a
1147 2731 1273 2774 pella
1302 2729 1404 2770 VIII,
1430 2730 1510 2770 289,
1548 2738 1694 2771 quorum

377 2795 554 2823 correctus
581 2790 641 2823 ille
664 2791 706 2824 ab
727 2791 792 2823 Hu
800 2790 822 2822 d
831 2799 876 2823 so
885 2800 908 2821 n
918 2798 952 2822 ο.
998 2786 1091 2820 Vide
1109 2785 1211 2820 etiam
1223 2785 1423 2818 Eratosthen.
1439 2784 1691 2827 Geographicor.
