1820 3158
307 318 366 361 82
414 321 632 365 -1>·³⁵ss‚b-
655 319 815 353 Bekk·--
868 317 1258 359 Lm.11.cA1².111.
1304 313 1526 357 -p.342,H.
1552 314 1676 349 cas-

287 432 465 487 ἀἴθριος
491 431 690 478 ἐνταῦθα,
731 426 772 467 ἓν
800 425 845 467 δὲ
871 429 957 473 τοῖς
987 423 1177 471 ἐναντίοις
1212 420 1436 476 ὑδατώδης.
1485 421 1632 475 ὁμοίως
1659 422 1704 464 δὲ

249 504 301 540 28
312 499 377 540 καὶ
406 495 428 539 ὃ
447 495 565 543 νότος
592 494 754 547 αἴθριος
782 497 867 540 τοῖς
893 492 980 546 περὶ
1010 489 1084 543 τὴν
1094 487 1274 543 Λιβύην.
1331 494 1398 530 28.
1426 489 1545 530 Πολὺ
1572 484 1644 530 οὖν
1663 489 1704 530 ἓν

302 568 359 620 τῷ
387 560 694 616 καταφερομένῳ
720 556 838 599 ὕδατι
867 556 1136 611 συμβάλλεται
1165 559 1367 605 τοιοῦτον,
1397 556 1462 596 καὶ
1490 558 1563 596 τοῦ
1586 570 1706 607 μετο-

302 629 440 683 πώρου
477 625 628 667 πλατέα
663 623 715 665 τὰ
742 622 892 665 ὕδατα·
938 622 1088 677 ἀνάγκη
1127 621 1202 676 γὰρ
1239 620 1290 662 τὰ
1323 619 1526 675 βαρύτερα
1567 624 1707 675 πρῶτα

302 694 519 748 φέρεσθαι·
577 689 675 732 ὥστ’
709 690 751 730 ἓν
789 689 900 738 ὅσοις
934 690 1055 731 ἔνεστι
1094 692 1167 741 τῆς
1203 691 1390 739 τοιαῦτης
1424 690 1496 741 γῆς
1533 690 1706 740 πλῆθος,

250 765 300 801 29
318 758 422 813 ῥέπει
449 757 617 810 τάχιστα
654 755 764 798 κάτω
802 760 941 797 ταῦτα.
1009 762 1076 796 29.
1116 755 1199 795 Καὶ
1227 753 1359 808 θ·ερμή
1394 769 1434 807 γε
1464 751 1488 806 ἡ
1519 752 1708 794 θάλαττα

305 824 370 864 διὰ
398 822 517 864 τοῦτό
547 824 675 864 ἐστιν’
712 821 843 863 πάντα
872 821 947 877 γὰρ
966 819 1043 862 ὅσα
1063 818 1304 875 πεπύρωται,
1334 819 1407 872 ἕχει
1428 818 1592 871 δυνάμει
1609 823 1709 873 θερ-

302 888 460 943 μότητα
487 890 529 930 ἐν
558 886 704 936 αὖτοΐς.
743 886 842 943 ὁρᾶν
871 887 908 929 δ’
941 887 1066 936 ἔξεστι
1094 888 1159 928 καὶ
1188 885 1261 940 τὴν
1290 887 1425 927 κονίαν
1453 887 1517 927 καὶ
1545 885 1617 938 τὴν
1644 884 1710 926 τέ-

306 971 415 1010 φραν
453 957 517 996 καὶ
555 955 627 1008 τὴν
663 952 883 996 ὑπόστασιν
919 957 999 994 τῶν
1037 952 1148 1009 ζῴων
1185 954 1250 994 καὶ
1284 952 1357 1006 τὴν
1387 951 1510 1006 ξηρὰν
1544 953 1608 992 καὶ
1636 950 1711 1004 τὴν

303 1019 450 1076 ὑγράν·
493 1022 558 1062 καὶ
586 1025 666 1062 τῶν
695 1019 961 1075 θερμοτάτων
988 1035 1029 1073 γε
1059 1019 1160 1060 κατὰ
1188 1019 1261 1073 τὴν
1289 1020 1440 1060 κοιλίαν
1471 1017 1581 1074 ζῴων
1609 1033 1711 1069 συμ-

252 1094 303 1128 30
314 1089 440 1140 βαίνει
473 1079 728 1141 θερμοτάτην
755 1084 852 1127 εἶναι
879 1085 953 1139 τὴν
982 1083 1214 1127 ὗπόστασιν.
1274 1093 1338 1127 30.
1369 1087 1525 1126 Γίνεται
1547 1083 1623 1136 μὲν
1640 1078 1712 1124 οὖν

306 1153 366 1194 ἀεὶ
394 1152 620 1207 πλατυτέρα
649 1152 716 1193 διὰ
744 1151 894 1205 ταύτην
922 1151 995 1205 τὴν
1025 1153 1166 1200 αἰτίαν,
1207 1151 1392 1205 ἀνάγεται
1422 1151 1462 1191 δ’
1487 1150 1550 1191 ἀεί
1574 1166 1612 1191 τι
1640 1148 1713 1202 μέ-

307 1236 376 1274 ρος
403 1219 526 1272 αὐτῆς
550 1218 652 1271 μετὰ
679 1222 751 1260 τοῦ
778 1218 965 1272 γλυκέος·
995 1217 1086 1258 ἀλλ’
1118 1217 1284 1259 ἔλαττον
1314 1215 1492 1271 τοσούτῳ
1522 1214 1618 1257 ὅσον
1647 1215 1713 1255 καὶ

307 1285 350 1327 ἔν
377 1290 433 1342 τῷ
461 1283 616 1340 ὖομένῳ
651 1283 697 1325 τὸ
737 1281 918 1338 ἁλμυρὸν
957 1286 1022 1325 καὶ
1057 1283 1187 1325 πλατὺ
1226 1287 1300 1325 τοῦ
1335 1282 1497 1338 γλυκέος
1535 1281 1710 1322 ἔλαττον.

253 1358 300 1392 31
317 1350 454 1406 διόπερ
482 1351 602 1401 ἰσάζει
632 1347 686 1399 ὥς
713 1351 856 1391 ἐπίπαν
876 1352 1008 1392 εἷπεῖν.
1066 1357 1133 1392 31.
1155 1350 1244 1392 εὈτι
1267 1350 1310 1391 δὲ
1327 1351 1473 1404 γίνεται
1495 1348 1713 1400 ἀτμίζουσα

306 1416 475 1470 πότιμος
510 1418 575 1458 καὶ
613 1416 686 1458 οὒκ
717 1418 773 1464 εἷς
799 1416 1010 1458 θάλατταν
1040 1418 1285 1472 συγκρίνεται
1313 1416 1358 1457 τὸ
1391 1415 1575 1465 ἀτμίζον,
1616 1412 1714 1454 ὅταν

307 1487 537 1536 συνιστῆται
566 1483 696 1533 πάλιν,
726 1482 1001 1537 πεπειράμενοι
1032 1483 1206 1537 λέγομεν.
1245 1482 1388 1535 πάσχει
1417 1481 1462 1522 δὲ
1493 1481 1558 1522 καὶ
1586 1473 1714 1520 τᾶλλα

308 1617 557 1655 serenitatem
587 1617 723 1663 affert,
763 1629 904 1667 aquam
933 1629 1032 1655 vero
1060 1618 1102 1655 in
1130 1616 1228 1654 locis
1254 1615 1482 1653 contrariis:
1521 1613 1717 1663 similique

309 1682 427 1720 modo
448 1684 595 1721 Auster
615 1684 658 1720 in
678 1684 816 1722 Africa
841 1696 1002 1721 serenus
1033 1689 1100 1721 est.
1158 1686 1222 1720 28.
1253 1681 1373 1732 Quod
1391 1682 1512 1732 igitur
1541 1681 1619 1718 tale
1647 1685 1716 1725 eet,

306 1749 347 1786 in
366 1748 506 1795 imbre,
527 1749 594 1800 qui
609 1749 795 1787 deorsum
811 1749 954 1798 fertur,
974 1749 1142 1787 multum
1158 1748 1351 1786 conducit.
1379 1749 1512 1798 Atque
1528 1752 1716 1784 autumno

281 1839 284 1842 ι
318 1813 562 1852 salsiusculae
591 1815 780 1853 imbrium
810 1820 942 1865 guttae
973 1821 1076 1853 sunt.
1131 1815 1245 1863 Quae
1273 1814 1378 1851 enim
1405 1813 1587 1863 graviora
1614 1817 1717 1859 sunt,

307 1880 479 1931 primum
509 1880 737 1918 deferantur
763 1893 922 1918 necesse
950 1886 1019 1917 est.
1096 1881 1230 1928 Quare
1257 1880 1299 1916 in
1327 1879 1467 1929 quibus
1497 1879 1580 1916 eius
1608 1877 1718 1915 modi

307 1953 438 1984 terrae
455 1947 557 1984 inest
576 1946 708 1996 copia,
739 1945 836 1983 haec
854 1946 1062 1983 celerrime
1083 1945 1268 1982 deorsum
1288 1945 1489 1982 inclinant.
1544 1947 1610 1982 29.
1640 1944 1718 1981 At-

308 2025 384 2062 que
405 2010 506 2049 hanc
523 2025 615 2049 sane
631 2011 682 2049 ob
701 2025 855 2049 causam
877 2011 1047 2049 calidum
1072 2024 1180 2048 mare
1199 2016 1269 2047 est.
1327 2011 1594 2060 Quaecunque
1611 2010 1716 2047 enim

307 2077 443 2133 udusta
466 2084 578 2125 suut,
609 2078 792 2116 facultate
820 2079 990 2115 calorem
1011 2077 1052 2114 in
1072 2091 1114 2114 se
1136 2076 1299 2114 habent:
1326 2076 1446 2126 idque
1466 2075 1605 2114 videre
1625 2076 1719 2113 licet

309 2143 349 2181 in
371 2144 525 2192 cinere,
561 2144 604 2181 in
630 2144 734 2181 calce
759 2149 799 2182 et
826 2144 869 2181 in
895 2143 1122 2181 animalium
1151 2143 1394 2191 sedimento,
1431 2149 1513 2179 tam
1542 2139 1718 2189 humido,

310 2222 426 2260 quam
446 2210 560 2248 sicco.
593 2210 701 2260 Quin
718 2210 835 2248 etiam
853 2209 1004 2257 accidit,
1032 2215 1078 2247 ut
1095 2222 1264 2259 quorum
1285 2209 1511 2246 animalium
1528 2209 1642 2246 alvus
1661 2213 1719 2246 est

310 2274 560 2323 calidissima,
599 2289 740 2314 eorum
772 2277 889 2314 etiam
917 2276 1177 2313 sedimentum
1208 2276 1486 2312 calidissimum
1512 2273 1717 2312 habeatur.

312 2345 374 2380 30.
404 2342 549 2380 Saleius
575 2342 695 2392 igitur
724 2343 882 2393 quidem
902 2341 1004 2380 hanc
1022 2342 1072 2379 ob
1094 2355 1249 2387 causam
1265 2354 1420 2391 semper
1441 2340 1584 2379 evadit.
1624 2340 1719 2379 Eius

256 2415 260 2422 ‘
310 2420 409 2445 vero
432 2408 561 2458 aliqua
586 2422 677 2459 pars
706 2422 785 2446 una
813 2423 904 2447 cum
930 2409 1037 2446 dulci
1076 2422 1232 2458 semper
1259 2407 1473 2454 attollitur,
1511 2406 1580 2444 sed
1609 2411 1716 2442 tanto

310 2473 453 2520 minor,
481 2481 624 2523 quanto
645 2480 685 2512 et
708 2475 750 2512 in
768 2476 924 2526 pluvia,
953 2475 1056 2525 quod
1081 2474 1223 2511 salsum
1243 2480 1314 2521 est,
1340 2486 1363 2510 a
1380 2472 1484 2513 dulci
1506 2484 1718 2521 exsuperii*-

310 2545 385 2576 tur.
446 2540 538 2588 Quo
560 2539 606 2577 fit
633 2547 678 2577 ut
696 2542 907 2591 aequalitas
927 2541 1139 2592 quaedam,
1170 2546 1213 2578 ut
1232 2539 1392 2577 omnino
1414 2537 1604 2584 dixerim,
1632 2550 1718 2574 ser-

310 2610 439 2643 vetur.
500 2609 564 2644 31.
595 2606 695 2644 Cum
725 2620 824 2644 vero
849 2608 892 2645 in
914 2619 1103 2658 vaporem
1123 2607 1221 2653 abit,
1250 2605 1420 2655 potabile
1440 2602 1548 2650 fieri,
1581 2603 1716 2639 necin

312 2672 429 2708 maris
454 2684 613 2721 aquam,
644 2661 734 2710 cum
761 2686 898 2710 rursus
929 2674 1097 2713 coiverit
1123 2672 1187 2722 iq,
1213 2671 1321 2721 quod
1342 2671 1383 2706 in
1402 2682 1592 2719 vaporem
1608 2668 1717 2714 abiit,

311 2748 581 2784 concrescere,
614 2737 720 2774 docti
745 2739 990 2788 experientia
1016 2738 1194 2774 dicimus.
1258 2737 1345 2773 Hoc
1371 2741 1501 2772 nutem
1532 2734 1651 2772 modo
1679 2740 1718 2782 et
