1812 3158
454 366 678 410 LIBRUM
705 365 948 409 PRIMUM.
1007 365 1126 406 CAP.
1145 366 1224 406 111.
1465 356 1562 402 349

122 492 279 523 aestate
289 495 306 530 ;
336 482 427 522 ideo
445 497 530 523 non
549 484 686 521 minus
702 481 858 534 hyeme,
887 494 1015 534 quam
1041 486 1202 519 aestate
1219 479 1293 519 ae‘r
1312 476 1478 520 deberet
1496 481 1564 519 in-

119 553 324 590 calescere
335 567 347 590 :
369 566 526 602 semper
542 552 653 589 enim
671 548 833 589 caelum
849 551 968 603 rapit
985 548 1254 587 circulariter
1267 547 1405 587 ae'rem
1425 548 1565 587 eodem

118 620 238 658 modo
251 633 266 666 ,·
298 619 390 658 ideo
410 633 570 670 semper
590 616 753 657 deberet
763 618 871 668 fieri
888 618 997 656 idem
1016 614 1142 667 calor,
1171 630 1261 654 cum
1285 616 1422 655 eodem
1443 616 1563 655 modo

113 702 195 738 per
217 696 346 726 totum
367 701 516 725 annum
536 695 726 725 occurrat
747 686 822 725 a'e'r
841 687 902 725 ad
917 682 1078 725 solidas
1094 692 1239 738 partes
1258 693 1412 724 terrae.
1471 686 1564 724 Ne-

120 769 199 807 que
221 764 282 794 est
303 756 540 804 dicendum,
572 754 685 807 quod
699 755 764 793 sol
777 769 853 793 sua
873 754 1079 807 qualitate
1106 752 1362 804 calefaciat:
1392 755 1496 806 quia
1518 753 1567 791 id

114 826 256 873 primo
280 831 320 862 et
338 831 489 862 contra
508 822 797 870 Aristotelem,
829 823 901 874 qui
921 822 965 860 in
985 820 1106 860 libris
1131 821 1180 860 de
1206 822 1323 860 caelo
1355 820 1446 861 vult
1472 836 1565 860 cae-

119 889 218 929 leste
238 905 389 942 eorpus
411 893 587 930 immune
607 905 691 930 esse
712 891 763 929 ab
786 891 893 929 omni
917 891 1135 928 contraria
1158 890 1381 942 qualitate,
1431 888 1567 928 Prae-

118 966 237 996 terea
264 959 300 996 si
326 959 390 997 sol
416 960 620 1011 qualitate
642 971 723 997 sua
750 956 1025 1010 calefaceret,
1058 960 1163 1010 quia
1185 959 1274 1009 ipse
1300 966 1362 996 est
1388 956 1564 1007 calidus,

118 1033 354 1078 sequeretur
377 1027 491 1079 quod
514 1025 609 1065 loca
635 1024 718 1065 soli
737 1027 1052 1078 propinquiora
1080 1026 1215 1078 magis
1244 1033 1379 1064 essent
1405 1026 1566 1073 calida,

118 1102 277 1132 remota
304 1109 401 1133 vero
426 1097 589 1142 minus5
627 1095 717 1133 ideo
744 1096 948 1132 montium
973 1095 1250 1142 summitates,
1287 1109 1368 1146 quo
1394 1094 1566 1133 altiores

119 1169 267 1211 essent,
289 1171 426 1201 essent
446 1163 679 1209 calidiores,
707 1162 836 1200 valles
854 1175 950 1200 vera
958 1161 1233 1214 frigidiores,
1265 1163 1367 1213 quia
1379 1164 1567 1213 patiens,

119 1244 201 1282 quo
228 1232 362 1282 magis
382 1233 669 1283 propinquum
697 1238 759 1268 est
784 1231 954 1282 agenti,
988 1231 1120 1282 magis
1138 1231 1339 1280 patitur:
1370 1229 1451 1268 Ιιοο
1468 1243 1566 1269 vero

119 1312 140 1335 e
161 1299 376 1336 contrario
402 1312 444 1336 se
461 1298 601 1346 habet,
631 1305 678 1337 ut
700 1297 898 1337 videmus.
955 1297 1040 1337 Sed
1062 1298 1142 1336 hoc
1166 1295 1326 1336 clarum
1348 1305 1409 1336 est
1429 1299 1476 1336 in
1495 1300 1568 1337 via

110 1367 406 1419 peripatetica,
438 1367 551 1418 quod
564 1368 699 1406 sidera
718 1374 758 1404 et
774 1364 947 1405 caeleste
964 1380 1113 1418 corpus
1131 1367 1290 1405 nullam
1306 1365 1467 1404 habent
1484 1363 1569 1404 ele-

116 1441 366 1483 mentarem,
395 1448 525 1486 neque
551 1436 809 1473 contrariam
836 1435 1100 1487 qualitatem,
1123 1435 1198 1472 sed
1214 1441 1329 1473 motu
1347 1440 1511 1472 tantum
1530 1441 1570 1471 et

115 1502 265 1540 lumine
287 1509 424 1554 agunt
447 1503 493 1540 in
510 1502 618 1540 haee
634 1502 862 1555 inferiora.
898 1503 997 1542 Ideo
1018 1517 1096 1555 quo
1107 1510 1243 1553 pacto
1264 1515 1315 1540 ex
1332 1509 1446 1540 motu
1462 1499 1570 1540 caeli

117 1577 158 1607 et
173 1571 328 1608 solaris
348 1570 533 1620 corporis
554 1569 642 1616 fiat
671 1570 790 1608 calor
814 1571 859 1608 in
880 1570 992 1618 ae're,
1023 1571 1095 1622 qui
1120 1578 1183 1608 est
1209 1570 1326 1621 apud
1346 1582 1442 1618 nos,
1470 1570 1569 1607 aliis

115 1637 306 1688 relinquo
333 1637 704 1675 considerandum.-
735 1645 796 1675 est
811 1640 923 1675 enim
940 1637 1020 1676 hoc
1045 1637 1219 1676 dubium
1244 1651 1373 1675 unum
1391 1651 1441 1675 ex
1465 1638 1567 1685 illis,

119 1718 225 1755 quae
251 1718 315 1742 me
344 1705 419 1742 diu
444 1704 666 1742 sollicitum
684 1711 907 1744 tenuerunt
936 1706 981 1744 in
1004 1707 1078 1743 via
1093 1704 1352 1744 Aristotelis.
1409 1705 1493 1744 Pro
1520 1701 1568 1746 τὸ

115 1778 210 1811 ante
238 1768 433 1825 προσεχές
469 1771 559 1810 cod.
590 1772 641 1811 N.
670 1769 793 1812 habet
823 1769 913 1812 τότε
946 1794 997 1801 -
1029 1771 1116 1813 καὶ
1145 1776 1292 1813 ποιεῖ
1314 1770 1411 1825 τὴν
1438 1775 1568 1828 θερ-

115 1827 427 1893 advntu-'fii
467 1838 534 1878 καὶ
562 1842 675 1879 ποιεῖ’
695 1836 742 1880 τὸ
770 1835 1011 1893 ὑπέκκαυμα
1050 1842 1138 1881 cas.
1165 1842 1209 1881 in
1234 1842 1414 1894 margine
1442 1848 1484 1881 et
1511 1843 1568 1881 ita

116 1906 282 1946 exhibet
313 1908 463 1959 Olym
475 1908 558 1959 pio
570 1907 676 1948 dor.
706 1908 819 1948 Aldi.
848 1931 905 1939 —-
947 1909 1110 1949 Deinde
1135 1907 1237 1963 νπὲρ
1256 1905 1332 1961 τὴν
1348 1905 1434 1949 ἄνω
1453 1924 1570 1963 περι-

115 1971 251 2029 φοράν
270 1975 400 2027 prima
415 1989 538 2015 manu
553 1977 608 2015 N.
629 1983 670 2015 et
687 1988 786 2015 mox
803 1977 969 2017 inverso
988 1978 1133 2017 ordine
1151 1974 1256 2030 ξηρὰ
1275 1975 1342 2016 καὶ
1361 1973 1506 2031 ψυχρά
1518 1980 1566 2018 Ε.

116 2044 233 2094 Quae
256 2043 336 2082 sint
358 2043 434 2082 ista
466 2039 562 2083 ὅσα
591 2040 724 2083 ἄλλα
752 2042 968 2092 τούτοις
998 2043 1294 2086 ἀκολουθεῖ·
1317 2043 1459 2098 πάθη
1491 2047 1567 2085 do-

115 2117 179 2149 cet
210 2111 540 2151 Aristoteles
572 2112 621 2150 de
643 2120 838 2165 generat.
867 2121 906 2151 et
928 2116 1107 2152 interitu
1125 2115 1177 2164 II,
1199 2119 1238 2154 2.
1257 2128 1299 2166 p.
1323 2118 1416 2164 329,
1438 2115 1480 2154 b.
1510 2136 1567 2143 —-

114 2191 158 2217 τε
184 2184 275 2229 post
295 2175 489 2230 κινήσεως
509 2180 702 2219 omittunt
723 2180 769 2219 F.
788 2182 840 2220 H.
858 2182 912 2220 N.
933 2195 1108 2234 quorum
1126 2181 1309 2220 codicum
1332 2182 1414 2220 duo
1429 2189 1566 2234 poste-

115 2244 245 2283 riores
269 2245 464 2286 exhibent
485 2238 536 2298 ’ἧς
555 2246 621 2287 καὶ
640 2245 715 2299 τὴν
734 2247 882 2288 αἰτίαν.
899 2273 956 2279 -
985 2246 1091 2302 ἀρχὴ
1111 2250 1392 2288 Aristoteli
1420 2256 1480 2288 est
1498 2265 1566 2289 re-

116 2312 267 2351 motior
290 2326 429 2360 causa,
462 2313 573 2353 αἰτία
601 2317 771 2368 propior
791 2317 870 2367 ita,
902 2324 948 2356 ut
975 2312 1080 2370 ἀρχὴ
1106 2318 1158 2356 sit
1187 2318 1299 2369 quasi
1321 2317 1565 2370 principium

116 2381 191 2431 τῆς
210 2378 354 2427 αῗτίας.
415 2381 539 2431 Quod
568 2395 620 2420 ex
650 2384 873 2422 Aristot.
903 2384 1136 2436 Metaphys.
1159 2386 1232 2434 IV,
1257 2390 1295 2426 1.
1316 2400 1354 2438 p.
1381 2391 1502 2436 1013,
1521 2403 1566 2428 at

115 2449 258 2487 πασῶν
285 2444 362 2498 μὲν
391 2439 462 2487 οὖν
490 2445 623 2488 κοινὸν
649 2451 730 2490 τῶν
759 2447 896 2505 ἀρχῶν
924 2448 972 2491 τὸ
1003 2453 1167 2505 πρῶτον
1195 2447 1317 2504 εἶναι,
1351 2449 1452 2494 ὅθεν
1477 2452 1503 2508 ἢ
1525 2454 1567 2495 ἒ-

115 2527 204 2555 στιν
232 2511 258 2566 ἢ
284 2513 432 2568 γίνεται
461 2511 487 2568 ἢ
521 2513 770 2569 γινώσκεται.
821 2517 998 2570 Αηαζγι.
1018 2520 1230 2558 Posteria.
1251 2522 1272 2560 Ι
1283 2550 1296 2569 ,
1318 2525 1358 2561 2.
1380 2536 1422 2574 p.
1440 2527 1509 2574 72,
1523 2540 1564 2565 a:

115 2579 244 2623 ταῧτὸ
273 2579 350 2637 γάρ
380 2581 482 2637 λέγω
511 2587 675 2638 πρῶτον
715 2584 781 2625 καὶ
811 2582 958 2639 ἀρχήν·
989 2582 1093 2639 ἀρχὴ
1124 2583 1164 2640 df
1185 2585 1294 2627 ἐστὶν
1323 2586 1567 2639 ἀποδείξεως

116 2647 315 2703 πρότασις
343 2648 507 2703 ἅμεσος,
541 2649 693 2705 ι’ίμεσος
722 2650 767 2692 δὲ
793 2644 845 2706 ἧς
871 2649 928 2706 μή
958 2650 1199 2707 ἔστινᾶλλη
1232 2656 1424 2712 προτέρα.
1482 2663 1566 2700 Το-

110 2720 199 2767 pie.
223 2721 256 2768 1,
277 2724 314 2759 1.
341 2733 381 2772 p.
407 2725 501 2769 100,
522 2722 568 2761 b:
600 2719 684 2761 ἔστι
715 2720 760 2762 δὲ
789 2718 931 2774 ἀληθῆ
959 2719 1035 2773 μὲν
1063 2721 1130 2762 καὶ
1160 2726 1304 2777 πρῶτα
1332 2723 1383 2766 τὰ
1414 2724 1472 2781 μὴ
1503 2725 1560 2767 δι’

118 2779 287 2839 ἑτέρων,
326 2783 432 2827 ἀλλὰ
461 2785 517 2828 δι’
542 2784 677 2830 αὑτῶν
706 2787 851 2842 ἔχοντα
878 2787 954 2842 τὴν
982 2789 1140 2831 πίστιν·
1171 2788 1219 2832 οὗ
1242 2791 1308 2833 δεῖ
1317 2791 1394 2849 γὰρ
1415 2793 1458 2835 ἓν
1478 2801 1566 2844 τοῖς

118 2849 447 2905 ἓπιστημονικαΐς
485 2853 632 2911 ἀρχαῖς
671 2855 949 2911 ἓπιζητεΐσθαι
987 2855 1033 2898 τὸ
1063 2855 1132 2900 διοὶ
1158 2859 1220 2911 τί,
1259 2858 1356 2902 ἀλλ’
1390 2859 1564 2917 ἑκάστην
