1774 3198
321 351 412 395 598
535 355 984 397 COMMENTARIUS
1013 357 1074 396 IN
1097 358 1501 397 METEOROLOG.

322 468 463 516 νυκτός
498 468 642 508 omisso
673 465 719 506 δέ
752 468 869 506 Alex.
898 468 969 507 fol.
1005 471 1103 517 107,
1125 481 1157 506 a.
1188 469 1238 507 A.
1273 490 1329 497 -—-
1384 470 1448 508 De
1476 470 1723 519 sequentibus

324 538 396 575 cfr.
416 534 617 573 Problem.
644 535 795 584 XXV,
823 534 861 572 4.
891 548 932 585 p.
954 537 1053 582 938,
1072 548 1118 573 a:
1145 530 1230 573 Διά
1257 533 1299 573 τί
1322 535 1454 586 μεσῶν
1482 537 1632 574 νυκτῶν
1660 536 1724 575 καὶ

324 599 574 654 μεσημβρίας
609 596 786 651 μάλιστα
825 596 936 639 εὐδία
970 598 1114 652 γίνεται
1126 614 1140 647 ,·
1183 597 1208 651 ἢ
1238 598 1339 640 διότι
1367 596 1392 652 ἡ
1420 599 1583 652 νηνεμία
1622 600 1727 641 ἐστὶν

326 666 442 720 ἀέρος
478 664 643 718 στάσιςς
693 664 830 719 ἕστηκε
868 664 911 705 δὲ
939 663 1136 717 μάλιστα,
1185 663 1282 706 ὅταν
1313 668 1440 720 κρατῇ
1467 663 1492 718 ἢ
1521 669 1724 720 κρατῆται,

324 729 552 785 μαχόμενος
581 731 623 772 δὲ
648 737 816 772 κινεῖται.
846 736 985 786 κρατεῖ
1006 731 1079 783 μὲν
1110 725 1180 772 οὖν
1207 730 1382 784 μάλιστα
1408 734 1540 784 μεσῶν
1565 736 1725 784 νυκτῶν,

326 803 524 853 κρατεῖται
555 798 599 839 δὲ
627 798 889 853 μεσημβρίας.
930 797 1020 838 τότε
1056 796 1130 850 μὲν
1167 796 1242 852 γὰρ
1272 795 1293 839 ὁ
1322 796 1433 851 ἣλιος
1469 799 1729 854 πορρωτάτω,

326 862 415 905 τότε
455 865 498 905 δὲ
538 863 738 918 ἐγγυτάτω
775 865 943 919 γίνεται·
989 862 1044 904 ἔτι
1073 862 1234 919 ἄρχεται
1262 863 1466 917 πνεύματα
1493 863 1518 918 ἢ
1546 866 1633 920 περὶ
1663 864 1729 917 ἕω,

325 929 350 983 ἢ
379 931 467 984 περὶ
490 930 669 983 δυσμάς·
702 930 806 985 λήγει
836 931 879 971 δὲ
907 929 953 972 τὸ
979 929 1053 983 μὲν
1081 930 1221 983 ἕωθεν,
1251 929 1348 972 ὅταν
1378 934 1587 986 κρατηθῇ,
1616 930 1662 972 τὸ
1686 931 1731 971 δὲ

328 994 406 1036 ἀπὸ
440 998 624 1049 δυσμῶν,
669 995 766 1038 ὅταν
793 996 995 1050 παύσηται
1032 1001 1201 1052 κρατῶν.
1246 991 1451 1051 συμβαίνει
1481 992 1551 1038 οὗν
1579 996 1631 1038 τὰ
1658 996 1730 1050 μὲν

326 1064 578 1116 μεσημβρίας
606 1061 821 1115 παύεσθαι,
848 1063 899 1105 τὰ
929 1064 972 1105 δὲ
998 1068 1130 1117 μεσῶν
1158 1068 1323 1106 νυκτῶν.
1383 1066 1524 1105 Theo
1534 1066 1728 1118 phrast.

329 1130 377 1166 de
400 1139 507 1167 vent.
538 1131 572 1180 §.
596 1135 656 1169 18.
685 1146 726 1182 p.
747 1132 847 1180 764,
880 1133 947 1183 qui
966 1133 1076 1170 locus
1102 1134 1250 1171 lacunis
1277 1134 1454 1184 repletus
1481 1138 1548 1170 est.
1602 1131 1730 1178 Adde,

329 1207 427 1249 quae
448 1197 678 1246 comparatis
701 1198 760 1242 iis,
791 1211 890 1248 quae
909 1197 1066 1236 dixerat
1094 1197 1209 1236 Sieb
1222 1212 1274 1236 er
1302 1196 1424 1236 Reise
1445 1197 1551 1236 nach
1570 1198 1642 1244 der
1662 1199 1734 1235 In—

329 1262 390 1298 sel
411 1263 535 1298 Creta
562 1263 655 1301 Vol.
675 1264 706 1301 I.
733 1276 773 1313 p.
792 1267 887 1302 275.
920 1263 1205 1314 disputavimus
1227 1264 1440 1302 Meteorol.
1463 1271 1588 1302 veter.
1609 1265 1677 1301 Gr.
1696 1271 1734 1300 et

329 1328 443 1364 Rom.
467 1330 537 1374 III,
558 1331 619 1366 13.
647 1341 687 1379 p.
707 1332 760 1367 76
784 1342 866 1379 sqq.
897 1329 1146 1368 Debebamus
1162 1331 1218 1368 ibi
1239 1330 1386 1368 addere
1415 1329 1615 1368 Problem.
1633 1331 1730 1379 XV,

330 1396 367 1431 5.
399 1406 436 1443 p.
458 1397 557 1442 910,
576 1407 616 1432 a:
654 1389 739 1444 ἅμα
768 1392 811 1432 δὲ
841 1392 961 1445 δῆλον
989 1395 1054 1434 καὶ
1084 1392 1144 1434 ὅτι
1182 1392 1283 1434 κατὰ
1320 1393 1575 1446 μεσημβρίαν
1603 1393 1735 1445 ἕλαχίὲ

331 1472 429 1509 στην
469 1456 680 1512 ἀναγκαῖον
718 1455 815 1499 εἶναι
852 1457 927 1511 τὴν
965 1458 1097 1510 σκιάν,
1142 1460 1206 1500 καὶ
1245 1457 1305 1500 ὅτι
1345 1458 1386 1499 αἳ
1415 1458 1608 1507 ἐπιδόσεις
1644 1457 1735 1500 τότε

331 1521 546 1574 ἐλάχισται.
573 1523 748 1577 μάλιστα
774 1523 850 1579 γὰρ
879 1523 979 1566 καθ’
1005 1523 1113 1578 ἡμᾶς
1141 1522 1161 1565 ὃ
1183 1524 1294 1578 ἣλιος
1320 1528 1392 1578 τῆς
1417 1526 1666 1580 μεσημβρίας
1695 1526 1736 1566 ἓ·-

332 1590 417 1638 στί,
461 1591 526 1630 καὶ
555 1597 691 1645 πνῖγος
716 1592 862 1645 γίνεται
892 1591 959 1632 διά
986 1607 1027 1632 τε
1054 1591 1128 1645 τὴν
1160 1590 1368 1646 εἰρημένην
1405 1591 1535 1632 αῗτιάν
1574 1592 1639 1632 καὶ
1675 1590 1736 1633 ὅτι

333 1653 603 1708 ἀπνεὺματος·
643 1656 742 1698 ὅταν
769 1656 845 1711 γὰρ
875 1657 1054 1712 διακρίνῃ
1081 1656 1150 1698 τὸν
1178 1657 1278 1712 πρὸς
1304 1661 1354 1712 τῇ
1381 1660 1430 1712 γῇ
1450 1656 1558 1712 ἀέρα,
1582 1661 1737 1711 πνεῦμα

331 1722 488 1775 γίνεται.
534 1723 568 1763 εἰ
596 1718 666 1764 οὗν
694 1722 780 1776 ἅμα
807 1723 849 1765 ἐν
881 1722 1123 1778 ἀμφοτέροις
1150 1729 1234 1772 τοῖς
1260 1721 1550 1778 ἧμισφαιρίοις,
1579 1719 1739 1772 εἲκὸτως

332 1785 382 1827 ἂν
410 1787 450 1828 αἱ
477 1787 594 1840 με’σαι
622 1788 759 1837 νύκτες
786 1790 851 1830 καὶ
878 1787 905 1843 ἡ
931 1790 1161 1843 μεσημβρία
1194 1789 1436 1843 ἄπνεύματοι
1475 1787 1560 1830 εἶεν.
1600 1815 1651 1820 -
1699 1798 1738 1830 et

332 1856 563 1894 Dodwell
585 1858 794 1895 Classical
808 1858 896 1895 and
911 1856 1255 1908 Topograplzical
1268 1860 1377 1896 Tour
1397 1857 1578 1909 through
1590 1858 1738 1895 Greece

332 1921 425 1959 Vol.
446 1924 496 1961 II.
526 1935 564 1972 p.
588 1925 625 1960 8.
648 1943 700 1951 -
732 1926 872 1974 κρατεῖ
893 1935 967 1972 pro
994 1924 1121 1975 κρατῇ
1146 1925 1194 1961 F.
1224 1944 1278 1951 -—
1307 1918 1490 1961 καταλύει
1518 1936 1594 1973 pro
1613 1937 1737 1961 κατα-

333 1984 447 2024 κλείει
475 1986 663 2026 exhibent
690 1989 742 2027 A.
764 1987 803 2027 S.
823 1977 901 2040 γρ-
926 1989 1009 2026 Cas.
1039 1987 1087 2025 ad
1116 1989 1378 2026 Basileensem
1413 1989 1576 2026 fortasse
1609 1989 1737 2039 respi-

333 2053 450 2091 ciens.
487 2073 542 2081 —
589 2051 691 2105 πρὸς
718 2051 789 2105 τὴν
817 2052 1069 2106 μεσημβρίαν
1096 2052 1151 2091 Ν.
1188 2076 1244 2082 —-
1287 2055 1368 2093 τῶν
1394 2055 1526 2107 μερῶν
1553 2067 1627 2105 pro
1656 2055 1736 2093 τῶν

332 2112 490 2169 ἡμερῶν
507 2119 638 2171 inepte
656 2122 699 2159 P.
715 2144 764 2149 -
795 2117 867 2171 τήν
897 2126 988 2158 ante
1016 2121 1088 2158 τοῦ
1115 2115 1228 2170 ἡλίου
1259 2121 1445 2158 omittunt
1469 2122 1515 2158 F.
1535 2119 1588 2157 N.
1627 2120 1735 2169 Quid

333 2185 408 2223 sibi
434 2187 533 2224 velit
561 2200 672 2224 causa
698 2188 765 2225 illa
793 2187 973 2224 malaciae
991 2192 1215 2235 nocturnae,
1246 2182 1419 2225 ἀπουσία
1436 2187 1507 2225 τοῦ
1526 2181 1639 2236 ἡλίου
1666 2200 1737 2236 pa-

334 2257 391 2288 tet
423 2265 474 2289 ex
501 2254 562 2298 II,
591 2254 634 2301 5,
673 2257 717 2291 1:
761 2248 781 2291 ὃ
811 2249 924 2304 ἥλιος
963 2251 1028 2291 καὶ
1055 2249 1171 2291 παύει
1198 2250 1264 2291 καὶ
1293 2251 1515 2308 συνεξορμᾷ
1541 2248 1591 2290 τὰ
1619 2249 1736 2290 πνεύ-

333 2331 455 2366 ματα.

422 2387 483 2422 =7.
513 2379 591 2422 ἴσω
618 2397 693 2435 pro
722 2381 814 2423 εἴσω
845 2387 891 2423 F.
916 2386 964 2423 H.
994 2386 1046 2423 N.
1077 2406 1131 2413 —-
1157 2381 1270 2437 ῥῦσις
1298 2383 1348 2422 Α.
1389 2390 1433 2422 ut
1461 2396 1578 2434 supra
1601 2383 1735 2428 κῦστις

334 2451 384 2494 11,
409 2453 445 2497 3,
467 2452 527 2486 13.
557 2471 611 2478 ·-
651 2446 815 2502 ὥσπερ
847 2447 1073 2500 ἄμπωτις
1102 2451 1172 2489 cfr.
1197 2450 1246 2487 ad
1266 2451 1318 2497 II,
1343 2454 1378 2498 1,
1403 2454 1466 2487 11.
1521 2450 1584 2486 Ex
1602 2448 1734 2486 verbis

335 2514 399 2553 καὶ
427 2512 528 2567 πρὸς
557 2512 712 2567 ὄρθρον
738 2514 914 2566 μάλιστα
952 2517 1052 2555 nihil
1079 2530 1283 2568 possumus
1312 2514 1562 2561 concludere,
1599 2519 1735 2550 utrum

335 2581 650 2619 Aristoteles
680 2583 818 2620 eodem
839 2596 995 2631 errore,
1022 2596 1099 2634 quo
1118 2583 1279 2633 plurimi
1306 2588 1506 2627 veterum,
1534 2580 1736 2628 putaverit

335 2646 471 2684 eadem
511 2648 681 2686 cuiusvis
719 2649 795 2686 (liei
824 2647 923 2686 hora
952 2650 1069 2686 maris
1096 2648 1226 2686 undas*
1248 2647 1296 2685 ad
1325 2648 1432 2685 littus
1460 2644 1592 2683 redire
1620 2644 1736 2681 iude-

335 2725 411 2761 que
436 2727 573 2752 rursus
600 2713 798 2752 recedere.
855 2715 916 2752 Ita
940 2715 1052 2752 enim‘
1072 2714 1280 2762 arbitratus
1308 2719 1364 2750 est
1393 2709 1735 2761 Agatharchi-

339 2777 422 2814 des
451 2782 478 2817 Ι.
508 2793 548 2829 p.
576 2781 626 2817 18
657 2778 719 2818 ed.
740 2779 916 2818 Hudson.
945 2780 1081 2819 Curt.
1110 2780 1194 2828 IX,
1222 2782 1268 2818 9:
1304 2778 1446 2815 Tertia
1464 2774 1603 2830 ferme
1633 2774 1735 2812 hora
