1760 3138
241 337 334 379 280
396 342 686 382 EXCERPTA
707 341 787 378 EX
814 338 1103 377 COMMENT.
1133 338 1467 377 ALEXANDRI

239 450 346 491 τωνά
370 466 410 490 τε
436 450 499 490 καὶ
527 447 793 499 Δημόκριτον.
841 444 934 498 φέρε
964 443 1008 483 δὲ
1035 440 1145 495 ἡμεῖς
1171 440 1446 497 ὑπὲρ-τούτου
1482 444 1631 486 ἀπολο-

239 514 444 568 γησόμεθα
482 513 692 560 δείξαντες,
749 507 810 549 ὅτι
852 508 899 548 οὐ
940 511 1069 554 καλῶς
1088 507 1372 560 ,Ἀριστοτέλης
1400 512 1632 564 καταδρομῇ

240 578 339 620 κατιὶ
365 578 515 618 τούτων
535 574 742 629 ἐχρήσατο.
771 572 923 626 μᾶλλον
943 572 982 613 δ’
999 572 1046 613 οὐ
1073 573 1231 620 τούτοις
1257 574 1502 615 ἐναντιοῦται
1531 575 1633 626 ἀλλὰ

238 650 321 690 τοῖς
347 645 475 689 κακῶς
501 640 668 695 τὰ.παρ’
703 640 834 698 αὐτῶν
862 637 1051 692 λεγόμενα
1075 638 1427 690 διαλαμβάνουσιν.
1468 639 1514 681 οὗ
1541 640 1633 694 γάρ,

239 705 292 754 ὥς
318 706 365 747 σὺ
396 705 494 761 φῄς,
537 701 568 747 ὦ
597 705 776 757 δαιμόνιέ
789 720 934 759 φαμεν
955 702 1244 757 Ἀριστότελες,
1288 702 1309 745 ὅ
1335 703 1633 757 Πλάτωνιὸλό-

237 787 336 824 τητα
363 775 433 812 τοῦ
462 771 609 818 ὕδατος
636 771 759 824 ἔλεγεν
788 769 884 811 ὄντα
912 769 980 811 τὸν
1004 768 1240 823 Τάρταρον,
1269 769 1371 810 ἀλλὰ
1390 775 1508 811 τοῦτο
1530 771 1631 825 ἔλεγε

234 841 428 888 μυθικῶς.
478 836 523 877 οὗ
556 836 633 891 χρὴ
676 832 745 877 οὖν
773 835 825 877 τὰ
853 838 1038 888 μυθικῶς
1065 834 1253 888 λεγόμενα
1282 841 1459 890 φυσικῶς
1486 838 1633 890 ἔκλαμ-

234 902 379 953 βάνειν.
420 902 520 942 ἀλλὰ
548 906 674 943 ταῦτα
703 902 826 956 ἔλεγεν
855 899 875 942 ὅ
904 900 1080 943 Πλάτων
1109 899 1210 941 ἄλλα
1239 901 1326 942 τινὰ
1356 902 1634 955 αῗνιττόμενος.

237 967 443 1016 ἀποδείξας
469 968 543 1022 γὰρ
574 967 693 1016 αὐτὸς
719 968 760 1009 ἐν
789 970 846 1022 τῷ
880 968 1056 1007 Φαίδωνι
1087 965 1151 1006 διὰ
1180 967 1291 1008 πέντε
1320 968 1633 1023 ἐπιχειρημάτων

237 1032 449 1074 ἀθάνατον,
480 1028 602 1074 οὖσαν
637 1034 708 1085 τὴν
737 1031 872 1085 ψυχήν
883 1063 897 1080 ,
936 1033 1000 1073 καὶ
1024 1031 1210 1086 εἰρηκώς,
1246 1033 1308 1074 ὅτι
1337 1035 1370 1074 εἷ
1396 1034 1469 1086 μὲν
1499 1031 1633 1087 θνητὴ

235 1095 430 1152 ὑπῆρχεν,
478 1099 594 1151 ἐχρῆν
632 1102 783 1150 μᾶλλον
828 1099 1058 1150 σωμασκίας
1093 1098 1362 1150 ἐπιμελεῖσθαι
1402 1101 1467 1140 καὶ
1503 1098 1633 1153 ῧγείας

235 1162 335 1217 πρὸς
361 1163 406 1204 τὸ
434 1165 568 1218 μακρὰ
594 1167 756 1216 βιῶναι,
787 1163 834 1204 οὐ
855 1162 979 1216 μόνον
1010 1162 1054 1203 δὲ
1081 1163 1246 1214 τούτου,
1287 1164 1389 1205 ἀλλὰ
1417 1167 1481 1205 καὶ
1509 1164 1634 1206 πλού-

235 1244 307 1269 του
335 1231 398 1270 καὶ
426 1229 542 1282 δόξης
579 1231 643 1270 καὶ
679 1233 759 1270 τῶν
793 1228 924 1269 ἄλλων
958 1227 1126 1281 ἡδονῶν.
1168 1231 1201 1269 εἷ
1230 1230 1273 1270 δὲ
1303 1230 1508 1279 ἀθάνατός
1536 1232 1634 1280 ἐστι,

234 1293 389 1342 τούτοις
415 1296 488 1347 μὲν
519 1295 620 1335 κατὰ
645 1294 822 1349 πάροδον
846 1298 1048 1348 χρῆσθαι,
1076 1293 1207 1349 ὥσπερ
1229 1297 1448 1352 πανδοχείῳ
1470 1297 1633 1351 παριόν-

233 1374 303 1409 τα,
343 1360 414 1401 δύο
444 1360 490 1401 δέ
513 1376 631 1401 τινων
659 1361 927 1413 ἐπιμελεῖσθαι
937 1393 947 1410 ,
986 1360 1010 1414 ἢ
1040 1365 1111 1402 τοῦ
1141 1358 1389 1414 ὁμοιωθῆναι
1419 1367 1503 1418 θεῷ
1532 1362 1633 1404 κατὰ

232 1423 277 1464 τὸ
308 1426 474 1466 δυνατὸν
502 1425 728 1480 ἀνθρώπῳ,
755 1424 870 1478 ἢτοῦ
902 1428 1014 1474 δίκας
1039 1425 1095 1479 μὴ
1124 1424 1322 1478 ὑποσχεῖν.
1361 1428 1544 1470 ἐντεῦθεν
1566 1429 1633 1469 διὰ

231 1480 309 1529 τοῦ4
328 1488 514 1543 ’ὖποσχεῖν
543 1492 674 1540 δίκας,
706 1491 967 1544 ἐμνημόνευσε
995 1497 1075 1533 τῶν
1101 1491 1202 1532 καθ>
1228 1492 1328 1549 ᾅδου
1358 1493 1633 1548 δικαστηρίων,

232 1554 362 1609 ὥσπερ
402 1557 554 1599 νεκυίαν
591 1554 679 1596 τινὰ
697 1557 732 1609 *)
773 1557 1113 1610 συγγραψάμενος.
1173 1557 1218 1598 οὗ
1253 1557 1376 1610 μόνον
1413 1560 1456 1600 δὲ
1483 1559 1632 1613 ταύτην

232 1621 531 1675 συνεγράψατο,
580 1620 682 1662 ἀλλὰ
710 1622 773 1662 καὶ
802 1621 926 1670 ἄλλας
955 1622 1051 1674 δύο,
1091 1620 1146 1670 ὥς
1171 1621 1268 1664 εἶναι
1297 1623 1429 1672 πάσας
1456 1627 1632 1679 τρεῖςὲν

230 1689 278 1740 τῇ
306 1689 482 1745 πολιτεία
518 1686 783 1742 διαφερούσας
818 1687 1013 1741 ἀλλήλων.
1057 1686 1082 1741 ἡ
1109 1688 1182 1740 μὲν
1209 1688 1284 1742 γὰρ
1314 1690 1355 1730 ἐν
1385 1693 1425 1731 Γ
1422 1693 1537 1749 οργίᾳ
1569 1708 1633 1746 γε-

229 1753 431 1806 γραμμένη
461 1755 547 1807 περὶ
575 1757 648 1794 τοῦ
677 1752 903 1802 δικάζοντος
930 1753 1022 1794 καθ’
1052 1753 1154 1811 ᾅδου
1182 1754 1255 1802 τὰς
1286 1755 1423 1807 ψυχὰς
1453 1758 1632 1812 περιέχει.

230 1817 398 1871 εἵσφέρει
425 1818 499 1871 γὰρ
529 1819 647 1859 ἐκεῖσε
671 1816 971 1869 Ῥαδάμανθυν,
999 1818 1156 1860 Αἰακόν
1179 1836 1220 1860 τε
1245 1822 1310 1860 καὶ
1340 1823 1491 1862 Μίνωα
1520 1825 1633 1872 δίκας

230 1882 536 1935 εἰσπράττοντας
568 1882 640 1930 τὰς
670 1883 770 1923 καθ’
805 1881 905 1939 ᾅδου
933 1883 1090 1935 ψυχάς,
1123 1882 1409 1937 Ῥαδάμανθυν
1437 1888 1511 1939 μὲν
1538 1889 1633 1937 τοὺς

230 1945 308 1986 ἀπὸ
337 1951 406 2000 τῆς
435 1948 589 1998 Ἀσίας,
628 1947 785 1989 Αἰακὸν
815 1949 857 1988 δὲ
885 1949 980 1997 τοὺς
1007 1949 1084 1990 ἀπὸ
1116 1954 1188 2002 τῆς
1216 1948 1412 2005 Εὐρώπης
1440 1954 1633 2007 (Αἰγίνης

231 2013 275 2053 δὲ
300 2007 375 2066 ἦν·
404 2014 550 2067 Αἴγινα
579 2014 622 2054 δὲ
649 2017 720 2066 τῆς
747 2012 982 2068 Εὐρώπης),
1020 2017 1170 2056 Μίνωα
1200 2017 1243 2057 δὲ
1271 2018 1458 2071 δικαστὴν
1489 2019 1632 2060 ἀδέκα-

231 2090 324 2119 στον
353 2079 599 2126 κατατάττει,
629 2077 682 2126 ὡς
710 2078 846 2133 πρέπει
872 2080 1088 2135 νομοθέτῃ.
1127 2083 1167 2122 ἐν
1188 2083 1232 2123 δὲ
1251 2087 1307 2138 τῷ
1333 2085 1511 2125 Φαίδωνι
1531 2086 1631 2139 γρά-

230 2158 317 2197 φων
343 2147 497 2186 νεκυίαν
526 2146 740 2198 διαλέγεται
767 2146 856 2198 περὶ
885 2150 964 2186 τῶν
993 2148 1227 2189 δικαστικῶν
1251 2148 1385 2190 τόπων
1414 2152 1478 2191 καὶ
1499 2169 1631 2207 παρα-

230 2209 366 2250 δίδωσι
395 2211 465 2252 τὸν
497 2210 708 2265 Τάρταρον
729 2211 801 2257 ικαὶ
829 2213 1208 2266 Πυριφλεγέθοντα,
1256 2214 1450 2257 Κωκυτόν
1485 2234 1526 2259 τε
1563 2220 1630 2260 καὶ

222 2272 454 2329 Ἀχέροντα,
496 2277 632 2324 οἵτινες
660 2276 702 2325 ἐξ
731 2275 864 2317 αὐτῶν
889 2278 1171 2331 προέρχονται,
1213 2278 1266 2328 ὥς
1294 2279 1389 2322 εἶναι
1416 2282 1487 2324 τὸν
1518 2284 1630 2340 Τάρ-

228 2355 350 2394 ταρον
387 2341 460 2393 οὐχ
496 2341 645 2390 ὕδατος
673 2340 866 2394 ὁλότητα,
906 2342 1006 2384 ἀλλὰ
1035 2349 1115 2386 τῶν
1143 2347 1377 2389 δικαστικῶν
1405 2347 1552 2390 τόπων.
1602 2348 1629 2403 ἦ

229 2403 269 2444 δ’
303 2405 343 2446 ἓν
379 2410 428 2461 τῇ
464 2408 654 2466 Πολιτεία
698 2409 831 2449 νεκυία
872 2411 1062 2464 περιέρχει
1108 2413 1196 2466 περὶ
1233 2418 1311 2454 τῶν
1342 2415 1626 2466 δικαζομένων.

211 2467 369 2525 “εῗσάγει
405 2471 480 2527 γὰρ
516 2473 635 2515 ἐκεῖσε
670 2472 739 2515 τὸν
767 2472 929 2529 ’Έριδον
963 2476 1092 2518 πολλὰ
1120 2476 1407 2534 ἇμαρτὴσαντα
1434 2481 1505 2531 καὶ
1527 2478 1626 2535 ὑπὲρ

272 2634 304 2678 *)
331 2638 427 2682 Quae
451 2640 540 2682 apud
563 2645 701 2675 veteres
719 2641 915 2684 scriptores,
938 2648 1074 2684 praeter
1088 2644 1115 2676 P
1125 2645 1186 2677 lat
1195 2654 1217 2677 o
1227 2642 1268 2676 ni
1279 2654 1298 2677 c
1308 2654 1351 2677 aa
1373 2649 1443 2677 tres
1466 2643 1503 2678 in
1517 2646 1627 2679 Phae-

317 2694 419 2733 done,
455 2696 577 2736 Gorgia
599 2701 634 2728 et
660 2699 798 2739 Republ.
827 2699 886 2739 X,
925 2697 1140 2741 reperiantur
1171 2699 1327 2745 νεηνίαι,
1363 2710 1422 2733 eas
1453 2701 1627 2736 recensuit

315 2747 634 2789 Wyttenbach
657 2751 701 2783 a'd
724 2752 834 2784 Plat.
866 2753 1031 2787 Phaedon.
1059 2765 1092 2796 p.
1116 2755 1183 2788 288
1210 2755 1292 2796 (280
1318 2755 1374 2788 ed.
1402 2755 1524 2800 Lips.>.
