<?xml version="1.0" encoding="UTF-8"?>
<!DOCTYPE html PUBLIC "-//W3C//DTD XHTML 1.0 Transitional//EN"
    "http://www.w3.org/TR/xhtml1/DTD/xhtml1-transitional.dtd">
<html xmlns="http://www.w3.org/1999/xhtml" xml:lang="en" lang="en">
 <head>
  <title>
</title>
<meta http-equiv="Content-Type" content="text/html;charset=utf-8" />
  <meta name='ocr-system' content='tesseract 3.04.00' />
  <meta name='ocr-capabilities' content='ocr_page ocr_carea ocr_par ocr_line ocrx_word'/>
</head>
<body>
  <div class='ocr_page' id='page_1' title='image "./meteorologicorum01arisuoft_0441.png"; bbox 0 0 1812 3158; ppageno 0'>
   <div class='ocr_carea' id='block_1_1' title="bbox 412 359 1506 409">
    <p class='ocr_par' dir='ltr' id='par_1_1' title="bbox 412 359 1506 409">
     <span class='ocr_line' id='line_1_1' title="bbox 412 359 1506 409; baseline -0.004 -3"><span class='ocrx_word' id='word_1_1' title='bbox 412 364 636 407; x_wconf 84' lang='lat' dir='ltr'>LIBRUM</span> <span class='ocrx_word' id='word_1_2' title='bbox 655 366 894 407; x_wconf 88' lang='lat' dir='ltr'>PRIMUM.</span> <span class='ocrx_word' id='word_1_3' title='bbox 953 366 1070 407; x_wconf 84' lang='lat' dir='ltr'><strong>CAP.</strong></span> <span class='ocrx_word' id='word_1_4' title='bbox 1088 362 1184 409; x_wconf 84' lang='lat' dir='ltr'><strong>Vll.</strong></span> <span class='ocrx_word' id='word_1_5' title='bbox 1411 359 1506 402; x_wconf 87' lang='grc'><strong>401</strong></span> 
     </span>
    </p>
   </div>
   <div class='ocr_carea' id='block_1_2' title="bbox 75 473 1507 734">
    <p class='ocr_par' dir='ltr' id='par_1_2' title="bbox 75 473 1507 734">
     <span class='ocr_line' id='line_1_2' title="bbox 78 473 1507 536; baseline 0.001 -18"><span class='ocrx_word' id='word_1_6' title='bbox 78 476 382 533; x_wconf 76' lang='grc' dir='ltr'><em>ἀναφερομένης</em></span> <span class='ocrx_word' id='word_1_7' title='bbox 424 476 739 536; x_wconf 70' lang='grc' dir='ltr'><strong><em>ἇνᾳθνμιάσεως</em></strong></span> <span class='ocrx_word' id='word_1_8' title='bbox 777 478 841 520; x_wconf 80' lang='grc' dir='ltr'><strong>καὶ</strong></span> <span class='ocrx_word' id='word_1_9' title='bbox 881 473 968 519; x_wconf 79' lang='grc' dir='ltr'><strong><em>οἷον</em></strong></span> <span class='ocrx_word' id='word_1_10' title='bbox 1003 474 1288 534; x_wconf 79' lang='grc' dir='ltr'><strong><em>σφαιροειδής,</em></strong></span> <span class='ocrx_word' id='word_1_11' title='bbox 1325 476 1507 533; x_wconf 80' lang='grc' dir='ltr'><strong><em>κομήτης</em></strong></span> 
     </span>
     <span class='ocr_line' id='line_1_3' title="bbox 78 544 1507 600; baseline 0.001 -15"><span class='ocrx_word' id='word_1_12' title='bbox 78 547 279 597; x_wconf 76' lang='grc' dir='ltr'><strong><em>καλεῖται,</em></strong></span> <span class='ocrx_word' id='word_1_13' title='bbox 317 545 389 587; x_wconf 77' lang='grc' dir='ltr'><strong>ἐὰν</strong></span> <span class='ocrx_word' id='word_1_14' title='bbox 422 544 464 587; x_wconf 78' lang='lat'><strong>‹5‘</strong></span> <span class='ocrx_word' id='word_1_15' title='bbox 489 545 553 587; x_wconf 74' lang='grc' dir='ltr'><strong>ἐπὶ</strong></span> <span class='ocrx_word' id='word_1_16' title='bbox 579 548 735 599; x_wconf 83' lang='grc' dir='ltr'><strong><em>μῆκος,</em></strong></span> <span class='ocrx_word' id='word_1_17' title='bbox 779 545 1002 600; x_wconf 81' lang='grc' dir='ltr'><strong>πωγωνίας.</strong></span> <span class='ocrx_word' id='word_1_18' title='bbox 1070 550 1212 599; x_wconf 79' lang='lat' dir='ltr'><strong>Inepta</strong></span> <span class='ocrx_word' id='word_1_19' title='bbox 1248 560 1333 585; x_wconf 81' lang='lat' dir='ltr'><strong>esse</strong></span> <span class='ocrx_word' id='word_1_20' title='bbox 1369 547 1507 598; x_wconf 86' lang='lat' dir='ltr'><strong>verba,</strong></span> 
     </span>
     <span class='ocr_line' id='line_1_4' title="bbox 76 614 1507 667; baseline 0.001 -15"><span class='ocrx_word' id='word_1_21' title='bbox 76 614 208 666; x_wconf 82' lang='lat' dir='ltr'><strong>qualia</strong></span> <span class='ocrx_word' id='word_1_22' title='bbox 236 628 344 654; x_wconf 88' lang='lat' dir='ltr'><strong>nunc</strong></span> <span class='ocrx_word' id='word_1_23' title='bbox 370 616 576 667; x_wconf 87' lang='lat' dir='ltr'><strong>leguntur,</strong></span> <span class='ocrx_word' id='word_1_24' title='bbox 613 616 793 667; x_wconf 90' lang='lat' dir='ltr'><strong>neglecto</strong></span> <span class='ocrx_word' id='word_1_25' title='bbox 819 615 939 654; x_wconf 81' lang='lat' dir='ltr'><strong>etiam</strong></span> <span class='ocrx_word' id='word_1_26' title='bbox 967 615 1128 654; x_wconf 89' lang='lat' dir='ltr'><strong>Stobaei</strong></span> <span class='ocrx_word' id='word_1_27' title='bbox 1159 615 1277 664; x_wconf 85' lang='lat' dir='ltr'><strong>loco,</strong></span> <span class='ocrx_word' id='word_1_28' title='bbox 1319 614 1507 666; x_wconf 84' lang='lat' dir='ltr'><strong>neglectis</strong></span> 
     </span>
     <span class='ocr_line' id='line_1_5' title="bbox 75 674 1506 734; baseline 0.001 -15"><span class='ocrx_word' id='word_1_29' title='bbox 75 682 194 720; x_wconf 84' lang='lat' dir='ltr'><strong>Plinii</strong></span> <span class='ocrx_word' id='word_1_30' title='bbox 216 683 367 729; x_wconf 85' lang='lat' dir='ltr'><strong>verbis,</strong></span> <span class='ocrx_word' id='word_1_31' title='bbox 393 683 581 734; x_wconf 77' lang='lat' dir='ltr'><strong>neglectis</strong></span> <span class='ocrx_word' id='word_1_32' title='bbox 601 683 795 732; x_wconf 81' lang='lat' dir='ltr'><strong>Senecae,</strong></span> <span class='ocrx_word' id='word_1_33' title='bbox 822 689 863 722; x_wconf 91' lang='lat' dir='ltr'><strong>et</strong></span> <span class='ocrx_word' id='word_1_34' title='bbox 879 689 926 722; x_wconf 89' lang='lat' dir='ltr'><strong>ut</strong></span> <span class='ocrx_word' id='word_1_35' title='bbox 941 682 1047 722; x_wconf 90' lang='lat' dir='ltr'><strong>hunc</strong></span> <span class='ocrx_word' id='word_1_36' title='bbox 1063 683 1182 722; x_wconf 80' lang='lat' dir='ltr'><strong>etiam</strong></span> <span class='ocrx_word' id='word_1_37' title='bbox 1198 674 1376 721; x_wconf 75' lang='lat' dir='ltr'><strong>adferam</strong></span> <span class='ocrx_word' id='word_1_38' title='bbox 1401 684 1506 722; x_wconf 80' lang='lat' dir='ltr'><strong>Ma-</strong></span> 
     </span>
    </p>
   </div>
   <div class='ocr_carea' id='block_1_3' title="bbox 75 750 1575 802">
    <p class='ocr_par' dir='ltr' id='par_1_3' title="bbox 75 750 1575 802">
     <span class='ocr_line' id='line_1_6' title="bbox 75 750 1575 802; baseline 0.001 -15"><span class='ocrx_word' id='word_1_39' title='bbox 75 750 190 788; x_wconf 88' lang='lat' dir='ltr'><strong>nilii</strong></span> <span class='ocrx_word' id='word_1_40' title='bbox 207 751 444 789; x_wconf 85' lang='lat' dir='ltr'><strong>Astronom.</strong></span> <span class='ocrx_word' id='word_1_41' title='bbox 462 752 493 800; x_wconf 90' lang='lat'><strong>1,</strong></span> <span class='ocrx_word' id='word_1_42' title='bbox 514 753 594 789; x_wconf 89' lang='grc'><strong>836</strong></span> <span class='ocrx_word' id='word_1_43' title='bbox 606 764 692 802; x_wconf 88' lang='lat' dir='ltr'><strong>sqq.</strong></span> <span class='ocrx_word' id='word_1_44' title='bbox 712 750 838 789; x_wconf 78' lang='lat' dir='ltr'><strong>cuivis</strong></span> <span class='ocrx_word' id='word_1_45' title='bbox 859 756 979 802; x_wconf 87' lang='lat' dir='ltr'><strong>patet.</strong></span> <span class='ocrx_word' id='word_1_46' title='bbox 1009 773 1066 780; x_wconf 92' lang='lat'><strong>-—</strong></span> <span class='ocrx_word' id='word_1_47' title='bbox 1093 751 1284 789; x_wconf 77' lang='lat' dir='ltr'><strong>Nostram</strong></span> <span class='ocrx_word' id='word_1_48' title='bbox 1304 750 1506 789; x_wconf 79' lang='lat' dir='ltr'><strong>coniectu·</strong></span> <span class='ocrx_word' id='word_1_49' title='bbox 1571 799 1575 802; x_wconf 9' lang='grc' dir='ltr'>ξ</span> 
     </span>
    </p>
   </div>
   <div class='ocr_carea' id='block_1_4' title="bbox 53 812 1506 2822">
    <p class='ocr_par' dir='ltr' id='par_1_4' title="bbox 62 812 1506 1746">
     <span class='ocr_line' id='line_1_7' title="bbox 73 812 1506 870; baseline 0.001 -16"><span class='ocrx_word' id='word_1_50' title='bbox 73 830 160 854; x_wconf 88' lang='lat' dir='ltr'><strong>ram</strong></span> <span class='ocrx_word' id='word_1_51' title='bbox 180 823 376 867; x_wconf 85' lang='lat' dir='ltr'><strong>tueretur,</strong></span> <span class='ocrx_word' id='word_1_52' title='bbox 405 818 437 856; x_wconf 91' lang='lat' dir='ltr'><strong>si</strong></span> <span class='ocrx_word' id='word_1_53' title='bbox 459 824 498 857; x_wconf 90' lang='lat' dir='ltr'><strong>et</strong></span> <span class='ocrx_word' id='word_1_54' title='bbox 515 818 608 856; x_wconf 89' lang='lat' dir='ltr'><strong>alibi</strong></span> <span class='ocrx_word' id='word_1_55' title='bbox 626 812 778 869; x_wconf 76' lang='grc' dir='ltr'><strong><em>ὁμοίως</em></strong></span> <span class='ocrx_word' id='word_1_56' title='bbox 806 818 946 856; x_wconf 81' lang='lat' dir='ltr'><strong>eadem</strong></span> <span class='ocrx_word' id='word_1_57' title='bbox 969 823 1066 856; x_wconf 87' lang='lat' dir='ltr'><strong>nota</strong></span> <span class='ocrx_word' id='word_1_58' title='bbox 1082 817 1390 870; x_wconf 86' lang='lat' dir='ltr'><strong>tachygraphica</strong></span> <span class='ocrx_word' id='word_1_59' title='bbox 1408 819 1506 857; x_wconf 84' lang='lat' dir='ltr'><strong>scri-</strong></span> 
     </span>
     <span class='ocr_line' id='line_1_8' title="bbox 73 885 1506 938; baseline 0.002 -17"><span class='ocrx_word' id='word_1_60' title='bbox 73 889 186 933; x_wconf 88' lang='lat' dir='ltr'><strong>ptum</strong></span> <span class='ocrx_word' id='word_1_61' title='bbox 204 885 463 935; x_wconf 86' lang='lat' dir='ltr'><strong>reperiretur,</strong></span> <span class='ocrx_word' id='word_1_62' title='bbox 474 899 591 937; x_wconf 88' lang='lat' dir='ltr'><strong>quam</strong></span> <span class='ocrx_word' id='word_1_63' title='bbox 610 886 651 924; x_wconf 91' lang='lat' dir='ltr'><strong>in</strong></span> <span class='ocrx_word' id='word_1_64' title='bbox 663 885 866 938; x_wconf 85' lang='lat' dir='ltr'><strong>Hesychio</strong></span> <span class='ocrx_word' id='word_1_65' title='bbox 878 885 1032 925; x_wconf 83' lang='lat' dir='ltr'><strong>detexit</strong></span> <span class='ocrx_word' id='word_1_66' title='bbox 1046 885 1152 924; x_wconf 90' lang='lat' dir='ltr'><strong>Lob</strong></span> <span class='ocrx_word' id='word_1_67' title='bbox 1162 885 1506 938; x_wconf 79' lang='lat' dir='ltr'><strong>eckiusAglao-</strong></span> 
     </span>
     <span class='ocr_line' id='line_1_9' title="bbox 64 949 1504 1006; baseline 0.003 -18"><span class='ocrx_word' id='word_1_68' title='bbox 64 950 212 1001; x_wconf 77' lang='lat' dir='ltr'><strong>pham.</strong></span> <span class='ocrx_word' id='word_1_69' title='bbox 239 954 271 991; x_wconf 87' lang='grc' dir='ltr'><strong>Ι.</strong></span> <span class='ocrx_word' id='word_1_70' title='bbox 300 966 342 1004; x_wconf 88' lang='lat' dir='ltr'><strong>p.</strong></span> <span class='ocrx_word' id='word_1_71' title='bbox 363 957 444 993; x_wconf 81' lang='lat'><strong>779</strong></span> <span class='ocrx_word' id='word_1_72' title='bbox 467 967 524 1006; x_wconf 89' lang='lat' dir='ltr'><strong>sq.</strong></span> <span class='ocrx_word' id='word_1_73' title='bbox 554 954 703 992; x_wconf 88' lang='lat' dir='ltr'><strong>scilicet</strong></span> <span class='ocrx_word' id='word_1_74' title='bbox 721 949 789 1005; x_wconf 85' lang='grc' dir='ltr'><strong>ὅμ.</strong></span> <span class='ocrx_word' id='word_1_75' title='bbox 847 953 955 994; x_wconf 87' lang='lat' dir='ltr'><strong>Vide</strong></span> <span class='ocrx_word' id='word_1_76' title='bbox 980 953 1098 991; x_wconf 77' lang='lat' dir='ltr'><strong>etiam</strong></span> <span class='ocrx_word' id='word_1_77' title='bbox 1130 953 1364 1004; x_wconf 81' lang='lat' dir='ltr'><strong>Sylburg.</strong></span> <span class='ocrx_word' id='word_1_78' title='bbox 1396 953 1504 1005; x_wconf 87' lang='lat' dir='ltr'><strong>apud</strong></span> 
     </span>
     <span class='ocr_line' id='line_1_10' title="bbox 72 1017 1503 1073; baseline 0.001 -17"><span class='ocrx_word' id='word_1_79' title='bbox 72 1017 320 1059; x_wconf 83' lang='lat' dir='ltr'><strong>schaefer</strong></span> <span class='ocrx_word' id='word_1_80' title='bbox 348 1020 398 1059; x_wconf 84' lang='lat' dir='ltr'><strong>ad</strong></span> <span class='ocrx_word' id='word_1_81' title='bbox 427 1021 634 1072; x_wconf 83' lang='lat' dir='ltr'><strong>Dionys.</strong></span> <span class='ocrx_word' id='word_1_82' title='bbox 662 1021 820 1062; x_wconf 85' lang='lat' dir='ltr'><strong>Halic.</strong></span> <span class='ocrx_word' id='word_1_83' title='bbox 839 1021 888 1059; x_wconf 85' lang='lat' dir='ltr'><strong>de</strong></span> <span class='ocrx_word' id='word_1_84' title='bbox 910 1034 1041 1071; x_wconf 84' lang='lat' dir='ltr'><strong>comp.</strong></span> <span class='ocrx_word' id='word_1_85' title='bbox 1058 1018 1218 1059; x_wconf 63' lang='lat' dir='ltr'><strong>verbor.</strong></span> <span class='ocrx_word' id='word_1_86' title='bbox 1239 1022 1335 1061; x_wconf 85' lang='grc' dir='ltr'><strong>ΧΠ.</strong></span> <span class='ocrx_word' id='word_1_87' title='bbox 1354 1023 1503 1073; x_wconf 86' lang='grc' dir='ltr'><strong>Ρ.138.</strong></span> 
     </span>
     <span class='ocr_line' id='line_1_11' title="bbox 72 1083 1503 1139; baseline 0.001 -14"><span class='ocrx_word' id='word_1_88' title='bbox 72 1087 246 1137; x_wconf 83' lang='lat' dir='ltr'><strong>Quando</strong></span> <span class='ocrx_word' id='word_1_89' title='bbox 264 1088 386 1139; x_wconf 86' lang='lat' dir='ltr'><strong>igitur</strong></span> <span class='ocrx_word' id='word_1_90' title='bbox 402 1088 640 1127; x_wconf 85' lang='lat' dir='ltr'><strong>Aristoteles</strong></span> <span class='ocrx_word' id='word_1_91' title='bbox 658 1089 890 1139; x_wconf 78' lang='lat' dir='ltr'><strong>scripserat:</strong></span> <span class='ocrx_word' id='word_1_92' title='bbox 920 1085 990 1126; x_wconf 74' lang='grc' dir='ltr'><strong>ἐὰν</strong></span> <span class='ocrx_word' id='word_1_93' title='bbox 1017 1085 1093 1138; x_wconf 74' lang='grc' dir='ltr'><strong>μὲν</strong></span> <span class='ocrx_word' id='word_1_94' title='bbox 1119 1083 1197 1139; x_wconf 77' lang='grc' dir='ltr'><strong>γὰρ</strong></span> <span class='ocrx_word' id='word_1_95' title='bbox 1228 1084 1363 1127; x_wconf 72' lang='grc' dir='ltr'>ἐπάνω</span> <span class='ocrx_word' id='word_1_96' title='bbox 1391 1083 1503 1139; x_wconf 76' lang='grc' dir='ltr'><strong><em>ἧκό-</em></strong></span> 
     </span>
     <span class='ocr_line' id='line_1_12' title="bbox 70 1150 1501 1207; baseline 0.001 -15"><span class='ocrx_word' id='word_1_97' title='bbox 70 1168 143 1205; x_wconf 85' lang='grc' dir='ltr'><strong>μη,</strong></span> <span class='ocrx_word' id='word_1_98' title='bbox 173 1150 366 1206; x_wconf 82' lang='grc' dir='ltr'><strong><em>κομήτης,</em></strong></span> <span class='ocrx_word' id='word_1_99' title='bbox 382 1152 451 1194; x_wconf 74' lang='grc' dir='ltr'><strong>ἐὰν</strong></span> <span class='ocrx_word' id='word_1_100' title='bbox 469 1152 509 1194; x_wconf 76' lang='grc' dir='ltr'><strong>δ’</strong></span> <span class='ocrx_word' id='word_1_101' title='bbox 530 1153 593 1194; x_wconf 74' lang='grc' dir='ltr'><strong>ἐπὶ</strong></span> <span class='ocrx_word' id='word_1_102' title='bbox 623 1156 754 1207; x_wconf 82' lang='grc' dir='ltr'><strong><em>μῆκος</em></strong></span> <span class='ocrx_word' id='word_1_103' title='bbox 781 1152 902 1203; x_wconf 81' lang='grc' dir='ltr'><strong><em>κάτω,</em></strong></span> <span class='ocrx_word' id='word_1_104' title='bbox 935 1155 1112 1193; x_wconf 76' lang='grc' dir='ltr'><strong><em>καλεῖται</em></strong></span> <span class='ocrx_word' id='word_1_105' title='bbox 1139 1153 1372 1206; x_wconf 79' lang='grc' dir='ltr'><em>πωγωνίας,</em></span> <span class='ocrx_word' id='word_1_106' title='bbox 1402 1155 1501 1194; x_wconf 88' lang='lat' dir='ltr'><strong>faci-</strong></span> 
     </span>
     <span class='ocr_line' id='line_1_13' title="bbox 66 1221 1503 1274; baseline 0.003 -16"><span class='ocrx_word' id='word_1_107' title='bbox 66 1221 115 1259; x_wconf 87' lang='lat' dir='ltr'><strong>lis</strong></span> <span class='ocrx_word' id='word_1_108' title='bbox 134 1227 220 1260; x_wconf 88' lang='lat' dir='ltr'><strong>erat</strong></span> <span class='ocrx_word' id='word_1_109' title='bbox 236 1222 368 1272; x_wconf 85' lang='lat' dir='ltr'><strong>lapsus</strong></span> <span class='ocrx_word' id='word_1_110' title='bbox 384 1223 561 1272; x_wconf 85' lang='lat' dir='ltr'><strong>librario,</strong></span> <span class='ocrx_word' id='word_1_111' title='bbox 591 1223 654 1262; x_wconf 92' lang='lat' dir='ltr'><strong>cui</strong></span> <span class='ocrx_word' id='word_1_112' title='bbox 674 1224 771 1262; x_wconf 85' lang='lat' dir='ltr'><strong>trita</strong></span> <span class='ocrx_word' id='word_1_113' title='bbox 785 1228 871 1261; x_wconf 84' lang='lat' dir='ltr'><strong>erat</strong></span> <span class='ocrx_word' id='word_1_114' title='bbox 885 1221 1275 1274; x_wconf 75' lang='lat' dir='ltr'><strong>istacompendiaria</strong></span> <span class='ocrx_word' id='word_1_115' title='bbox 1295 1222 1503 1273; x_wconf 85' lang='lat' dir='ltr'><strong>scriptura,</strong></span> 
     </span>
     <span class='ocr_line' id='line_1_14' title="bbox 66 1288 1500 1343; baseline 0.001 -17"><span class='ocrx_word' id='word_1_116' title='bbox 66 1288 110 1326; x_wconf 91' lang='lat' dir='ltr'><strong>in</strong></span> <span class='ocrx_word' id='word_1_117' title='bbox 128 1289 327 1339; x_wconf 76' lang='lat' dir='ltr'><strong>vulgatam</strong></span> <span class='ocrx_word' id='word_1_118' title='bbox 345 1290 581 1338; x_wconf 79' lang='lat' dir='ltr'><strong>lectionem,</strong></span> <span class='ocrx_word' id='word_1_119' title='bbox 611 1290 846 1342; x_wconf 84' lang='lat' dir='ltr'><strong>praesertim</strong></span> <span class='ocrx_word' id='word_1_120' title='bbox 863 1303 982 1343; x_wconf 89' lang='lat' dir='ltr'><strong>quem</strong></span> <span class='ocrx_word' id='word_1_121' title='bbox 1014 1289 1237 1329; x_wconf 84' lang='lat' dir='ltr'><strong>offenderet</strong></span> <span class='ocrx_word' id='word_1_122' title='bbox 1261 1290 1500 1330; x_wconf 78' lang='lat' dir='ltr'><strong>vocabulum</strong></span> 
     </span>
     <span class='ocr_line' id='line_1_15' title="bbox 66 1351 1502 1410; baseline 0.001 -16"><span class='ocrx_word' id='word_1_123' title='bbox 66 1351 172 1406; x_wconf 85' lang='grc' dir='ltr'><em>κόμη</em></span> <span class='ocrx_word' id='word_1_124' title='bbox 192 1362 284 1397; x_wconf 81' lang='lat' dir='ltr'><strong>ante</strong></span> <span class='ocrx_word' id='word_1_125' title='bbox 301 1352 495 1409; x_wconf 80' lang='grc' dir='ltr'><em>κομήτης.</em></span> <span class='ocrx_word' id='word_1_126' title='bbox 552 1358 803 1398; x_wconf 83' lang='lat' dir='ltr'><strong>Vocabulum</strong></span> <span class='ocrx_word' id='word_1_127' title='bbox 822 1354 933 1397; x_wconf 85' lang='grc' dir='ltr'><strong><em>κάτω</em></strong></span> <span class='ocrx_word' id='word_1_128' title='bbox 963 1358 1110 1396; x_wconf 88' lang='lat' dir='ltr'><strong>deinde</strong></span> <span class='ocrx_word' id='word_1_129' title='bbox 1136 1357 1283 1396; x_wconf 76' lang='lat' dir='ltr'><strong>excidit</strong></span> <span class='ocrx_word' id='word_1_130' title='bbox 1309 1363 1378 1396; x_wconf 86' lang='lat' dir='ltr'><strong>aut</strong></span> <span class='ocrx_word' id='word_1_131' title='bbox 1404 1372 1502 1410; x_wconf 88' lang='lat' dir='ltr'><strong>pro-</strong></span> 
     </span>
     <span class='ocr_line' id='line_1_16' title="bbox 65 1423 1500 1477; baseline 0.002 -16"><span class='ocrx_word' id='word_1_132' title='bbox 65 1428 159 1474; x_wconf 89' lang='lat' dir='ltr'><strong>pter</strong></span> <span class='ocrx_word' id='word_1_133' title='bbox 177 1423 476 1463; x_wconf 78' lang='lat' dir='ltr'><strong>similitudinem</strong></span> <span class='ocrx_word' id='word_1_134' title='bbox 498 1425 611 1464; x_wconf 86' lang='lat' dir='ltr'><strong>verbi</strong></span> <span class='ocrx_word' id='word_1_135' title='bbox 633 1425 898 1477; x_wconf 81' lang='lat' dir='ltr'><strong>insequentis,</strong></span> <span class='ocrx_word' id='word_1_136' title='bbox 931 1432 999 1464; x_wconf 88' lang='lat' dir='ltr'><strong>aut</strong></span> <span class='ocrx_word' id='word_1_137' title='bbox 1016 1439 1038 1463; x_wconf 84' lang='lat' dir='ltr'><strong>a</strong></span> <span class='ocrx_word' id='word_1_138' title='bbox 1056 1424 1305 1464; x_wconf 89' lang='lat' dir='ltr'><strong>doctiusculo</strong></span> <span class='ocrx_word' id='word_1_139' title='bbox 1328 1425 1500 1476; x_wconf 86' lang='lat' dir='ltr'><strong>quodam</strong></span> 
     </span>
     <span class='ocr_line' id='line_1_17' title="bbox 62 1490 1500 1545; baseline 0.002 -17"><span class='ocrx_word' id='word_1_140' title='bbox 62 1490 202 1541; x_wconf 78' lang='lat' dir='ltr'><strong>scriba,</strong></span> <span class='ocrx_word' id='word_1_141' title='bbox 221 1492 358 1544; x_wconf 89' lang='lat' dir='ltr'><strong>priore</strong></span> <span class='ocrx_word' id='word_1_142' title='bbox 371 1498 487 1544; x_wconf 86' lang='lat' dir='ltr'><strong>parte</strong></span> <span class='ocrx_word' id='word_1_143' title='bbox 506 1500 709 1545; x_wconf 88' lang='lat' dir='ltr'><strong>corrupta,</strong></span> <span class='ocrx_word' id='word_1_144' title='bbox 730 1507 886 1532; x_wconf 83' lang='lat' dir='ltr'><strong>erasum</strong></span> <span class='ocrx_word' id='word_1_145' title='bbox 904 1499 976 1531; x_wconf 89' lang='lat' dir='ltr'><strong>est.</strong></span> <span class='ocrx_word' id='word_1_146' title='bbox 1005 1494 1239 1544; x_wconf 63' lang='lat' dir='ltr'><strong>Utrumque</strong></span> <span class='ocrx_word' id='word_1_147' title='bbox 1254 1493 1357 1531; x_wconf 87' lang='lat' dir='ltr'><strong>illud</strong></span> <span class='ocrx_word' id='word_1_148' title='bbox 1377 1506 1500 1544; x_wconf 87' lang='lat' dir='ltr'><strong>genus</strong></span> 
     </span>
     <span class='ocr_line' id='line_1_18' title="bbox 63 1557 1498 1611; baseline 0.002 -15"><span class='ocrx_word' id='word_1_149' title='bbox 63 1557 316 1598; x_wconf 79' lang='lat' dir='ltr'><strong>Manilius</strong></span> <span class='ocrx_word' id='word_1_150' title='bbox 344 1559 583 1598; x_wconf 86' lang='lat' dir='ltr'><strong>Astronom.</strong></span> <span class='ocrx_word' id='word_1_151' title='bbox 603 1561 635 1609; x_wconf 89' lang='grc' dir='ltr'><strong>Ι,</strong></span> <span class='ocrx_word' id='word_1_152' title='bbox 657 1564 737 1599; x_wconf 86' lang='grc'><strong>836</strong></span> <span class='ocrx_word' id='word_1_153' title='bbox 762 1573 823 1611; x_wconf 86' lang='lat' dir='ltr'><strong>sq.</strong></span> <span class='ocrx_word' id='word_1_154' title='bbox 843 1559 951 1598; x_wconf 88' lang='lat' dir='ltr'><strong>hisce</strong></span> <span class='ocrx_word' id='word_1_155' title='bbox 969 1560 1153 1599; x_wconf 87' lang='lat' dir='ltr'><strong>versibus</strong></span> <span class='ocrx_word' id='word_1_156' title='bbox 1172 1558 1498 1611; x_wconf 87' lang='lat' dir='ltr'><strong>comprehendit:</strong></span> 
     </span>
     <span class='ocr_line' id='line_1_19' title="bbox 228 1626 1332 1680; baseline 0.001 -16"><span class='ocrx_word' id='word_1_157' title='bbox 228 1626 355 1664; x_wconf 80' lang='lat' dir='ltr'><strong>Nunc</strong></span> <span class='ocrx_word' id='word_1_158' title='bbox 368 1627 492 1676; x_wconf 90' lang='lat' dir='ltr'><strong>prior</strong></span> <span class='ocrx_word' id='word_1_159' title='bbox 512 1626 619 1664; x_wconf 77' lang='lat' dir='ltr'><strong>haec</strong></span> <span class='ocrx_word' id='word_1_160' title='bbox 635 1630 793 1677; x_wconf 81' lang='lat' dir='ltr'><strong>species</strong></span> <span class='ocrx_word' id='word_1_161' title='bbox 811 1627 1008 1680; x_wconf 75' lang='lat' dir='ltr'><strong>dispersis</strong></span> <span class='ocrx_word' id='word_1_162' title='bbox 1026 1627 1214 1666; x_wconf 82' lang='lat' dir='ltr'><strong>crinibus</strong></span> <span class='ocrx_word' id='word_1_163' title='bbox 1233 1629 1332 1677; x_wconf 78' lang='lat' dir='ltr'><strong>exit,</strong></span> 
     </span>
     <span class='ocr_line' id='line_1_20' title="bbox 229 1693 1452 1746; baseline 0.002 -16"><span class='ocrx_word' id='word_1_164' title='bbox 229 1693 288 1730; x_wconf 86' lang='lat' dir='ltr'><strong>Et</strong></span> <span class='ocrx_word' id='word_1_165' title='bbox 302 1693 468 1744; x_wconf 77' lang='lat' dir='ltr'><strong>glomus</strong></span> <span class='ocrx_word' id='word_1_166' title='bbox 492 1693 679 1731; x_wconf 86' lang='lat' dir='ltr'><strong>ardentis</strong></span> <span class='ocrx_word' id='word_1_167' title='bbox 699 1696 891 1745; x_wconf 85' lang='lat' dir='ltr'><strong>sequitur</strong></span> <span class='ocrx_word' id='word_1_168' title='bbox 911 1693 986 1732; x_wconf 80' lang='lat' dir='ltr'><strong>sub</strong></span> <span class='ocrx_word' id='word_1_169' title='bbox 1007 1696 1192 1746; x_wconf 79' lang='lat' dir='ltr'><strong>imagine</strong></span> <span class='ocrx_word' id='word_1_170' title='bbox 1209 1695 1384 1733; x_wconf 85' lang='lat' dir='ltr'><strong>barbae.</strong></span> <span class='ocrx_word' id='word_1_171' title='bbox 1448 1739 1452 1744; x_wconf 55' lang='lat'><strong>.</strong></span> 
     </span>
    </p>

    <p class='ocr_par' dir='ltr' id='par_1_5' title="bbox 53 1754 1501 2822">
     <span class='ocr_line' id='line_1_21' title="bbox 173 1754 1498 1816; baseline 0.004 -19"><span class='ocrx_word' id='word_1_172' title='bbox 173 1759 211 1798; x_wconf 87' lang='grc'><strong>4.</strong></span> <span class='ocrx_word' id='word_1_173' title='bbox 240 1754 454 1812; x_wconf 75' lang='grc' dir='ltr'><strong><em>ἡτοιαύτη</em></strong></span> <span class='ocrx_word' id='word_1_174' title='bbox 485 1756 655 1814; x_wconf 76' lang='grc' dir='ltr'><em>ἀστέρος</em></span> <span class='ocrx_word' id='word_1_175' title='bbox 682 1758 795 1815; x_wconf 81' lang='grc' dir='ltr'><strong><em>φορὰ</em></strong></span> <span class='ocrx_word' id='word_1_176' title='bbox 821 1760 936 1801; x_wconf 78' lang='grc' dir='ltr'><strong><em>δοκεῖ’</em></strong></span> <span class='ocrx_word' id='word_1_177' title='bbox 959 1756 1058 1800; x_wconf 78' lang='grc' dir='ltr'><strong><em>εἶναι</em></strong></span> <span class='ocrx_word' id='word_1_178' title='bbox 1087 1763 1234 1800; x_wconf 80' lang='lat' dir='ltr'><strong>omisso</strong></span> <span class='ocrx_word' id='word_1_179' title='bbox 1256 1763 1395 1814; x_wconf 87' lang='lat' dir='ltr'><strong>priore</strong></span> <span class='ocrx_word' id='word_1_180' title='bbox 1419 1777 1498 1816; x_wconf 82' lang='grc' dir='ltr'><strong>φο-</strong></span> 
     </span>
     <span class='ocr_line' id='line_1_22' title="bbox 63 1822 1496 1881; baseline 0.003 -16"><span class='ocrx_word' id='word_1_181' title='bbox 63 1822 116 1879; x_wconf 82' lang='grc' dir='ltr'><strong>ρά</strong></span> <span class='ocrx_word' id='word_1_182' title='bbox 146 1828 194 1868; x_wconf 86' lang='grc' dir='ltr'><strong>Ε.</strong></span> <span class='ocrx_word' id='word_1_183' title='bbox 220 1850 272 1857; x_wconf 94' lang='grc'>-</span> <span class='ocrx_word' id='word_1_184' title='bbox 303 1823 329 1880; x_wconf 80' lang='grc' dir='ltr'><strong><em>ἦ</em></strong></span> <span class='ocrx_word' id='word_1_185' title='bbox 354 1823 473 1880; x_wconf 79' lang='grc' dir='ltr'><strong><em>ὅμοιά</em></strong></span> <span class='ocrx_word' id='word_1_186' title='bbox 499 1828 608 1867; x_wconf 89' lang='lat' dir='ltr'><strong>idem</strong></span> <span class='ocrx_word' id='word_1_187' title='bbox 637 1835 719 1877; x_wconf 87' lang='lat' dir='ltr'><strong>est,</strong></span> <span class='ocrx_word' id='word_1_188' title='bbox 756 1829 864 1881; x_wconf 88' lang='lat' dir='ltr'><strong>quod</strong></span> <span class='ocrx_word' id='word_1_189' title='bbox 889 1823 1122 1881; x_wconf 78' lang='grc' dir='ltr'><strong><em>ἡτοιαύτη,</em></strong></span> <span class='ocrx_word' id='word_1_190' title='bbox 1154 1829 1263 1880; x_wconf 88' lang='lat' dir='ltr'><strong>quod</strong></span> <span class='ocrx_word' id='word_1_191' title='bbox 1287 1843 1496 1869; x_wconf 87' lang='lat' dir='ltr'><strong>monemus</strong></span> 
     </span>
     <span class='ocr_line' id='line_1_23' title="bbox 60 1891 1496 1950; baseline 0.003 -18"><span class='ocrx_word' id='word_1_192' title='bbox 60 1893 220 1944; x_wconf 85' lang='lat' dir='ltr'><strong>idcirco,</strong></span> <span class='ocrx_word' id='word_1_193' title='bbox 251 1908 304 1934; x_wconf 85' lang='lat' dir='ltr'><strong>ne</strong></span> <span class='ocrx_word' id='word_1_194' title='bbox 322 1896 410 1947; x_wconf 88' lang='lat' dir='ltr'><strong>quis</strong></span> <span class='ocrx_word' id='word_1_195' title='bbox 427 1895 710 1948; x_wconf 87' lang='lat' dir='ltr'><strong>corrigendum</strong></span> <span class='ocrx_word' id='word_1_196' title='bbox 732 1910 817 1935; x_wconf 87' lang='lat' dir='ltr'><strong>esse</strong></span> <span class='ocrx_word' id='word_1_197' title='bbox 835 1904 991 1935; x_wconf 83' lang='lat' dir='ltr'><strong>censeat</strong></span> <span class='ocrx_word' id='word_1_198' title='bbox 1016 1891 1041 1947; x_wconf 78' lang='grc' dir='ltr'>ἦ</span> <span class='ocrx_word' id='word_1_199' title='bbox 1056 1893 1163 1948; x_wconf 79' lang='grc' dir='ltr'><strong><em>μονὴ</em></strong></span> <span class='ocrx_word' id='word_1_200' title='bbox 1185 1891 1307 1948; x_wconf 81' lang='grc' dir='ltr'><strong><em>ὁμοία</em></strong></span> <span class='ocrx_word' id='word_1_201' title='bbox 1326 1894 1496 1950; x_wconf 75' lang='grc' dir='ltr'><strong><em>ἀστέρος</em></strong></span> 
     </span>
     <span class='ocr_line' id='line_1_24' title="bbox 57 1957 1501 2016; baseline 0.003 -16"><span class='ocrx_word' id='word_1_202' title='bbox 57 1963 164 2015; x_wconf 79' lang='grc' dir='ltr'><strong><em>μονῇ</em></strong></span> <span class='ocrx_word' id='word_1_203' title='bbox 197 1961 310 2002; x_wconf 78' lang='grc' dir='ltr'><strong><em>δοκεῖ</em></strong></span> <span class='ocrx_word' id='word_1_204' title='bbox 332 1958 444 2003; x_wconf 78' lang='grc' dir='ltr'><strong>εἶναι.</strong></span> <span class='ocrx_word' id='word_1_205' title='bbox 489 1966 542 2003; x_wconf 91' lang='grc' dir='ltr'><strong>Α.</strong></span> <span class='ocrx_word' id='word_1_206' title='bbox 570 1964 698 2003; x_wconf 86' lang='lat' dir='ltr'><strong>verba</strong></span> <span class='ocrx_word' id='word_1_207' title='bbox 725 1957 751 2016; x_wconf 76' lang='grc' dir='ltr'><em>ἦ</em></span> <span class='ocrx_word' id='word_1_208' title='bbox 780 1958 901 2015; x_wconf 81' lang='grc' dir='ltr'><strong><em>ὃμοιά</em></strong></span> <span class='ocrx_word' id='word_1_209' title='bbox 938 1977 1105 2015; x_wconf 87' lang='lat' dir='ltr'><strong>prorsus</strong></span> <span class='ocrx_word' id='word_1_210' title='bbox 1129 1965 1272 2004; x_wconf 75' lang='lat' dir='ltr'><strong>omisit.</strong></span> <span class='ocrx_word' id='word_1_211' title='bbox 1302 1987 1358 1993; x_wconf 92' lang='lat'><strong>--</strong></span> <span class='ocrx_word' id='word_1_212' title='bbox 1387 1964 1501 2004; x_wconf 72' lang='grc' dir='ltr'><strong><em>δοκεῖ</em></strong></span> 
     </span>
     <span class='ocr_line' id='line_1_25' title="bbox 56 2024 1493 2086; baseline 0.003 -18"><span class='ocrx_word' id='word_1_213' title='bbox 56 2026 161 2080; x_wconf 78' lang='grc' dir='ltr'><strong><em>μονὴ</em></strong></span> <span class='ocrx_word' id='word_1_214' title='bbox 192 2024 291 2069; x_wconf 78' lang='grc' dir='ltr'><strong><em>εἶναι</em></strong></span> <span class='ocrx_word' id='word_1_215' title='bbox 318 2031 481 2071; x_wconf 85' lang='lat' dir='ltr'><strong>inverso</strong></span> <span class='ocrx_word' id='word_1_216' title='bbox 517 2031 661 2071; x_wconf 89' lang='lat' dir='ltr'><strong>ordine</strong></span> <span class='ocrx_word' id='word_1_217' title='bbox 679 2034 725 2071; x_wconf 86' lang='lat' dir='ltr'><strong>F.</strong></span> <span class='ocrx_word' id='word_1_218' title='bbox 743 2032 796 2071; x_wconf 89' lang='lat' dir='ltr'><strong>A.</strong></span> <span class='ocrx_word' id='word_1_219' title='bbox 814 2033 924 2072; x_wconf 89' lang='lat' dir='ltr'><strong>Cam.</strong></span> <span class='ocrx_word' id='word_1_220' title='bbox 943 2034 1015 2073; x_wconf 87' lang='lat' dir='ltr'><strong>Er.</strong></span> <span class='ocrx_word' id='word_1_221' title='bbox 1045 2055 1101 2062; x_wconf 94' lang='lat'>—</span> <span class='ocrx_word' id='word_1_222' title='bbox 1118 2030 1193 2078; x_wconf 59' lang='grc' dir='ltr'><strong>ἐἷς</strong></span> <span class='ocrx_word' id='word_1_223' title='bbox 1219 2033 1301 2072; x_wconf 85' lang='grc' dir='ltr'><strong><em>τῶν</em></strong></span> <span class='ocrx_word' id='word_1_224' title='bbox 1330 2029 1493 2086; x_wconf 78' lang='grc' dir='ltr'><em>ἀχύρων</em></span> 
     </span>
     <span class='ocr_line' id='line_1_26' title="bbox 56 2094 1491 2151; baseline 0.001 -15"><span class='ocrx_word' id='word_1_225' title='bbox 56 2096 251 2147; x_wconf 67' lang='grc' dir='ltr'><strong><em>θημῶνα,</em></strong></span> <span class='ocrx_word' id='word_1_226' title='bbox 281 2098 420 2137; x_wconf 81' lang='lat' dir='ltr'><strong>addito</strong></span> <span class='ocrx_word' id='word_1_227' title='bbox 442 2100 612 2138; x_wconf 79' lang='lat' dir='ltr'><strong>articulo</strong></span> <span class='ocrx_word' id='word_1_228' title='bbox 633 2101 673 2139; x_wconf 90' lang='lat' dir='ltr'><strong>S.</strong></span> <span class='ocrx_word' id='word_1_229' title='bbox 692 2121 745 2129; x_wconf 91' lang='lat'><strong>—-</strong></span> <span class='ocrx_word' id='word_1_230' title='bbox 772 2095 942 2151; x_wconf 72' lang='grc' dir='ltr'><strong><em>ἢπυρὸς</em></strong></span> <span class='ocrx_word' id='word_1_231' title='bbox 969 2094 1141 2150; x_wconf 69' lang='grc' dir='ltr'><strong><em>ἐμβάλοι</em></strong></span> <span class='ocrx_word' id='word_1_232' title='bbox 1167 2096 1318 2151; x_wconf 81' lang='grc' dir='ltr'><strong><em>μικράν</em></strong></span> <span class='ocrx_word' id='word_1_233' title='bbox 1345 2100 1491 2138; x_wconf 83' lang='lat' dir='ltr'><strong>omisso</strong></span> 
     </span>
     <span class='ocr_line' id='line_1_27' title="bbox 60 2158 1491 2220; baseline 0.003 -19"><span class='ocrx_word' id='word_1_234' title='bbox 60 2158 188 2214; x_wconf 80' lang='grc' dir='ltr'><strong><em>ἀρχήν</em></strong></span> <span class='ocrx_word' id='word_1_235' title='bbox 215 2165 266 2203; x_wconf 89' lang='grc' dir='ltr'><strong>Ε.</strong></span> <span class='ocrx_word' id='word_1_236' title='bbox 294 2185 350 2192; x_wconf 92' lang='lat'><strong>-—</strong></span> <span class='ocrx_word' id='word_1_237' title='bbox 379 2162 575 2216; x_wconf 73' lang='grc' dir='ltr'><strong><em>ἐμβάλλοι</em></strong></span> <span class='ocrx_word' id='word_1_238' title='bbox 602 2168 650 2206; x_wconf 87' lang='lat' dir='ltr'><strong>F.</strong></span> <span class='ocrx_word' id='word_1_239' title='bbox 682 2190 732 2196; x_wconf 90' lang='lat'><strong>—-</strong></span> <span class='ocrx_word' id='word_1_240' title='bbox 772 2167 933 2206; x_wconf 85' lang='lat' dir='ltr'><strong>Deinde</strong></span> <span class='ocrx_word' id='word_1_241' title='bbox 959 2163 1141 2220; x_wconf 75' lang='grc' dir='ltr'><strong><em>ἀστέρων</em></strong></span> <span class='ocrx_word' id='word_1_242' title='bbox 1168 2169 1218 2206; x_wconf 88' lang='lat' dir='ltr'><strong>F.</strong></span> <span class='ocrx_word' id='word_1_243' title='bbox 1236 2167 1289 2205; x_wconf 91' lang='lat' dir='ltr'><strong>N.</strong></span> <span class='ocrx_word' id='word_1_244' title='bbox 1312 2167 1422 2205; x_wconf 85' lang='lat' dir='ltr'><strong>Cam.</strong></span> <span class='ocrx_word' id='word_1_245' title='bbox 1447 2166 1491 2207; x_wconf 83' lang='lat' dir='ltr'><strong>P.</strong></span> 
     </span>
     <span class='ocr_line' id='line_1_28' title="bbox 59 2229 1491 2285; baseline 0.003 -18"><span class='ocrx_word' id='word_1_246' title='bbox 59 2230 99 2268; x_wconf 90' lang='lat' dir='ltr'><strong>S.</strong></span> <span class='ocrx_word' id='word_1_247' title='bbox 110 2230 196 2269; x_wconf 85' lang='lat' dir='ltr'><strong>Cas.</strong></span> <span class='ocrx_word' id='word_1_248' title='bbox 208 2231 309 2279; x_wconf 82' lang='lat' dir='ltr'><strong>Nos,</strong></span> <span class='ocrx_word' id='word_1_249' title='bbox 326 2233 386 2271; x_wconf 90' lang='lat' dir='ltr'><strong>uti</strong></span> <span class='ocrx_word' id='word_1_250' title='bbox 403 2246 534 2283; x_wconf 86' lang='lat' dir='ltr'><strong>supra,</strong></span> <span class='ocrx_word' id='word_1_251' title='bbox 553 2247 644 2272; x_wconf 89' lang='lat' dir='ltr'><strong>cum</strong></span> <span class='ocrx_word' id='word_1_252' title='bbox 662 2235 895 2273; x_wconf 84' lang='lat' dir='ltr'><strong>melioribus</strong></span> <span class='ocrx_word' id='word_1_253' title='bbox 914 2234 1146 2285; x_wconf 86' lang='lat' dir='ltr'><strong>scripsimus</strong></span> <span class='ocrx_word' id='word_1_254' title='bbox 1165 2229 1339 2284; x_wconf 75' lang='grc' dir='ltr'><strong><em>ἄστρων.</em></strong></span> <span class='ocrx_word' id='word_1_255' title='bbox 1357 2233 1491 2271; x_wconf 88' lang='lat' dir='ltr'><strong>Etiam</strong></span> 
     </span>
     <span class='ocr_line' id='line_1_29' title="bbox 56 2298 1490 2348; baseline 0.001 -11"><span class='ocrx_word' id='word_1_256' title='bbox 56 2299 191 2337; x_wconf 80' lang='lat' dir='ltr'><strong>Latini</strong></span> <span class='ocrx_word' id='word_1_257' title='bbox 216 2298 375 2339; x_wconf 86' lang='lat' dir='ltr'><strong>dicunt:</strong></span> <span class='ocrx_word' id='word_1_258' title='bbox 411 2300 630 2339; x_wconf 83' lang='lat' dir='ltr'><strong>stellarum</strong></span> <span class='ocrx_word' id='word_1_259' title='bbox 653 2308 941 2348; x_wconf 77' lang='lat' dir='ltr'><strong>transcursus,</strong></span> <span class='ocrx_word' id='word_1_260' title='bbox 973 2315 1057 2339; x_wconf 89' lang='lat' dir='ltr'><strong>non</strong></span> <span class='ocrx_word' id='word_1_261' title='bbox 1076 2301 1270 2338; x_wconf 81' lang='lat' dir='ltr'><strong>siderum.</strong></span> <span class='ocrx_word' id='word_1_262' title='bbox 1298 2321 1353 2327; x_wconf 89' lang='lat'><strong>-—</strong></span> <span class='ocrx_word' id='word_1_263' title='bbox 1409 2300 1490 2338; x_wconf 91' lang='lat' dir='ltr'><strong>Pro</strong></span> 
     </span>
     <span class='ocr_line' id='line_1_30' title="bbox 57 2364 1491 2419; baseline 0 -15"><span class='ocrx_word' id='word_1_264' title='bbox 57 2364 266 2416; x_wconf 78' lang='grc' dir='ltr'><strong><em>διαμείνειε</em></strong></span> <span class='ocrx_word' id='word_1_265' title='bbox 294 2369 343 2407; x_wconf 80' lang='lat' dir='ltr'><strong>F.</strong></span> <span class='ocrx_word' id='word_1_266' title='bbox 373 2366 537 2405; x_wconf 82' lang='lat' dir='ltr'><strong>exhibet</strong></span> <span class='ocrx_word' id='word_1_267' title='bbox 556 2367 728 2419; x_wconf 85' lang='lat' dir='ltr'><strong>simplex</strong></span> <span class='ocrx_word' id='word_1_268' title='bbox 754 2366 909 2419; x_wconf 79' lang='grc' dir='ltr'><strong>μείνειε.</strong></span> <span class='ocrx_word' id='word_1_269' title='bbox 940 2368 992 2407; x_wconf 87' lang='grc' dir='ltr'><strong>Ν.</strong></span> <span class='ocrx_word' id='word_1_270' title='bbox 1011 2366 1171 2419; x_wconf 82' lang='grc' dir='ltr'><strong>μείνοιε.</strong></span> <span class='ocrx_word' id='word_1_271' title='bbox 1207 2369 1326 2407; x_wconf 86' lang='lat' dir='ltr'><strong>Iuvat</strong></span> <span class='ocrx_word' id='word_1_272' title='bbox 1340 2366 1491 2405; x_wconf 85' lang='lat' dir='ltr'><strong>adscri-</strong></span> 
     </span>
     <span class='ocr_line' id='line_1_31' title="bbox 54 2431 1490 2488; baseline 0.001 -17"><span class='ocrx_word' id='word_1_273' title='bbox 54 2433 152 2473; x_wconf 89' lang='lat' dir='ltr'><strong>bere</strong></span> <span class='ocrx_word' id='word_1_274' title='bbox 169 2435 206 2473; x_wconf 89' lang='lat' dir='ltr'><strong>A</strong></span> <span class='ocrx_word' id='word_1_275' title='bbox 217 2448 238 2473; x_wconf 95' lang='lat' dir='ltr'><strong>c</strong></span> <span class='ocrx_word' id='word_1_276' title='bbox 251 2449 272 2473; x_wconf 91' lang='lat' dir='ltr'><strong>c</strong></span> <span class='ocrx_word' id='word_1_277' title='bbox 282 2449 306 2472; x_wconf 92' lang='grc' dir='ltr'><strong><em>ο</em></strong></span> <span class='ocrx_word' id='word_1_278' title='bbox 317 2450 336 2472; x_wconf 91' lang='lat' dir='ltr'><strong>r</strong></span> <span class='ocrx_word' id='word_1_279' title='bbox 346 2447 366 2472; x_wconf 85' lang='lat' dir='ltr'><strong>a</strong></span> <span class='ocrx_word' id='word_1_280' title='bbox 377 2447 417 2472; x_wconf 91' lang='lat' dir='ltr'><strong>m</strong></span> <span class='ocrx_word' id='word_1_281' title='bbox 428 2434 454 2472; x_wconf 94' lang='lat' dir='ltr'>b</span> <span class='ocrx_word' id='word_1_282' title='bbox 465 2434 550 2473; x_wconf 86' lang='lat' dir='ltr'><strong>oni</strong></span> <span class='ocrx_word' id='word_1_283' title='bbox 577 2435 717 2484; x_wconf 86' lang='lat' dir='ltr'><strong>(Vera</strong></span> <span class='ocrx_word' id='word_1_284' title='bbox 740 2449 853 2474; x_wconf 87' lang='lat' dir='ltr'><strong>mens</strong></span> <span class='ocrx_word' id='word_1_285' title='bbox 868 2434 1086 2473; x_wconf 82' lang='lat' dir='ltr'><strong>Aristotel.</strong></span> <span class='ocrx_word' id='word_1_286' title='bbox 1115 2448 1157 2486; x_wconf 89' lang='lat' dir='ltr'><strong>p.</strong></span> <span class='ocrx_word' id='word_1_287' title='bbox 1176 2434 1260 2473; x_wconf 89' lang='grc'><strong>474</strong></span> <span class='ocrx_word' id='word_1_288' title='bbox 1279 2431 1357 2488; x_wconf 89' lang='lat' dir='ltr'><strong>sq.)</strong></span> <span class='ocrx_word' id='word_1_289' title='bbox 1374 2434 1490 2472; x_wconf 89' lang='lat' dir='ltr'><strong>huius</strong></span> 
     </span>
     <span class='ocr_line' id='line_1_32' title="bbox 53 2500 1489 2554; baseline 0.001 -16"><span class='ocrx_word' id='word_1_290' title='bbox 53 2500 133 2539; x_wconf 88' lang='lat' dir='ltr'><strong>loci</strong></span> <span class='ocrx_word' id='word_1_291' title='bbox 161 2503 492 2554; x_wconf 84' lang='lat' dir='ltr'><strong>explicationem:</strong></span> <span class='ocrx_word' id='word_1_292' title='bbox 533 2502 582 2540; x_wconf 88' lang='lat' dir='ltr'><strong>Si</strong></span> <span class='ocrx_word' id='word_1_293' title='bbox 600 2514 748 2551; x_wconf 71' lang='lat' dir='ltr'><strong>vapor,</strong></span> <span class='ocrx_word' id='word_1_294' title='bbox 775 2504 849 2553; x_wconf 86' lang='lat' dir='ltr'><strong>qui</strong></span> <span class='ocrx_word' id='word_1_295' title='bbox 869 2502 1124 2550; x_wconf 80' lang='lat' dir='ltr'><strong>accenditur,</strong></span> <span class='ocrx_word' id='word_1_296' title='bbox 1144 2501 1289 2552; x_wconf 84' lang='lat' dir='ltr'><strong>suerit</strong></span> <span class='ocrx_word' id='word_1_297' title='bbox 1305 2505 1369 2539; x_wconf 89' lang='lat' dir='ltr'><strong>ita</strong></span> <span class='ocrx_word' id='word_1_298' title='bbox 1390 2502 1489 2540; x_wconf 84' lang='lat' dir='ltr'><strong>den-</strong></span> 
     </span>
     <span class='ocr_line' id='line_1_33' title="bbox 55 2569 1489 2620; baseline 0.001 -15"><span class='ocrx_word' id='word_1_299' title='bbox 55 2576 173 2606; x_wconf 77' lang='lat' dir='ltr'><strong>satus</strong></span> <span class='ocrx_word' id='word_1_300' title='bbox 194 2577 235 2607; x_wconf 85' lang='lat' dir='ltr'><strong>et</strong></span> <span class='ocrx_word' id='word_1_301' title='bbox 248 2583 514 2620; x_wconf 82' lang='lat' dir='ltr'><strong>permanens,</strong></span> <span class='ocrx_word' id='word_1_302' title='bbox 536 2577 584 2606; x_wconf 89' lang='lat' dir='ltr'><strong>ut</strong></span> <span class='ocrx_word' id='word_1_303' title='bbox 604 2582 688 2606; x_wconf 86' lang='lat' dir='ltr'><strong>non</strong></span> <span class='ocrx_word' id='word_1_304' title='bbox 703 2570 853 2606; x_wconf 88' lang='lat' dir='ltr'><strong>statim</strong></span> <span class='ocrx_word' id='word_1_305' title='bbox 873 2576 1100 2607; x_wconf 80' lang='lat' dir='ltr'><strong>evanescat</strong></span> <span class='ocrx_word' id='word_1_306' title='bbox 1117 2569 1167 2607; x_wconf 87' lang='lat' dir='ltr'><strong>ob</strong></span> <span class='ocrx_word' id='word_1_307' title='bbox 1188 2569 1489 2616; x_wconf 87' lang='lat' dir='ltr'><strong>accensionem,</strong></span> 
     </span>
     <span class='ocr_line' id='line_1_34' title="bbox 56 2633 1490 2687; baseline 0.001 -16"><span class='ocrx_word' id='word_1_308' title='bbox 56 2641 103 2672; x_wconf 88' lang='lat' dir='ltr'><strong>ut</strong></span> <span class='ocrx_word' id='word_1_309' title='bbox 126 2645 379 2676; x_wconf 79' lang='lat' dir='ltr'><strong>evanescunt</strong></span> <span class='ocrx_word' id='word_1_310' title='bbox 397 2651 555 2687; x_wconf 86' lang='lat' dir='ltr'><strong>caprae</strong></span> <span class='ocrx_word' id='word_1_311' title='bbox 574 2644 614 2674; x_wconf 89' lang='lat' dir='ltr'><strong>et</strong></span> <span class='ocrx_word' id='word_1_312' title='bbox 632 2636 780 2674; x_wconf 83' lang='lat' dir='ltr'><strong>stellae</strong></span> <span class='ocrx_word' id='word_1_313' title='bbox 799 2635 995 2673; x_wconf 84' lang='lat' dir='ltr'><strong>cadentes</strong></span> <span class='ocrx_word' id='word_1_314' title='bbox 1014 2643 1056 2673; x_wconf 85' lang='lat' dir='ltr'><strong>et</strong></span> <span class='ocrx_word' id='word_1_315' title='bbox 1074 2635 1199 2674; x_wconf 80' lang='lat' dir='ltr'><strong>huius</strong></span> <span class='ocrx_word' id='word_1_316' title='bbox 1218 2633 1331 2674; x_wconf 81' lang='lat' dir='ltr'><strong>modi</strong></span> <span class='ocrx_word' id='word_1_317' title='bbox 1350 2642 1490 2673; x_wconf 83' lang='lat' dir='ltr'><strong>tenues</strong></span> 
     </span>
     <span class='ocr_line' id='line_1_35' title="bbox 56 2702 1489 2756; baseline 0.001 -19"><span class='ocrx_word' id='word_1_318' title='bbox 56 2713 248 2750; x_wconf 73' lang='lat' dir='ltr'><strong>vapores,</strong></span> <span class='ocrx_word' id='word_1_319' title='bbox 277 2711 376 2742; x_wconf 74' lang='lat' dir='ltr'><strong>tunc</strong></span> <span class='ocrx_word' id='word_1_320' title='bbox 392 2705 654 2755; x_wconf 81' lang='lat' dir='ltr'><strong>principium</strong></span> <span class='ocrx_word' id='word_1_321' title='bbox 675 2705 935 2741; x_wconf 78' lang='lat' dir='ltr'><strong>accensionis</strong></span> <span class='ocrx_word' id='word_1_322' title='bbox 951 2702 1008 2756; x_wconf 83' lang='lat' dir='ltr'><strong>fit</strong></span> <span class='ocrx_word' id='word_1_323' title='bbox 1028 2703 1192 2754; x_wconf 87' lang='lat' dir='ltr'><strong>quidem</strong></span> <span class='ocrx_word' id='word_1_324' title='bbox 1217 2705 1263 2741; x_wconf 87' lang='lat' dir='ltr'><strong>in</strong></span> <span class='ocrx_word' id='word_1_325' title='bbox 1277 2709 1402 2753; x_wconf 88' lang='lat' dir='ltr'><strong>parte</strong></span> <span class='ocrx_word' id='word_1_326' title='bbox 1427 2710 1489 2740; x_wconf 87' lang='lat' dir='ltr'><strong>te-</strong></span> 
     </span>
     <span class='ocr_line' id='line_1_36' title="bbox 58 2769 1488 2822; baseline 0.001 -18"><span class='ocrx_word' id='word_1_327' title='bbox 58 2770 200 2806; x_wconf 86' lang='lat' dir='ltr'><strong>nuiori</strong></span> <span class='ocrx_word' id='word_1_328' title='bbox 223 2773 409 2820; x_wconf 68' lang='lat' dir='ltr'><strong>vaporis,</strong></span> <span class='ocrx_word' id='word_1_329' title='bbox 440 2772 544 2822; x_wconf 83' lang='lat' dir='ltr'><strong>quia</strong></span> <span class='ocrx_word' id='word_1_330' title='bbox 565 2771 728 2809; x_wconf 86' lang='lat' dir='ltr'><strong>tenuior</strong></span> <span class='ocrx_word' id='word_1_331' title='bbox 742 2783 845 2820; x_wconf 83' lang='lat' dir='ltr'><strong>pars</strong></span> <span class='ocrx_word' id='word_1_332' title='bbox 864 2777 926 2807; x_wconf 88' lang='lat' dir='ltr'><strong>est</strong></span> <span class='ocrx_word' id='word_1_333' title='bbox 945 2770 1088 2820; x_wconf 87' lang='lat' dir='ltr'><strong>aptior</strong></span> <span class='ocrx_word' id='word_1_334' title='bbox 1106 2770 1169 2808; x_wconf 87' lang='lat' dir='ltr'><strong>ad</strong></span> <span class='ocrx_word' id='word_1_335' title='bbox 1182 2769 1488 2820; x_wconf 81' lang='lat' dir='ltr'><strong>suscipiendam</strong></span> 
     </span>
    </p>
   </div>
   <div class='ocr_carea' id='block_1_5' title="bbox 54 2834 1492 2931">
    <p class='ocr_par' dir='ltr' id='par_1_6' title="bbox 54 2834 1492 2931">
     <span class='ocr_line' id='line_1_37' title="bbox 54 2834 1492 2888; baseline 0.001 -17"><span class='ocrx_word' id='word_1_336' title='bbox 54 2837 239 2883; x_wconf 80' lang='lat' dir='ltr'><strong>priorem</strong></span> <span class='ocrx_word' id='word_1_337' title='bbox 258 2838 643 2887; x_wconf 87' lang='lat' dir='ltr'><strong>inflammationem</strong></span> <span class='ocrx_word' id='word_1_338' title='bbox 655 2852 672 2884; x_wconf 89' lang='lat'><em>;</em></span> <span class='ocrx_word' id='word_1_339' title='bbox 699 2837 775 2881; x_wconf 82' lang='lat' dir='ltr'><strong>sed</strong></span> <span class='ocrx_word' id='word_1_340' title='bbox 785 2843 936 2888; x_wconf 80' lang='lat' dir='ltr'><strong>postea</strong></span> <span class='ocrx_word' id='word_1_341' title='bbox 955 2838 1148 2874; x_wconf 85' lang='lat' dir='ltr'><strong>accensio</strong></span> <span class='ocrx_word' id='word_1_342' title='bbox 1168 2834 1410 2875; x_wconf 76' lang='lat' dir='ltr'><strong>terminabit</strong></span> <span class='ocrx_word' id='word_1_343' title='bbox 1431 2835 1492 2873; x_wconf 89' lang='lat' dir='ltr'><strong>ad</strong></span> 
     </span>
     <span class='ocr_line' id='line_1_38' title="bbox 999 2895 1052 2931; baseline -0.019 0"><span class='ocrx_word' id='word_1_344' title='bbox 999 2895 1052 2931; x_wconf 80' lang='lat'><strong>26</strong></span> 
     </span>
    </p>
   </div>
  </div>
 </body>
</html>
