1774 3198
311 354 404 397 520
524 359 969 403 COMMENTARIUS
998 361 1058 401 IN
1082 350 1485 400 METEOROLOG.

899 471 965 510 CA
976 483 1011 508 1².
1038 470 1117 510 111.

424 541 553 589 Quam
572 538 614 576 in
632 537 708 575 hoo
734 538 861 588 capite
888 536 1077 591 amareris
1100 548 1220 587 aquae
1242 536 1416 575 marinae
1445 549 1596 574 causam
1614 551 1710 588 pro-

314 606 463 656 posuit,
510 618 597 644 cam
624 603 958 643 Metrodorus
994 601 1154 651 habuit,
1207 602 1399 654 probante
1435 603 1710 641 Plutarcho

313 672 431 708 Plac.
456 670 608 720 philos.
636 671 718 718 111,
749 674 815 709 16.
854 683 896 722 Ρ.
926 673 1002 709 92:
1032 662 1318 720 Μητρόδωρος
1343 666 1410 707 διὰ
1435 666 1482 708 τὸ
1513 667 1713 719 διηθῆσαν

317 733 383 774 διὰ
410 737 482 787 τῆς
508 738 579 787 γῆς
604 733 878 787 μετειληφέναι
904 736 976 775 τοῦ
1003 732 1092 787 περὶ
1115 731 1240 786 αὐτὴν
1256 732 1428 785 πάχους,
1458 731 1644 787 καθάπερ
1663 732 1715 773 τὰ

316 797 383 840 διὰ
409 803 480 852 τῆς
507 799 658 855 τέφρας
684 798 903 853 ὑλιζόμενα.
961 801 1078 840 Adde
1106 801 1363 840 Plutarch.
1396 803 1557 852 Quaest.
1577 802 1714 852 Symp.

315 870 346 916 1,
368 871 405 908 9.
438 869 555 907 Tom.
575 870 650 908 XI.
683 882 722 919 p.
743 869 797 908 47
815 882 899 920 sqq.
928 867 992 907 ed.
1019 869 1226 907 Hutten.

427 938 463 973 1.
492 935 628 975 Verba
653 931 734 973 ἀλλ’
756 929 1133 986 ὑπολείψειιοιυῐῑῑίῐ
1154 935 1200 972 F.
1218 953 1273 960 —-
1302 930 1367 971 καὶ
1383 928 1550 986 πότερον
1577 933 1718 972 desunt

316 1000 422 1050 apud
446 1001 583 1039 Alex.
611 1001 682 1039 fol.
702 1001 770 1050 94,
788 1001 825 1039 b.
845 1021 900 1030 —-
927 995 1071 1051 ἧαῦτή
1097 1013 1148 1038 sc.
1178 994 1203 1050 ἥ
1234 996 1448 1046 θάλασσα,
1484 1013 1566 1039 non
1590 995 1615 1050 ἡ
1645 995 1717 1037 ἁλ-

315 1062 502 1117 μυρότης.

427 1138 466 1173 2.
498 1125 568 1172 οἶιν
587 1133 635 1171 ab
652 1133 764 1171 initio
785 1133 928 1172 omittit
946 1135 993 1172 F.
1019 1153 1074 1160 --
1109 1134 1181 1171 De*
1196 1131 1264 1181 iis,
1292 1132 1359 1183 qui
1378 1138 1504 1171 totum
1527 1131 1719 1170 mundum

319 1205 447 1238 ortum
470 1214 552 1238 esse
581 1211 625 1237 ac
648 1206 874 1250 generatum
902 1198 1226 1249 praedicaverant
1262 1199 1332 1236 cfr.
1362 1198 1410 1235 de
1437 1199 1546 1235 caelo
1582 1200 1622 1246 1,
1653 1202 1716 1235 10.

318 1265 447 1305 Plut.
478 1266 592 1304 Plan.
614 1265 720 1314 phil.
743 1265 868 1312 11,·4.
898 1278 935 1315 p.
957 1263 1022 1303 47.
1053 1286 1103 1292 --
1140 1267 1228 1314 Ipse
1255 1264 1488 1301 Aristoteles
1515 1270 1720 1301 aeternum

320 1346 411 1371 eum
431 1331 562 1370 statuit
591 1331 664 1369 cfr.
683 1332 732 1368 de
753 1332 859 1369 caelo
878 1332 929 1376 ΙΙ,
942 1332 980 1379 1,
993 1328 1112 1380 (unde
1127 1326 1232 1382 εἴπερ
1251 1330 1357 1367 idem
1373 1329 1490 1377 valet,
1508 1330 1613 1380 quod
1629 1328 1720 1368 ἐπεί.

322 1400 395 1437 cfr.
413 1399 457 1447 I,
480 1398 554 1447 14,
581 1399 655 1435 25.
686 1392 790 1447 εἴπερ
817 1393 923 1446 μένει
949 1392 996 1433 τὸ
1024 1392 1128 1446 πᾶν)
1167 1402 1282 1447 atque
1304 1396 1452 1434 idcirco
1476 1396 1592 1433 ctiam
1614 1410 1721 1434 mare

322 1470 525 1502 aeternum
546 1477 628 1501 esse
646 1463 805 1510 censuit,
833 1462 906 1500 alia
919 1461 1214 1500 ratiocinatione
1232 1475 1335 1510 usus,
1362 1475 1477 1512 quam
1498 1461 1629 1511 Stoici,
1656 1464 1722 1513 qui

323 1531 506 1581 quamvis'
525 1535 652 1567 totum
678 1528 868 1566 mundum
893 1533 1094 1566 aeternum
1106 1556 1117 1575 ,
1147 1534 1275 1578 partes
1293 1535 1423 1566 tamen
1440 1529 1522 1566 eius
1540 1530 1723 1567 mortales

325 1609 408 1634 esse
423 1595 725 1633 arbitrabantur.
782 1595 865 1633 Cfr.
897 1594 1062 1632 SeneC.
1091 1594 1198 1643 Epp.
1220 1595 1380 1642 LXXI,
1401 1597 1447 1631 11
1469 1607 1525 1644 sq.
1554 1596 1722 1644 Quaest.

325 1669 461 1700 natur.
481 1661 554 1709 VI,
572 1666 612 1709 2,
634 1664 673 1699 7.
697 1682 751 1689 —
780 1656 911 1711 ὥσπερ
930 1656 1036 1711 εἴπερ
1059 1660 1104 1698 Ε.
1122 1659 1285 1709 εἰευῐὶῖ,
1307 1663 1370 1704 13,
1393 1659 1467 1698 14ε
1497 1656 1630 1714 διόπερ
1652 1676 1724 1700 κα-

329 1724 481 1779 θάπερ·
497 1725 602 1781 εἴπερ
621 1723 714 1778 ὅπερ
733 1733 792 1766 est
807 1727 930 1777 Phys.
941 1727 972 1774 I,
986 1730 1024 1764 3.
1044 1739 1083 1777 p.
1097 1728 1185 1772 186,
1197 1724 1235 1762 b.
1248 1748 1303 1753 —
1314 1722 1439 1764 αἴτιον
1457 1739 1528 1776 pro
1544 1723 1670 1765 ἀΐδιον
1681 1729 1723 1766 F.

412 1797 476 1832 ’3.
505 1794 784 1833 Democriti
811 1793 1060 1840 sententiam,
1090 1793 1205 1829 tacito
1227 1797 1385 1829 auctore
1403 1792 1479 1829 iam
1497 1806 1615 1843 supra
1634 1795 1727 1832 teti-

327 1859 384 1909 git
409 1860 447 1908 Ι,
469 1862 540 1908 14,
561 1863 625 1899 18.
653 1861 712 1909 11,
735 1863 755 1897 1
769 1887 781 1908 ,
797 1863 836 1898 3.
862 1879 916 1887 -—-
957 1859 1031 1896 Pro
1052 1853 1098 1896 τὸ
1121 1858 1279 1907 πλῆθος
1295 1860 1389 1907 Bag.
1410 1859 1547 1908 legisse
1568 1859 1727 1899 videtur

330 1921 430 1963 κατὰ
446 1921 491 1963 τὸ
510 1925 669 1975 πλῆθος
686 1952 697 1973 ,
725 1931 904 1963 vertens:
942 1922 1214 1960 secundum
1250 1923 1643 1964 multitudinem.
1674 1947 1723 1952 —-

329 1990 477 2041 Aesopi
499 1991 626 2040 μῦθοι
653 1990 746 2029 alibi
767 1991 883 2028 etiam
905 1984 1013 2039 λόγοι
1029 1993 1232 2033 vocantur,
1263 2001 1337 2038 qua
1360 1988 1408 2025 de
1424 2002 1468 2026 re
1492 1990 1564 2028 cfr.
1586 1990 1727 2041 Wyt-

328 2056 545 2094 tenbach
568 2056 618 2095 ad
645 2055 838 2095 Platon.
870 2053 1074 2092 Phaedon.
1095 2067 1136 2105 p.
1153 2056 1230 2090 136
1261 2053 1323 2090 ed.
1343 2054 1454 2103 Lips.
1511 2056 1581 2092 Est
1598 2063 1728 2094 autem

330 2122 479 2169 fabula,
509 2121 557 2160 ad
585 2134 702 2173 quam
728 2121 866 2159 alludit
889 2119 929 2157 h.
948 2120 975 2158 1.
1006 2119 1323 2158 Aristoteles
1351 2133 1402 2156 ex
1429 2119 1544 2158 MSS,
1583 2123 1729 2171 gallicis

330 2189 484 2238 prolata
506 2187 610 2238 apud
638 2189 1025 2238 Hauptmann*p.
1044 2185 1144 2233 248,
1181 2198 1231 2222 ex
1255 2183 1370 2223 MSS.
1401 2186 1599 2224 Vaticanis
1625 2188 1729 2238 apud

332 2255 538 2292 Furiam
566 2268 604 2302 p.
628 2257 705 2301 153
736 2253 797 2291 ed.
828 2251 1061 2290 Schneid.
1118 2253 1266 2289 Damus
1287 2257 1441 2289 textum
1473 2252 1618 2302 prioris
1645 2253 1729 2290 edi-

333 2321 451 2358 tionis
481 2326 521 2358 et
547 2320 700 2357 uncinis
727 2319 892 2356 inclusas
924 2317 1052 2355 varias
1077 2317 1262 2355 lectiones
1290 2317 1448 2354 alterius
1482 2319 1726 2368 apponimus.

334 2382 527 2431 Ai‘srwndg
553 2398 646 2423 ποτε
665 2379 685 2423 ὃ
706 2380 913 2435 λογοποιὸς
941 2379 1086 2432 σχολὴν
1107 2378 1212 2433 ἄγων
1239 2380 1295 2428 εἷς
1322 2379 1535 2434 ναυπήγιον
1561 2380 1726 2433 εἰσήχθη

335 2451 567 2503 (εἰσῆλθεν).
611 2451 691 2489 τῶν
721 2447 764 2492 δὲ
801 2447 1034 2500 (ναυπηγῶν
1063 2444 1353 2500 σκωπούντων)
1390 2444 1660 2487 σκωπτώντων
1687 2462 1728 2487 τε

336 2514 458 2555 αὐτόν
485 2516 550 2555 καὶ
578 2513 876 2565 ἐκκαλουμένων
904 2513 959 2560 εἷς
986 2510 1204 2566 ἀπόκρισιν,
1233 2508 1253 2551 ὃ
1277 2511 1470 2560 Αἴσωπος
1497 2511 1640 2565 ἔλεγεν·
1681 2511 1727 2553 τὸ

336 2579 459 2621 πάλαι
482 2578 584 2632 χάος
611 2579 676 2620 καὶ
703 2577 812 2633 ὕδωρ
838 2581 1071 2632 γεγενῆσθαι
1100 2576 1336 2632 (γενέσθαι),
1375 2581 1454 2618 τῶν
1481 2576 1524 2618 δὲ
1552 2578 1731 2619 διανοου-

335 2645 464 2697 μένων
493 2644 583 2697 (τὸν
611 2645 656 2685 ὁὲ
683 2645 767 2686 Δία
792 2643 1056 2697 βουλόμενον)
1085 2645 1149 2684 καὶ
1176 2641 1221 2684 τὸ
1251 2647 1324 2695 τῆς
1358 2645 1490 2696 (om.)
1531 2645 1603 2695 γῆς
1626 2657 1731 2685 στοι-

335 2715 441 2762 χεῖον
458 2710 657 2760 ἀναδεῖξαι
677 2709 942 2765 (ἀποδεῖξαι),
971 2712 1229 2762 παραινοῦσιν
1256 2707 1519 2761 (παραινέσαι)
1550 2707 1650 2763 αὐτῇ
1672 2710 1731 2756 ὁὶς

340 2773 467 2829 ἢτρῖς
494 2775 616 2831 (αὐτῇ
644 2775 749 2823 ὅπως
778 2775 840 2816 ἐπὶ
868 2780 972 2830 τρεῖς
999 2772 1219 2829 ἓκροφήσῃ)
1248 2773 1462 2826 ἕκροφῆσαι
1482 2772 1554 2813 τὶν
1575 2773 1731 2815 θάλατ-
