1812 3158
310 365 405 409 364
523 373 971 415 COMMENTARIUS
997 376 1055 416 IN
1082 377 1486 418 METEOROLOG.

309 486 385 522 wie
395 487 569 536 gemisse
584 486 715 523 Leute
731 497 873 536 sagea.
931 485 1060 537 Atque
1076 486 1130 525 ita
1153 487 1291 536 etiam,
1321 487 1389 525 ubi
1411 487 1461 526 de
1477 488 1561 527 aliis
1581 489 1710 540 loqui-

308 556 383 588 tur.
412 551 537 588 Polit.
561 553 591 598 1,
619 554 656 599 1,
679 552 727 590 5:
756 547 835 590 Διό
865 561 987 603 φασιν
1017 549 1055 591 οἷ
1082 551 1264 604 ποιηταί·

582 613 804 669 βαρβάρων
832 612 874 655 δ’
897 613 1094 669 (Έλληνας
1122 615 1254 671 ι’λρχειν
1282 616 1396 670 εἰκός,

306 695 406 732 quae
423 681 546 720 verba
564 683 680 719 unius
701 688 793 721 sunt
816 684 1080 735 Euripidis
1098 685 1292 736 Iphigen.
1310 686 1522 725 Aulidem.
1544 690 1661 725 1400.
1673 683 1712 738 *)

305 748 449 786 Nescio
476 762 527 786 an
553 748 669 786 latius
702 749 818 787 etiam
845 756 976 801 pateat
1002 751 1067 789 hic
1093 765 1186 790 usus
1214 752 1376 803 pluralis
1410 753 1567 791 numeri
1595 759 1634 790 et
1662 753 1712 790 de

304 828 386 852 uno
410 814 604 866 scriptore
626 815 879 866 intelligenda
898 816 976 854 sint
995 818 1119 856 verba
1145 817 1277 856 schol.
1305 818 1356 857 ad
1383 818 1709 870 Aristophan.

304 881 417 918 Ran.
441 883 543 919 365:
574 878 612 920 οἱ
632 877 868 932 ποιήσαντες
893 880 989 929 τοὺς
1012 881 1288 938 Φερεκράτους
1314 883 1480 938 Πέρσας
1507 891 1547 923 et
1575 886 1712 923 Stra-

303 947 451 984 bonis
479 948 531 987 V.
564 960 604 997 p.
624 951 725 987 339:
775 945 813 987 οἶ
839 945 913 999 τὴν
933 945 1106 989 Ἀτθίδα
1134 949 1457 1004 συγγράψαντες,
1496 952 1636 1002 quibus
1662 951 1712 988 de

303 1013 400 1051 locis
427 1013 491 1051 adi
520 1013 754 1052 Meineke
785 1015 951 1064 Quae-st.
969 1019 1116 1055 scenic.
1146 1019 1257 1069 Spec.
1278 1021 1326 1058 H.
1355 1031 1396 1069 p.
1419 1017 1470 1056 34
1499 1018 1612 1055 aliter
1632 1023 1712 1054 sta-

302 1085 491 1117 tuentem.
510 1099 565 1106 —-
592 1082 638 1119 In
660 1080 822 1131 reliquis
846 1070 955 1120 nulla
977 1083 1154 1122 lectionis
1172 1085 1340 1123 varietas
1348 1112 1361 1130 ,
1391 1084 1569 1135 quamvis
1598 1096 1712 1133 egre-

302 1146 364 1195 gie
391 1151 579 1196 corrupta
600 1145 678 1183 sint
696 1147 833 1185 verba.
873 1143 1074 1197 ἆτμιδώ
1088 1148 1146 1200 δη
1176 1164 1251 1201 pro
1282 1147 1431 1200 ἀτμίδα
1476 1146 1546 1202 (ut
1575 1161 1711 1186 omnes

302 1209 518 1262 exhibent),
548 1211 653 1262 quod
676 1225 840 1263 sequens
862 1210 1050 1264 καπνώδη
1081 1221 1120 1253 et
1138 1222 1403 1266 antegressum
1422 1211 1712 1265 ἀτμιδωδεστέ-

279 1286 284 1295 ’
303 1291 378 1329 ραν
404 1277 638 1327 efflagitant,
675 1279 813 1328 legisse
838 1279 999 1317 videtur
1028 1280 1064 1318 O
1078 1282 1175 1331 lym
1187 1283 1272 1333 pio
1285 1282 1310 1319 d
1322 1295 1375 1320 or
1385 1295 1411 1318 u
1422 1295 1440 1319 s
1467 1282 1535 1319 sol.
1556 1284 1595 1329 9,
1612 1280 1638 1317 b
1671 1286 1711 1317 et

299 1344 354 1381 ita
373 1344 489 1381 etiam
510 1343 786 1394 corrigendum
805 1358 887 1382 esse
908 1351 1040 1383 censet
1060 1346 1492 1386 Schleiermacher
1512 1348 1620 1383 Mus.
1637 1345 1710 1382 der

300 1408 786 1447 Alterthamsusissensclz.
804 1412 835 1465 J.
864 1424 903 1461 p.
924 1414 1018 1450 389.
1076 1412 1158 1451 Csr.
1181 1415 1240 1460 II,
1267 1416 1312 1451 3:
1357 1414 1429 1463 τῆς
1457 1407 1500 1450 δ’
1532 1407 1709 1461 ἇτμιδώ-

301 1474 398 1520 δους
426 1471 736 1525 ἀναθυμιάσεως
759 1474 824 1514 καὶ
852 1477 925 1527 τῆς
950 1476 1084 1529 ξηρᾶς.
1144 1479 1347 1516 Postrema
1370 1480 1413 1516 in
1435 1478 1615 1515 omnibus
1641 1490 1709 1514 co—

299 1542 451 1580 dicibus
489 1547 528 1578 et
565 1541 678 1579 editis
709 1542 764 1579 sic
804 1542 1078 1587 exhibentur:
1110 1540 1199 1594 τὴν
1235 1542 1326 1595 μὲν
1364 1539 1707 1594 πνευματώδη

300 1603 633 1655 ἐπιπολάζειν
661 1604 745 1646 διὰ
775 1605 831 1647 τὸ
861 1604 1084 1661 θερμόν,
1112 1606 1186 1661 τὴν
1216 1607 1258 1649 δ’
1283 1605 1568 1662 ὗγροτὲραν
1596 1603 1709 1661 ὑφί-

300 1675 529 1714 στασθαι
557 1670 640 1712 διὰ
668 1670 724 1713 τὸ
752 1671 930 1727 βάρος.
990 1676 1073 1714 Gfr.
1102 1676 1150 1714 de
1175 1677 1290 1714 caelo
1317 1678 1387 1726 IV,
1419 1675 1458 1715 4.
1495 1689 1531 1727 p.
1551 1678 1646 1724 312,
1666 1687 1708 1712 a:

299 1739 476 1780 ἐναντίον
506 1737 581 1792 γὰρ
609 1736 655 1779 τὸ
683 1738 760 1791 μὲν
786 1738 910 1791 μέσον
929 1743 987 1796 τῷ
1009 1739 1178 1796 ἐσχάτῳ,
1202 1739 1248 1781 τὸ
1267 1739 1341 1792 μὲν
1358 1737 1628 1796 ὑφιστάμενον
1648 1737 1708 1779 ἀεὶ

296 1808 355 1860 τῷ
385 1802 674 1854 ἓπιπολάζοντι.
749 1806 807 1845 At
838 1809 962 1859 qualis
997 1821 1140 1859 precor
1172 1809 1367 1859 oppositio
1405 1808 1502 1847 haec
1534 1813 1592 1846 est
1623 1804 1709 1844 ἐπι-

296 1869 479 1921 πολάζειν
508 1867 576 1910 διὰ
601 1868 648 1911 τὸ
679 1869 838 1924 θερμόν
868 1899 999 1912 .....
1036 1869 1290 1926 ὑφίστασθαι
1330 1870 1397 1912 διὰ
1434 1871 1481 1913 τὸ
1519 1870 1708 1925 βάρος]

296 1940 392 1978 Non
419 1939 613 1990 explicata
643 1944 736 1976 sunt
758 1937 857 1977 haec
873 1939 996 1978 verba
1016 1939 1064 1977 ab
1093 1940 1337 1990 Olympio
1350 1939 1472 1978 doro
1499 1940 1570 1978 fol.
1591 1943 1654 1986 10,
1671 1951 1706 1975 a.

296 2005 581 2056 Philopono
622 2004 692 2042 fol.
723 2004 798 2052 84,
820 2017 856 2042 a.
915 2004 1036 2042 Unde
1066 2005 1290 2055 glossatoris
1320 2018 1441 2043 manu
1467 2019 1513 2043 ea
1539 2009 1707 2055 propter

295 2071 541 2122 insequentia
580 2069 777 2121 adscripta
813 2083 896 2108 esse
932 2083 1040 2108 eram
1077 2072 1304 2122 suspicatus.
1384 2071 1534 2122 Tetigit
1572 2077 1706 2108 autem

295 2136 588 2177 Alexander
625 2137 697 2175 fol.
729 2139 804 2184 76,
832 2136 880 2184 b,
919 2136 989 2174 ubi
1012 2135 1107 2174 haec
1135 2138 1260 2176 verba
1286 2139 1493 2188 leguntur:
1530 2137 1705 2175 καλεῖται

298 2202 340 2243 δ’
369 2199 395 2256 ἦ
422 2201 497 2255 μὲν
524 2198 627 2256 ὗγρὰ
657 2199 985 2254 (ἀναθυμίασις)
1015 2198 1156 2252 ἀτμίς,
1195 2198 1220 2254 ἦ
1251 2201 1295 2242 δὲ
1324 2200 1519 2255 ’ξηροτέρα
1546 2199 1707 2242 καπνώ-

298 2270 372 2322 δης
397 2283 439 2309 τε
468 2270 623 2320 μᾶλλον
653 2267 719 2307 καὶ
747 2265 1057 2320 πνευματώδης,
1089 2265 1212 2321 ἄμφω
1234 2266 1490 2321 θερμότητος
1515 2267 1705 2319 μετέχου-

297 2348 364 2376 σαι
383 2337 440 2390 τῷ
469 2332 535 2374 διὰ
552 2331 787 2387 θερμότητα
813 2333 1018 2386 γίνεσθαι·
1047 2331 1201 2374 τούτων
1231 2333 1274 2374 δὲ
1294 2332 1366 2386 τὴν
1385 2333 1458 2386 μὲν
1487 2332 1704 2387 ξηροτέραν

296 2402 363 2443 καὶ
400 2397 588 2452 καπνώδη
628 2398 873 2449 ἐπιπολάζειν
911 2397 978 2439 διὰ
1008 2398 1241 2454 κουφότητά
1269 2415 1311 2440 τε
1350 2400 1416 2440 καὶ
1445 2397 1702 2453 θερμότητα·

296 2466 342 2509 τὸ
369 2466 446 2521 γὰρ
473 2465 593 2520 ξηρὸν
622 2464 776 2519 θερμὸν
797 2463 1041 2519 προσλαβόν,
1069 2468 1240 2520 κοῦφον·
1277 2464 1442 2518 τοιαύτη
1472 2462 1545 2518 γὰρ
1574 2461 1599 2516 ἦ
1628 2467 1702 2504 ‘coi

296 2531 421 2589 πυρὸς
449 2531 591 2587 φύσις·
634 2530 706 2584 τὴν
744 2530 788 2572 δὲ
815 2528 1034 2586 ὖγροτέραν
1062 2547 1104 2572 τε
1133 2532 1198 2573 καὶ
1225 2529 1411 2584 ὓδατώδη
1448 2528 1701 2585 ὑφίστασθαι

341 2695 378 2741 *)
402 2698 475 2734 Cfr.
500 2709 579 2732 cum
599 2699 711 2733 hocce
734 2711 839 2734 versu
864 2700 1094 2746 fragmentum
1117 2710 1166 2733 ex
1191 2699 1330 2741 Telepho
1354 2695 1539 2739 Euripidea
1562 2697 1699 2729 XXIII.

384 2764 418 2795 Ρ.
443 2753 509 2788 590
530 2755 629 2787 Mus
641 2766 779 2801 grave
806 2757 896 2799 apud
925 2754 1140 2789 clement.
1164 2751 1462 2791 Alexandrin.
1489 2763 1523 2795 p.
1545 2750 1632 2786 624:

556 2804 722 2852 Ἕλληνες
743 2806 843 2844 ὄντες
866 2805 1063 2854 βαρβάροις
1088 2805 1312 2851 δουλεύσομεν
1319 2821 1333 2848 ,·
