1812 3158
293 339 387 383 360
508 347 953 389 COMMENTARIUS
984 347 1045 385 IN
1071 347 1473 386 METEOROLOG.

295 459 519 498 Ovidius
548 458 740 511 (Metam.
761 458 880 505 XIV,
900 459 980 496 825
999 457 1073 507 sq.)

515 547 565 553 —-
599 544 651 553 —
686 544 729 550 —
762 544 818 551 --
855 536 928 561 ceu
955 523 1050 560 lata
1072 522 1267 573 plumbea
1284 523 1432 574 funda

457 593 594 629 Missa
620 590 722 627 solet
749 589 881 626 medio
909 591 1034 640 glane
1063 587 1315 627 intabescere
1342 590 1467 638 caelo,

294 655 556 707 Virgilius
584 653 702 708 (Aen.
716 657 792 705 IX,
809 658 887 695 588
907 654 983 708 sq.)

459 723 516 759 Et
544 723 679 760 media
709 722 873 760 adversi
905 722 1133 774 liquefacto
1163 729 1351 772 tempora
1375 721 1535 774 plumbo

459 787 652 838 Diffidit‚
683 800 735 825 ac
763 789 893 826 multa
915 796 1154 838 porrectum
1183 789 1364 826 extendit
1387 801 1527 827 arena.

294 854 486 891 Seneca
520 854 688 904 Quaest.
708 862 848 892 natur.
866 857 916 905 H,
938 858 1002 904 57,
1023 858 1042 892 1
1059 868 1070 893 ε
1103 856 1173 893 Sic
1189 856 1376 906 liquescit
1394 868 1569 893 excussa
1581 857 1702 907 glans

282 918 428 969 funda
455 926 492 955 et
516 920 670 957 attritu
695 920 896 958 calidiore
921 923 1018 972 igne
1044 921 1249 959 destillat:
1285 921 1353 959 ubi
1379 922 1493 973 plura
1518 923 1705 973 exposuit

291 984 552 1036 Ruhkopf.
610 986 859 1035 conferatur,
889 1000 1005 1037 quem
1025 988 1183 1026 laudavi
1211 980 1565 1026 Meteorolsveter.
1586 991 1637 1036 Π,
1663 991 1704 1027 7.

292 1063 333 1101 p.
355 1051 422 1098 43,
464 1050 674 1090 Gilbert
701 1052 850 1090 Annal.
881 1055 1035 1093 XVIII.
1066 1068 1104 1104 p.
1127 1054 1221 1093 249.
1263 1054 1385 1093 XIX.
1414 1067 1455 1105 p.
1485 1053 1580 1100 244.
1637 1053 1706 1092 Ad

292 1117 529 1154 vocabulum
559 1114 759 1170 φερόμενα
786 1121 946 1170 supple:
976 1116 1077 1158 κατὰ
1096 1116 1168 1171 τὴν
1198 1118 1238 1158 ἓν
1267 1117 1397 1173 κύκλῳ
1427 1118 1704 1172 παραδίνησιν,

293 1183 359 1221 vel
377 1183 529 1221 similia.
561 1204 611 1209 —
641 1186 714 1223 τοῦ
732 1182 806 1235 μὲν
827 1177 897 1223 οὗν
916 1184 1121 1237 γίγνεσθαι
1147 1188 1195 1224 Ε.
1216 1189 1261 1224 F.
1288 1208 1344 1215 —
1371 1186 1633 1236 Deinceps-F.
1652 1187 1705 1223 N.

292 1248 457 1298 μᾶλλον
474 1248 700 1300 γίγνεσθαι,
738 1251 938 1302 iidemque
965 1265 1062 1289 mox
1096 1248 1314 1303 γενομένων
1357 1266 1432 1303 pro
1475 1250 1703 1303 γινομένων.

293 1314 446 1352 Iterum
470 1316 625 1364 μᾶλλον
652 1315 796 1367 γίνεται
827 1331 901 1368 pro
928 1314 1105 1367 μάλιστα
1133 1330 1167 1369 γ.
1196 1319 1241 1357 F.

406 1384 476 1419 21.
507 1377 610 1431 πρὸς
635 1378 748 1421 τόνδε
776 1380 847 1422 τὸν
875 1379 998 1422 αῧτὸν
1024 1380 1148 1422 τόπον
1175 1385 1229 1422 Ν.
1248 1406 1303 1412 -—
1329 1380 1481 1423 τόνδε
1509 1381 1597 1422 τὸν
1625 1380 1706 1422 τό-

295 1458 389 1484 πον
416 1446 491 1484 i.e.
513 1453 676 1485 terram.
705 1450 777 1487 cfr.
803 1450 961 1489 Sturz
989 1450 1040 1488 ad
1067 1449 1360 1500 Empedocl.
1387 1452 1438 1489 Π.
1458 1450 1706 1501 Ρ.449.451.

294 1512 326 1550 1.
353 1525 395 1563 p.
411 1513 637 1553 XXXVII.
666 1527 706 1553 n.
726 1519 789 1554 73.
852 1516 972 1555 Adde
1005 1514 1206 1556 Platon.
1238 1515 1421 1555 Phaedr.
1448 1530 1489 1567 p.
1516 1515 1616 1555 249:
1657 1513 1704 1554 τὸ

294 1576 390 1630 τῇδε
419 1575 578 1625 κάλλος.
606 1600 660 1609 —-
695 1581 887 1631 Eandem,
917 1596 1034 1634 quam
1050 1581 1368 1621 Aristoteles
1395 1580 1436 1620 h.
1455 1582 1482 1620 1.
1512 1581 1562 1619 de
1579 1582 1709 1620 calore

296 1645 540 1683 extrinsecus
556 1647 597 1683 in
617 1653 764 1686 terram
782 1649 914 1687 adlato
932 1649 1124 1700 proponit
1139 1647 1344 1697 theoriam,
1376 1647 1427 1686 de
1443 1648 1593 1687 lumine
1610 1662 1709 1700 pro-

296 1712 430 1761 posuit
452 1713 814 1764 Empedocles,
842 1729 918 1767 qua
939 1715 988 1753 de
1006 1729 1053 1753 re
1072 1716 1144 1754 cfr.
1166 1715 1379 1754 Aristot.
1398 1715 1446 1752 de
1463 1728 1581 1752 sensu
1605 1729 1637 1752 c.
1659 1718 1708 1753 6:

290 1772 566 1829 Ἐμπεδοκλῆς
605 1793 729 1832 φησιν
764 1778 1022 1834 ἀφικνεῖσθαι
1055 1778 1250 1833 πρότερον
1289 1778 1335 1820 τὸ
1375 1776 1453 1819 ἀπὸ
1487 1782 1558 1820 τοῦ
1593 1776 1708 1831 ἡλίου

297 1844 385 1894 φῶς
414 1842 469 1889 εἷς
495 1841 541 1883 τὸ
570 1843 719 1894 μεταξὺ
745 1846 839 1899 πρὶν
867 1844 968 1899 πρὸς
994 1844 1068 1898 τὴν
1089 1843 1207 1896 ὄψιν,
1238 1842 1343 1897 {igni
1369 1843 1441 1897 τὴν
1467 1847 1560 1898 γῆν)
1590 1860 1707 1897 quem

297 1908 348 1945 ad
371 1911 502 1947 locum
538 1911 830 1951 Alexander
865 1912 1288 1963 Aphrodisiensis
1323 1913 1393 1951 fol.
1422 1916 1519 1961 116,
1548 1914 1572 1950 b
1610 1911 1708 1950 haec

296 1973 433 2013 habet:
463 1973 560 2027 λέγει
585 1973 874 2029 Ἐμπεδοκλῆς,
913 1974 959 2016 τὸ
991 1973 1069 2016 ἀπὸ
1098 1979 1172 2016 τοῦ
1201 1972 1316 2028 ἡλίου
1345 1979 1452 2030 φῶς,
1484 1979 1643 2030 πρῶτον
1666 1975 1708 2017 ἓν

296 2041 355 2094 τῷ
381 2039 531 2091 μεταξὺ
560 2045 633 2081 τοῦ
660 2039 774 2094 ἡλίου
804 2043 870 2082 καὶ
897 2045 969 2094 τῆς
993 2045 1064 2095 γῆς
1089 2042 1293 2095 γίνεσθαι,
1325 2041 1406 2082 εἴθ’
1433 2040 1560 2089 οὕτως
1588 2041 1629 2081 ἒν
1656 2044 1707 2096 τῇ

297 2108 346 2159 γῇ
375 2103 476 2147 ὥστε
504 2107 569 2147 καὶ
597 2104 622 2160 ἦ
653 2105 764 2156 ἀκτὶς
788 2106 813 2160 ἡ
834 2107 912 2149 ἀπὸ
940 2111 1011 2149 τοῦ
1041 2105 1155 2161 ἡλίου
1173 2106 1312 2160 οὕτως,
1342 2107 1397 2156 ὥς
1414 2120 1536 2162 φησιν
1563 2106 1709 2158 Ἐμπε-

299 2172 466 2225 δοκλῆς,
504 2170 646 2228 ὁρᾶται
677 2172 750 2214 οὐκ
778 2173 902 2222 εὐθὺς
929 2177 986 2230 τῷ
1023 2173 1090 2215 τὸν
1128 2172 1240 2226 ἥλιον
1266 2174 1464 2216 ἀνατεῖλαι
1500 2171 1594 2214 οὐδὲ
1623 2171 1708 2224 ἅμα

297 2234 376 2278 {md
414 2238 574 2281 πάντων
611 2237 671 2287 οἷς
707 2239 928 2293 ἀνέτελλεν,
974 2239 1066 2281 ἀλλ’
1102 2239 1143 2280 ἓν
1167 2240 1301 2297 χρόνῳ
1339 2241 1404 2282 καὶ
1440 2239 1588 2280 πλείονι
1624 2243 1709 2286 τοΐς

299 2303 543 2359 πορρωτέρω
570 2299 694 2346 οὖσιν.
737 2308 986 2361 Philopon
1013 2309 1064 2347 ad
1093 2308 1298 2347 Aristot.
1330 2309 1379 2346 de
1405 2309 1552 2346 anima
1581 2309 1640 2355 H,
1669 2309 1707 2344 7.

299 2371 368 2409 fol.
387 2374 452 2421 80,
469 2372 516 2411 b:
545 2371 674 2419 δείξας
702 2371 764 2417 ὅτι
793 2372 866 2413 οὐκ
894 2373 976 2414 ἐστὶ
1003 2376 1119 2425 σῶμα
1146 2371 1192 2413 τὸ
1211 2376 1315 2426 φῶς,
1349 2372 1505 2426 ἐγκαλεῖ
1526 2375 1610 2416 τοῖς
1638 2366 1707 2409 οὕ-

299 2450 378 2482 τως
404 2432 677 2491 ῧπειληφόσιν,
707 2431 762 2480 ὧν
790 2439 873 2479 ἔστι
899 2439 964 2479 καὶ
989 2437 1276 2491 Ἐμπεδοκλῆς,
1307 2435 1352 2486 ὃς
1370 2436 1494 2491 ἔλεγεν
1510 2433 1706 2489 ἀπορρέον

298 2499 346 2541 τὸ
375 2504 463 2555 φῶς
492 2506 608 2555 σῶμα
636 2502 681 2544 ὂν
709 2504 752 2545 ἐκ
781 2508 852 2545 τοῦ
885 2505 1126 2559 φωτίζοντος
1161 2503 1347 2556 σώματος
1382 2504 1562 2556 γίνεσθαι
1595 2503 1706 2554 πρῶ-

299 2583 370 2608 τον
398 2567 439 2608 ἓν
465 2572 522 2625 τῷ
547 2569 695 2621 μεταξὺ
723 2568 835 2626 τόπῳ
869 2574 941 2624 τῆς
977 2586 1019 2611 τε
1056 2574 1127 2624 γῆς
1161 2570 1227 2611 καὶ
1257 2568 1446 2623 οὐρανοῦ,
1491 2563 1574 2606 εἶτα
1610 2564 1706 2620 ἀφι-

301 2636 481 2674 κνεῖσθαι
507 2634 610 2688 πρὸς
635 2633 759 2688 ἡμᾶς,
790 2634 1005 2677 λανθάνειν
1024 2636 1067 2677 δὲ
1085 2635 1157 2689 τὴν
1185 2633 1372 2686 τοιαύτην
1402 2632 1524 2673 αὐτοῦ
1553 2633 1705 2685 κίνησιν

301 2695 367 2737 διὰ
390 2698 465 2751 τὴν
493 2700 696 2754 ταχύτητα
724 2725 777 2731 —
809 2701 855 2743 τὸ
885 2701 956 2742 ἀπ’
988 2701 1185 2752 ἀνατολῆς
1220 2699 1283 2739 ἐπὶ
1318 2698 1474 2751 δυσμὰς
1509 2702 1705 2739 κινεῖσθαι

302 2761 627 2817 ἄνεπαισθήτως,
656 2771 713 2822 τῷ
736 2766 818 2808 ὄντι
847 2767 948 2821 μέγα
977 2767 1064 2808 λίαν
1093 2765 1254 2817 αἴτημα.
1286 2764 1339 2805 δι’
1361 2759 1416 2806 ὧν
1446 2764 1489 2806 δὲ
1518 2763 1704 2818 ἀντιλέγει
