1820 3158
168 359 573 405 —p,355‚b.Bekk.--
659 360 825 400 LIB.11.
865 360 1046 399 cARn,
1104 354 1471 402 —p.340‚F.cas.—
1526 348 1584 390 71

142 489 297 526 ματος,
329 471 392 515 ὅτι
415 471 542 515 τοῦθ’
566 470 644 531 ὁρᾷ
671 468 898 525 υπομένον,
940 470 1013 512 οὐκ
1044 469 1095 511 ἂν
1122 467 1408 523 ὑπολαμβάνοι
1439 469 1587 516 καλῶς,

143 538 297 594 ὁμοίως
312 541 372 583 δὲ
402 542 468 583 καὶ
498 541 540 582 ἐν
569 539 739 588 τούτοις.
783 538 865 581 ἔστι
894 538 998 595 γάρ,
1039 537 1174 594 ὥσπερ
1205 536 1393 592 λέγομεν,
1414 529 1536 584 οὗτος
1564 530 1586 575 ὃ

143 608 270 658 τόπος
295 608 460 658 ὓδατος.
522 614 588 650 16.
619 606 699 650 Διὸ
729 608 794 649 καὶ
824 607 863 649 οἳ
892 607 1069 660 ποταιιοὶ
1099 604 1259 662 ῥέουσιν
1288 606 1344 654 εἷς
1372 602 1500 647 αὐτὸν
1528 600 1642 643 ἅ-16

142 693 288 726 παντες
315 678 379 718 καὶ
410 681 491 718 πᾶν
518 675 565 718 τὸ
595 674 803 731 γινόμενον
831 674 975 731 ὕδωρ·
1008 674 1064 723 εἴς
1092 690 1134 715 τε
1164 673 1242 729 γὰρ
1271 672 1319 715 τὸ
1348 669 1588 714 κοιλότατόν

143 741 166 797 ἢ
200 743 316 799 ῥύσις
354 747 419 786 καὶ
449 742 474 798 ἡ
504 742 697 786 θάλαττα
733 743 806 786 τὸν
836 747 1024 786 τοιοῦτον
1054 741 1182 795 ἐπέχει
1223 744 1298 795 τῆς
1334 743 1409 796 γῆς
1445 737 1590 786 τόπον.

143 811 251 853 ἀλλὰ
280 812 327 854 τὸ
351 812 427 865 μὲν
448 811 691 868 ἀναφέρεται
720 811 822 865 ταχὺ
854 811 923 853 διὰ
951 810 1024 854 τὸν
1052 809 1168 866 ἥλιον
1198 809 1320 860 ἅπαν,
1351 807 1399 850 τὸ
1423 808 1460 849 ‹5'
1485 803 1589 848 ὓπο-

142 881 317 922 λείπεται
350 880 418 922 διὰ
446 880 521 934 τὴν
550 880 763 937 εἰρημένην
790 873 940 922 αῗτίαν.
1002 885 1068 923 17.
1103 877 1163 920 Τὸ
1195 878 1240 920 δὲ
1263 879 1393 931 ζητεῖν
1411 874 1486 930 τὴν
1507 873 1644 930 (ἔρ-17

137 948 261 1000 χαιάν
290 947 478 1002 ἀπορίαν,
511 948 578 990 διὰ
609 949 652 990 τί
676 951 875 989 τοσοῦτον
903 950 1072 1000 πλῆθος
1094 944 1248 994 ’ὕδατος
1276 944 1461 997 οὐδαμοῦ
1494 942 1591 998 φαί-

142 1031 250 1056 νεται
282 1015 402 1071 (καθ’
428 1013 602 1070 ἑκάστην
631 1014 709 1070 γὰρ
737 1012 894 1069 ἡμέραν
922 1017 1119 1067 ποταμῶν
1152 1011 1326 1069 ῥεόντων
1357 1008 1590 1066 ἀναριθμή-

141 1099 224 1124 των
253 1085 319 1124 καὶ
341 1083 387 1125 τὸ
407 1083 584 1138 μέγεθος
612 1081 795 1124 ἀπλέτων
826 1080 954 1123 οὖθὲν
973 1078 999 1136 ἦ
1017 1080 1212 1123 θάλαττα
1237 1081 1386 1136 γίνεται
1407 1078 1587 1131 πλείων),

141 1154 264 1192 τοῦτο
296 1150 423 1192 οὐθὲν
451 1151 527 1204 μὲν
557 1149 710 1192 ἄτοπον
740 1148 949 1205 ἀπορῆσαί
973 1165 1104 1200 τινας,
1135 1147 1182 1190 οὐ
1200 1146 1284 1202 μὴν
1304 1145 1592 1199 ἄποβλέψαντί

140 1233 182 1271 γε
207 1217 387 1271 χαλεπὸν
417 1219 527 1260 ἰδεῖν.
591 1223 656 1259 18.
685 1212 752 1260 Τὸ
772 1217 849 1274 γὰρ
882 1216 982 1259 αὐτὸ
1014 1220 1179 1272 πλῆθος
1206 1214 1360 1264 ὕδατος
1389 1215 1444 1263 εἰς
1473 1212 1644 1255 πλοῖ-18

140 1301 212 1334 τος
242 1293 285 1327 ’τε
318 1286 517 1327 azazae&
546 1286 612 1327 καὶ
634 1284 795 1342 ἀθρόον
825 1285 899 1328 οὐκ
929 1285 971 1327 ἓν
999 1285 1074 1342 ἴσῳ
1100 1282 1240 1341 χρόνῳ
1264 1282 1588 1337 ἀναξηραίνεται,

141 1351 245 1394 ἀλλὰ
277 1354 459 1410 διαφέρει
487 1357 705 1403 τοσοῦτον,
748 1352 850 1396 ὥστε
879 1353 927 1395 τὸ
956 1354 1032 1406 μὲν
1065 1353 1264 1406 διαμείναι
1295 1349 1345 1392 ἂν
1374 1349 1475 1404 ὅλην
1512 1348 1588 1403 τὴν

138 1418 309 1478 ἡμέραν,
340 1421 386 1463 τὸ
418 1421 460 1463 ‹5’
491 1419 626 1476 ὥσπερ
657 1421 698 1462 εἶ’
718 1438 780 1471 τις
811 1422 874 1463 ἐπὶ
899 1421 1101 1478 τράπεζαν
1130 1419 1309 1476 μεγάλην
1338 1419 1588 1473 περιτείνειεν

138 1487 291 1538 ὕδατος
320 1487 496 1542 κύαθον,
527 1487 614 1542 ἅμα
634 1490 937 1543 διανοουμένοις
959 1488 1008 1531 ἂν
1031 1488 1279 1546 ἀφανισθειή
1300 1491 1394 1529 πᾶν.
1438 1492 1504 1549 19.
1518 1483 1574 1526 ιῸ
1592 1489 1642 1525 19

141 1555 191 1610 δὴ
225 1558 288 1597 καὶ
319 1558 408 1613 περὶ
440 1556 537 1606 τοὺς
565 1557 780 1611 ποταμοὺς
810 1558 1045 1611 συμβαίνει·
1093 1559 1270 1609 συνεχῶς
1305 1554 1381 1609 γὰρ
1412 1551 1588 1608 ῥεόντων

141 1692 220 1730 cito
240 1699 463 1742 evanescat,
491 1695 625 1732 locum
649 1707 731 1731 non
749 1707 846 1742 esse,
877 1694 949 1731 sed
972 1693 1233 1740 excrementi,
1265 1692 1358 1744 quia
1380 1689 1590 1729 subsidere

140 1759 241 1798 illud
262 1760 421 1810 videat,
451 1775 534 1799 non
559 1767 669 1800 recte
694 1761 917 1807 censuerit,
948 1761 1004 1799 sic
1026 1766 1066 1799 et
1087 1761 1131 1799 in
1152 1760 1227 1798 his.
1285 1761 1358 1798 Est
1379 1759 1486 1796 enim
1517 1756 1589 1808 (ut

143 1826 337 1880 diximus)
366 1842 491 1880 aquae
519 1829 585 1867 hic
615 1830 739 1868 locus.
803 1832 869 1868 16.
903 1830 1167 1880 Quapropter
1184 1834 1225 1866 et
1243 1825 1411 1866 flumina
1430 1826 1473 1864 in
1494 1839 1588 1864 eum

141 1897 275 1934 omnia
294 1895 468 1935 influunt
486 1903 526 1935 et
548 1898 676 1935 omnis
696 1897 816 1935 etiam
836 1910 949 1948 aqua,
972 1910 1074 1948 quae
1096 1896 1283 1947 gignitur.
1329 1896 1380 1934 In
1401 1894 1443 1933 id
1467 1894 1586 1941 enim,

141 1964 250 2015 quod
271 1965 445 2003 maxime
464 1978 630 2011 cavum,
665 1964 791 2003 fluxio
814 1971 892 2003 est:
927 1965 1126 2015 talemque
1149 1969 1284 2002 terrae
1311 1963 1445 2001 locum
1476 1975 1586 2000 mare

141 2032 306 2070 obtinet.
365 2032 445 2070 Sed
480 2033 554 2070 alia
581 2046 673 2084 pars
701 2033 888 2071 universa
910 2047 932 2071 a
952 2033 1037 2070 sole
1055 2032 1241 2070 celeriter
1260 2030 1480 2079 attollitur,
1513 2029 1589 2069 alia

141 2100 384 2151 relinquitur
405 2100 456 2138 ob
477 2114 586 2148 eam,
617 2114 717 2152 quae
740 2101 845 2139 dicta
866 2107 936 2150 est,
969 2113 1140 2138 causam.
1205 2102 1268 2138 17.
1301 2100 1493 2137 Veterem
1515 2110 1587 2135 au-

142 2173 224 2204 tem
247 2167 356 2205 illam
377 2167 666 2207 dubitationem
686 2169 852 2218 afferre,
882 2183 955 2207 cur
976 2175 1084 2207 tanta
1103 2181 1226 2219 aquae
1247 2166 1362 2217 copia
1390 2178 1587 2215 nusquam

144 2240 345 2284 appareat,
364 2235 522 2285 quando
542 2236 765 2275 innumeris
784 2243 919 2275 vastae
940 2235 1225 2287 magnitudinis
1244 2234 1392 2279 fluviis,
1409 2232 1589 2284 quotidie

144 2301 188 2338 in
208 2314 318 2338 mare
336 2301 610 2349 influentibus,
639 2303 767 2342 nihilo
789 2305 960 2356 amplius
979 2305 1178 2342 cernitur:
1208 2302 1311 2339 hanc
1330 2302 1494 2352 inquam
1514 2300 1588 2338 ali-

145 2381 246 2419 quos
264 2367 551 2407 dubitationem
572 2370 727 2419 afferre,
747 2371 968 2410 absurdum
987 2371 1151 2423 quidem
1170 2382 1253 2407 non
1272 2373 1343 2416 est,
1364 2368 1435 2406 sed
1454 2374 1588 2405 tamen

145 2436 312 2474 difficile
332 2449 415 2474 non
433 2441 493 2474 est
513 2450 618 2482 eum,
638 2437 704 2488 qui
726 2438 1057 2484 consideraverit,
1078 2437 1319 2488 perspicere.
1362 2439 1425 2474 18.
1436 2435 1588 2474 Eadem

145 2504 254 2542 enim
284 2516 408 2556 aquae
430 2503 563 2554 copia,
597 2517 698 2554 quae
716 2505 760 2544 in
778 2505 1029 2544 latitudinem
1053 2517 1229 2555 expansa
1251 2503 1321 2550 sit,
1352 2509 1392 2542 et
1412 2516 1512 2554 quae
1532 2503 1589 2541 si-

146 2572 230 2609 mul
265 2571 432 2609 collecta
459 2584 541 2608 non
577 2572 732 2622 aequali
759 2579 945 2624 tempore
974 2572 1215 2617 resiccatur,
1245 2570 1314 2609 sed
1335 2584 1459 2623 usque
1487 2570 1588 2609 adeo

147 2638 293 2685 differt,
322 2644 370 2676 ut
387 2638 485 2676 haec
504 2638 666 2689 quidem
683 2640 887 2691 integrum
911 2640 1018 2678 diem
1040 2645 1292 2691 permaneat,
1321 2639 1456 2683 altera,
1488 2652 1588 2690 per-

146 2706 240 2744 inde
259 2720 304 2744 ac
321 2706 353 2744 si
377 2706 466 2758 quis
485 2720 611 2759 aquae
630 2706 821 2758 cyathum
843 2720 966 2758 super
985 2720 1168 2758 magnam
1186 2720 1362 2745 mensam
1386 2706 1586 2751 effuderit,

147 2774 266 2812 simul
293 2779 412 2824 atque
440 2773 485 2812 id
518 2775 851 2825 cogitaverimus,
892 2781 975 2813 tota
1008 2781 1230 2814 evanescat.
1301 2778 1368 2814 19.
1406 2773 1456 2813 Id
1480 2773 1588 2825 quod

149 2841 192 2879 in
219 2841 459 2879 fluminibus.
477 2855 636 2893 quoque
666 2838 824 2882 accidit.
883 2843 967 2882 Illis
990 2842 1095 2881 enim
1116 2842 1369 2882 continenter
1388 2841 1587 2881 collectim
