1774 3198
285 346 378 390 530
499 353 944 393 COMMENTARIUS
974 356 1033 394 IN
1057 357 1459 398 METEOROLOG.

281 463 474 515 θυμιάσιν
503 462 637 500 addito
664 462 831 499 articulo
853 463 898 499 F.
920 484 974 491 —-
1005 458 1144 502 διὰτὸ
1177 466 1560 519 συμπεριλαμβάνειν
1587 473 1684 509 πολ-

282 528 352 581 λὴν
369 526 638 578 ἀναθυμίασιν
661 523 785 579 ’ξηράν
802 526 1072 578 phaenomena
1093 539 1284 580 provocat
1299 539 1444 583 auster,
1460 534 1556 586 quiue
1578 550 1684 575 com·

283 601 470 634 memorat
494 594 829 644 Hippocrates
851 594 900 630 de
921 595 1060 632 morbo
1080 608 1210 633 sacro.
1235 598 1342 647 opp.
1359 600 1549 640 Secum.
1571 605 1686 653 p.91,

281 662 333 699 40
353 668 435 712 sqq.
469 660 578 697 cuius
601 656 724 698 verba
744 658 1019 711 adscripsimus
1042 663 1253 699 Meteorol.
1272 672 1395 702 veter.
1418 666 1496 714 VI,
1516 671 1577 705 23.
1606 675 1686 706 not.

282 731 347 765 27.
377 740 416 777 p.
444 725 534 764 124.
561 746 615 754 -—-
654 722 715 762 διὸ
745 724 828 763 καὶ
857 723 1017 776 ψυχρός
1044 730 1087 765 F.
1108 728 1159 766 Η.
1179 729 1229 766 Ν.
1259 752 1308 758 —
1348 726 1368 768 ὃ
1406 730 1460 769 δὲ
1495 730 1687 785 βορέας

283 820 395 831 .....
424 788 638 843 ψυχρός.
664 791 864 829 Problem.
893 794 1061 840 XXVI,
1086 797 1136 831 60
1180 807 1219 846 p.
1246 796 1339 845 947,
1357 811 1399 835 a:
1438 795 1520 836 Διὰ
1548 798 1589 837 τί
1613 802 1688 848 βο-

281 855 373 909 ρέας
397 855 469 908 τὴν
496 853 650 910 ἧμέραν
677 856 750 908 μὲν
779 856 983 911 λαμπρός,
1022 856 1095 910 τὴν
1124 857 1167 898 δὲ
1195 857 1318 899 νύκτα
1345 861 1498 915 πίπτεις
1534 861 1558 915 ἢ
1587 862 1689 903 διότι

279 923 422 975 γίνεται
450 919 528 962 ἀπὸ
555 920 776 976 πεπηγότος
801 919 931 972 ὑετοῦ,
963 921 1058 963 ὅταν
1087 922 1360 977 ἀναθυμιᾶται
1381 926 1446 967 διὰ
1465 927 1536 968 τὸν
1551 926 1688 981 ἣλιον,-

279 988 409 1028 πίπτει
439 987 483 1028 δὲ
513 987 676 1038 νυκτός,
716 988 777 1029 ὅτι
807 988 879 1041 οὐχ
905 986 929 1042 ἡ
961 989 1060 1042 αὐτὴ
1097 989 1264 1044 γένεσις,
1317 991 1687 1035 ἀλλὰῗτούναντίον

279 1059 407 1094 ποιεῖ·
448 1053 522 1102 τὰς
557 1053 632 1108 γὰρ
670 1054 815 1102 νύκτας
854 1056 1004 1105 gaunt,
1053 1055 1127 1104 τὰς
1161 1057 1204 1097 δὲ
1237 1055 1388 1112 ἡμέρας
1422 1052 1556 1112 ἧττον.
1615 1064 1687 1100 cfr.

280 1121 628 1172 Theophrast.
670 1125 718 1160 de
749 1124 882 1160 ventis
914 1124 947 1173 ξ
973 1128 1034 1162 12.
1063 1140 1103 1175 p.
1123 1129 1217 1164 762.
1250 1118 1302 1154 —'
1341 1130 1426 1173 τοῖς
1454 1126 1600 1174 νοτίοις
1624 1127 1689 1166 καὶ

280 1184 470 1233 ἐναντίοις
490 1188 540 1226 Α.
571 1185 758 1233 ἐναντίως
785 1202 860 1238 pro
880 1186 1070 1235 ἐναντίοις
1099 1192 1203 1229 Cam.
1225 1206 1286 1244 γρ.
1218 1182 1386 1231 ——.Cas
1403 1217 1450 1222 —
1483 1194 1548 1232 Ad
1567 1195 1690 1232 ve1ba

280 1247 467 1302 ὁμοίως
495 1279 639 1292 .....
670 1250 888 1304 Λιβύην.
920 1256 988 1292 cfr.
1019 1256 1146 1295 Pliu.
1176 1259 1338 1297 Hister.
1365 1267 1504 1297 natur.
1535 1262 1590 1307 ΙΙ,
1614 1260 1688 1298 48:

280 1318 432 1356 Auster
449 1319 628 1369 Africae
649 1333 832 1367 serenus,
861 1319 1016 1371 Aquilo
1039 1322 1212 1360 nubilus.

391 1387 454 1422 28.
483 1380 529 1422 τὸ
551 1386 732 1423 τοιοῦτον
751 1386 886 1423 addito
904 1387 1068 1424 articulo
1089 1389 1206 1426 Alex.
1229 1392 1278 1428 A.
1301 1391 1405 1428 Cam.
1424 1391 1467 1428 P.
1484 1392 1522 1428 S.
1536 1392 1618 1430 Cas.
1636 1415 1690 1421 ——

278 1446 483 1502 βαρύτερα
507 1449 687 1489 dedimus
706 1464 795 1488 cum
818 1453 863 1489 E.
883 1450 1001 1492 Alex.
1028 1454 1070 1491 Α.
1090 1454 1197 1493 Cam.
1221 1456 1259 1493 S.
1277 1457 1361 1495 Cas.
1415 1458 1571 1507 Reliqui
1599 1472 1688 1496 cum

281 1515 464 1553 Bekkero
482 1513 705 1567 βαρυτατα.
727 1539 781 1544 -—
800 1519 939 1568 πρῶτα
957 1526 1046 1568 post
1058 1515 1254 1571 φέρεσθαι
1275 1523 1386 1571 ponit
1403 1524 1445 1577 F.
1476 1524 1620 1562 omittit
1638 1524 1687 1562 Ε

280 1601 334 1609 --
364 1578 473 1620 κάτω
502 1579 698 1635 φέρεσθαι
729 1596 803 1634 pro
827 1597 938 1622 mero
957 1582 1154 1653 φέρεσθαι
1172 1588 1219 1626 F.
1233 1587 1325 1625 Cam
1352 1601 1410 1640 γρ.
1437 1587 1523 1627 Cas.
1555 1595 1594 1628 et
1616 1604 1688 1628 un-

281 1647 334 1684 cis
352 1648 545 1686 inclusum
564 1649 716 1687 addidit
737 1650 777 1687 Ρ.
1540 1658 1545 1665 '

391 1717 455 1753 2.ss
486 1716 598 1753 Mare
625 1722 763 1753 natura
789 1729 859 1754 sua
884 1717 1053 1756 calidum
1074 1731 1157 1756 esse
1177 1719 1271 1757 dicit
1292 1721 1408 1758 etiam
1439 1722 1488 1758 de
1502 1731 1689 1772 generat.

283 1781 409 1818 anim.
427 1782 495 1827 III,
509 1782 624 1832 11.p.
638 1783 790 1830 761,b:
818 1781 860 1821 ἐν
879 1781 922 1821 δὲ
941 1788 1025 1829 τοῖς
1046 1782 1386 1834 λιμνοθαλὰτταις
1404 1786 1468 1826 καὶ
1488 1785 1587 1840 πρὸς
1604 1792 1691 1834 ταῖς

281 1842 465 1893 ἐκβολαῖς
491 1847 571 1885 τῶν
599 1850 790 1898 ποταμῶν
817 1848 1002 1900 thvovtm
1035 1850 1192 1900 ζητοῦσι
1212 1849 1287 1903 γὰρ
1311 1850 1396 1902 α’μα
1416 1850 1488 1904 τήν
1509 1867 1549 1892 τε
1570 1851 1689 1893 ἀλέαν

281 1909 345 1947 καὶ
373 1907 447 1960 τὴν
475 1908 631 1963 τροφήν
652 1919 692 1950 et
710 1926 746 1963 q.
763 1926 792 1952 s.
823 1931 877 1944 ·-—-⁵
916 1912 1079 1964 δυνάμει
1111 1918 1258 1955 omittit
1283 1919 1336 1955 N.
1370 1942 1419 1948 ——-
1451 1917 1586 1965 αὐτοῖς
1614 1935 1689 1971 pro

280 1970 416 2020 αυτοῖς
445 1977 552 2015 Cam.
576 1979 623 2015 S.
652 1979 732 2016 Cas.
754 2001 806 2006 ——
843 1983 905 2018 De
925 1994 970 2018 re
998 1982 1068 2018 cfr.
1089 1982 1137 2018 de
1150 1991 1268 2031 part.
1283 1997 1352 2021 an.
1371 1987 1419 2032 H,
1430 1989 1470 2023 2.
1488 1998 1527 2035 p.
1540 1986 1630 2038 649,
1643 1999 1687 2024 a·

280 2037 355 2090 ἔχει
384 2039 428 2079 δὲ
457 2038 711 2094 θερμότητος
740 2044 804 2082 καὶ
825 2042 870 2084 τὸ
891 2043 1131 2097 πυρωθέντα
1158 2044 1288 2086 πάντα
1317 2045 1479 2099 σχεδόν·
1509 2045 1593 2089 οιον
1618 2065 1687 2090 κο-

282 2103 343 2144 ιιὰ
369 2106 434 2145 καὶ
460 2105 589 2160 τέφρα
619 2108 683 2147 καὶ
712 2107 763 2148 τὰ
791 2106 1055 2162 υποστὴματα
1085 2114 1163 2150 τῶν
1193 2111 1302 2167 ζώων
1339 2114 1403 2153 καὶ
1441 2118 1520 2154 τῶν
1554 2131 1687 2169 περιτ-

280 2169 477 2223 τωμάτων
505 2169 530 2224 ἦ
554 2171 678 2225 χολη,
715 2177 795 2214 τῶν
824 2174 1138 2230 ἔμπεπυρῶσθαι
1173 2179 1239 2218 καὶ
1268 2178 1626 2235 ἐγκαταλελεῖφθαί
1649 2197 1686 2221 τι

281 2236 321 2276 ἐν
350 2236 487 2284 αὐτοῖς
514 2237 681 2293 θερμόν.
723 2262 770 2268 --
821 2242 885 2281 καὶ
914 2241 987 2295 τὴν
1016 2240 1141 2297 ’ὖγρὰν
1167 2245 1233 2284 καὶ
1260 2243 1334 2297 τήν
1375 2245 1499 2299 ξηράν
1538 2255 1685 2286 mutato

280 2305 495 2343 verborum
525 2304 667 2344 ordine
692 2309 738 2346 F.
769 2309 887 2348 Alex.
916 2310 969 2348 A.
997 2311 1105 2357 Cum.
1136 2313 1178 2349 P.
1206 2314 1244 2350 S.
1275 2314 1361 2352 Cas.
1396 2334 1444 2340 --
1494 2313 1563 2352 καί
1596 2321 1685 2352 ante

280 2370 358 2407 τῶν
388 2369 651 2423 θερμοτάτων
687 2375 832 2412 omittit
867 2375 975 2415 Cam.
1014 2396 1069 2403 ——
1107 2376 1172 2415 καὶ
1200 2375 1273 2429 τὴν
1298 2374 1520 2418 ὑπόστασιν
1552 2379 1684 2417 addito

280 2434 349 2473 καί
372 2439 418 2475 F.

382 2506 453 2542 .30.
495 2500 559 2541 ἀεί
582 2518 622 2543 τε
651 2504 876 2558 πλατυτέρα
905 2508 1038 2546 addito
1066 2522 1107 2547 τε
1135 2511 1180 2548 Ε.
1212 2511 1256 2549 F.
1288 2507 1512 2560 πλατυτέρα
1539 2509 1684 2548 omittit

280 2566 332 2604 N.
362 2567 403 2605 in
435 2571 745 2622 margineponit
774 2574 824 2611 H.
861 2573 992 2612 πλατυ
1019 2574 1084 2613 καὶ
1115 2571 1227 2628 ἑτέρα
1261 2577 1387 2627 prima
1416 2587 1534 2612 manu
1557 2576 1604 2612 E.
1629 2597 1683 2603 ——-
1720 2613 1724 2616 .

279 2645 316 2668 τι
335 2639 424 2671 ante
447 2632 569 2687 μέρος
591 2638 738 2683 omittit
760 2639 864 2676 Cam.
893 2661 948 2667 --
977 2635 1073 2679 ὅσον
1095 2641 1272 2679 dedimus
1299 2654 1388 2679 cum
1414 2641 1459 2678 E.
1486 2639 1600 2678 Alex.
1630 2641 1680 2678 A.

281 2697 371 2734 Cas..
395 2701 461 2748 qui
489 2702 620 2740 taine'n
639 2704 680 2741 in
700 2705 872 2754 margine
890 2704 1098 2756 adscripsit
1117 2696 1194 2759 γ-ρ.4
1211 2703 1314 2759 ὅσῳ,
1342 2711 1387 2743 ut
1405 2706 1548 2756 reliqui
1565 2705 1680 2744 exhi-

281 2759 386 2808 bent,
414 2765 643 2813 quibuscum
671 2770 763 2807 facit
789 2771 833 2806 Β.
863 2789 925 2798 —*
949 2769 1115 2824 οἰομένῳ
1143 2784 1218 2822 pro
1243 2767 1396 2822 ὖομὲνῳ
1427 2771 1476 2808 Ν.
1509 2777 1552 2810 ut
1582 2773 1681 2810 solet
