1774 3198
467 350 690 391 LIBRUM
717 349 959 391 PRIMUM.
1016 350 1135 390 CAP.
1156 342 1254 392 ΧΠ.
1446 381 1451 387 .
1486 341 1581 385 437

134 467 350 511 Caeterum
369 479 470 506 vera
485 479 585 514 csse,
611 478 715 517 quae
732 464 892 517 profert
917 465 957 504 A
968 464 1042 503 ris
1056 470 1104 503 to
1115 469 1133 502 t
1143 464 1223 502 ele
1232 477 1266 510 s,
1295 462 1414 503 docui
1435 464 1478 503 in
1499 463 1581 503 dis-

130 534 348 572 sertatione
370 534 421 572 de
439 533 633 586 grandine
649 539 690 572 et
709 533 906 572 electricis
924 533 966 571 in
987 531 1268 584 atmosphaera
1278 531 1580 584 phaenbmenisn

129 602 280 641 inserta
297 602 540 641 Annalibus
557 601 674 655 phys.
697 609 737 639 et
756 600 884 640 chem.
900 602 934 640 P
945 614 1003 652 og
1013 614 1037 653 g
1049 615 1070 639 e
1080 615 1108 639 n
1121 600 1147 639 d
1158 613 1182 638 ο
1192 613 1215 639 1·
1224 600 1289 639 fii
1307 600 1402 640 Vol.
1414 601 1578 641 XVIII.

130 683 168 720 p.
199 669 278 709 451
310 676 352 708 et
378 671 423 709 in
447 670 554 709 libro
579 670 633 709 de
659 682 714 721 gr
724 682 747 707 a
760 682 786 708 n
797 668 848 707 di
859 682 886 707 n
897 683 920 708 e
947 669 1167 709 vernacule
1187 669 1420 721 conscripto
1447 667 1577 721 (Lips.

133 740 254 776 1832.
287 741 326 777 8.
352 765 364 776 .

242 809 282 844 2.
314 739 451 845 gerba
481 803 523 845 ἓν
540 809 627 853 τοῖς
654 801 955 859 εὖδιεινοτὲροις
971 801 1136 855 τόποις,
1168 802 1211 844 αἱ
1230 801 1276 844 δὲ
1294 800 1428 856 χιόνες
1446 805 1578 857 prima

127 887 248 912 manu
269 874 421 913 omittit
437 876 483 914 E.
512 897 570 904 —
595 870 728 925 χιόνες
750 871 790 913 δ’
816 874 963 912 omisso
991 874 1163 913 arficulo
1193 870 1249 912 Α,
1267 875 1340 912 Er.
1365 895 1421 902 —-
1449 874 1578 913 Dein-

125 955 216 993 ceps
246 938 322 993 οὐχ
351 939 421 981 ἕνα
449 957 525 995 pro
555 939 708 982 οὐθένα
737 944 785 983 F.
814 943 927 982 Cam.
970 963 1025 970 -
1069 938 1116 982 ὄν
1145 942 1338 981 omittunt
1365 943 1416 981 E.
1444 943 1492 982 F.
1532 948 1578 980 ut

125 1010 232 1049 infra
262 1010 418 1049 codices
446 1013 494 1050 F.
512 1013 564 1050 H.
597 1012 629 1064 ᾗ.
656 1014 707 1050 14
738 1010 858 1050 huius
888 1011 1042 1063 capitis.

239 1082 280 1118 3.
306 1080 388 1118 Pro
408 1076 722 1133 ἓνδιατρίψασαι
751 1080 863 1118 Cam.
885 1080 931 1117 P.
953 1078 1040 1118 Cns.
1070 1077 1142 1129 qui
1158 1084 1340 1116 nostram
1359 1077 1575 1116 lectionem

124 1147 165 1184 in
185 1147 365 1198 margine
381 1147 728 1195 commemoravit,
757 1146 1003 1197 scripserunt
1025 1142 1325 1198 ἐνδιατρίβουσι
1332 1175 1345 1196 ,
1371 1146 1481 1197 qnod
1498 1147 1575 1185 mi-

122 1215 231 1252 nime
257 1215 539 1253 necessarium.
599 1214 686 1253 Cfr.
717 1212 976 1252 Schaefer
1003 1213 1055 1252 ad
1086 1213 1348 1253 Plutarch.
1379 1214 1498 1253 Tom.
1521 1216 1573 1255 V.

123 1296 164 1334 p.
188 1284 255 1321 81.
294 1283 571 1322 Wellauer
599 1281 650 1320 ad
678 1281 860 1321 Aesch.
895 1281 986 1321 Vll
1008 1281 1100 1319 due.
1130 1284 1226 1321 731.
1255 1282 1462 1322 Boeckh
1483 1284 1575 1321 Ex-

114 1350 266 1399 plicat.
295 1351 442 1390 Pind.
479 1347 547 1389 Ol.
577 1353 619 1397 1,
644 1353 684 1390 9.
714 1350 910 1389 Dissen
939 1348 991 1387 ad
1019 1350 1165 1389 Pind.
1195 1350 1385 1389 Isthmio.
1414 1352 1488 1400 IV,
1506 1354 1575 1390 33.

119 1441 175 1446 —
204 1419 308 1457 Mox
341 1414 476 1472 ὥσπερ
507 1416 572 1457 ἐπὶ
602 1419 676 1458 τοῦ
704 1413 860 1463 ὕδατος
888 1418 1035 1456 omisso
1058 1417 1129 1458 καί
1147 1420 1202 1458 H.
1226 1419 1278 1458 N.
1300 1440 1356 1447 --
1381 1414 1575 1472 χρυσός

121 1483 206 1525 διὰ
242 1484 635 1541 μικρομέρειαν.
693 1486 754 1525 Ut
791 1487 900 1524 enim
942 1486 1152 1525 Plinius
1191 1489 1247 1526 ait
1284 1488 1399 1525 Hist.
1427 1493 1571 1525 natur.

119 1555 338 1605 XXXIII,
360 1560 407 1595 3:
443 1569 516 1594 nec
545 1556 668 1593 aliud
696 1551 957 1608 (metallum)
987 1555 1123 1592 laxius
1142 1553 1372 1603 dilatatur,
1406 1561 1484 1592 aut
1499 1568 1574 1593 mh—

119 1624 320 1660 merosius
340 1623 562 1672 dividitur,
580 1629 721 1672 uipote
740 1623 858 1659 cuius
877 1623 1089 1659 unciaein
1105 1623 1378 1673 septingenas
1396 1630 1436 1660 et
1448 1623 1573 1673 quin-

119 1703 333 1741 quagenas
348 1692 569 1742 pluresque
586 1690 798 1738 bracteas,
832 1696 1088 1740 quaternum
1105 1689 1329 1741 utrobique
1352 1690 1573 1742 digitorum

118 1766 390 1809 sparguntur,
420 1758 529 1796 unde
547 1759 700 1797 sactum
720 1763 790 1806 est,
814 1763 860 1796 ut
877 1758 1132 1796 Lucretiu
1145 1771 1163 1796 s
1187 1759 1261 1805 IV,
1281 1761 1365 1797 730
1382 1770 1443 1809 sq.
1460 1758 1570 1796 illam

119 1832 372 1877 compararet
399 1840 490 1865 cum
520 1839 687 1864 aranea:

237 1896 418 1943 Tenuia,
459 1908 569 1945 quae
592 1893 729 1946 facile
759 1895 871 1931 inter
901 1907 944 1931 se
975 1895 1222 1946 iunguntur,
1263 1895 1309 1932 in
1338 1895 1458 1932 auris

235 1961 376 1999 Obvia
407 1976 500 2000 cum
529 1963 720 2010 veniunt,
759 1968 807 1998 ut
833 1974 998 2000 aranea
1029 1960 1288 2015 bracteaque
1320 1963 1433 2000 auri.

118 2028 238 2068 Adde
263 2030 492 2069 Martial.
521 2030 649 2079 VIII,
678 2033 754 2078 33,
778 2031 802 2067 3
823 2042 882 2082 sq.

232 2100 332 2135 Hac
351 2097 507 2150 fuerat
536 2111 669 2148 nuper
698 2095 850 2136 nebula
882 2096 964 2136 tibi
985 2103 1141 2150 pegma
1165 2105 1432 2148 perunctum,

286 2165 457 2203 Pallida
487 2179 617 2217 quam
646 2164 763 2203 rubri
792 2166 930 2204 diluat
960 2165 1075 2203 unda
1105 2167 1232 2204 croci.

119 2240 160 2272 et
178 2234 251 2272 cir.
265 2233 431 2271 omnino
448 2235 481 2271 B
495 2233 585 2271 eck
597 2246 742 2271 mann
758 2234 965 2284 Beitrir'ge
983 2246 1058 2270 zur
1070 2233 1218 2271 Gesclz.
1233 2232 1306 2270 der
1316 2232 1566 2285 Erfindung.

119 2303 190 2341 IV.
220 2314 260 2352 p.
287 2302 367 2339 559
388 2313 476 2351 sqq.
495 2320 552 2328 —-
580 2302 645 2339 De
665 2313 755 2338 voc.
781 2296 969 2350 ψακάὸες
998 2300 1069 2340 cfr.
1092 2299 1143 2337 ad
1167 2301 1208 2348 Ι,
1225 2303 1275 2349 ’9,
1295 2302 1337 2339 7.

231 2367 270 2406 4.
302 2371 338 2407 5.
370 2364 417 2406 δέ
441 2381 518 2419 pro
546 2364 623 2419 γάρ
654 2367 847 2406 exhibent
879 2369 929 2406 A.
950 2370 1022 2407 Er.
1044 2368 1095 2406 G.
1127 2367 1194 2418 qui
1215 2373 1350 2406 tamen
1374 2363 1452 2420 γάρ
1474 2381 1566 2406 cor-

118 2437 240 2475 rexit.
271 2457 328 2464 —
367 2434 448 2474 Pro
469 2432 619 2486 ἕμεινεν
635 2436 689 2473 N.
715 2435 884 2486 praebet
907 2432 1085 2487 γέγονεν,
1122 2448 1244 2486 supra
1270 2442 1407 2474 tamen
1432 2436 1565 2487 posito

118 2501 279 2554 ἐῖιιεινεν.
316 2525 368 2533 -
397 2505 501 2543 Mox
523 2503 645 2542 τοῦτο
676 2517 752 2554 pro
773 2499 922 2541 τούτου
943 2504 990 2541 Ε.
1020 2503 1142 2542 τοῦτο
1171 2504 1230 2557 τῷ
1260 2500 1427 2549 πάθους
1453 2504 1564 2542 cam.

117 2567 267 2610 τούτου
295 2573 368 2611 τοῦ
399 2568 567 2616 πάθους
597 2571 638 2608 S.
683 2572 804 2610 τοῦτο
834 2571 908 2609 τοῦ
938 2567 1103 2615 πάθους
1130 2567 1259 2610 αἴτιον
1287 2566 1387 2611 εἶναι
1414 2567 1564 2610 τούτου

118 2641 163 2678 Ρ.
190 2640 278 2679 Cas.
337 2641 550 2679 Caeterum
582 2639 778 2690 significat
802 2641 1108 2689 Anaxagoram,
1146 2639 1255 2690 quod
1287 2645 1397 2691 patet
1422 2653 1475 2677 ex
1499 2652 1564 2676 se-

121 2707 345 2758 quentibus.
379 2729 427 2736 —-
471 2703 631 2757 ἆποστῆ
660 2719 737 2758 pro
767 2702 947 2760 ἀπωσθῇ
975 2707 1026 2745 Ν.
1084 2708 1149 2745 De
1168 2721 1215 2746 re
1231 2707 1327 2747 vide
1358 2720 1458 2759 quae
1475 2719 1563 2744 mo-

119 2774 279 2812 nuimus
316 2789 436 2828 supra
463 2775 512 2813 ad
544 2775 586 2822 I,
618 2779 664 2823 3,
697 2778 760 2813 10.
791 2796 847 2802 —
876 2773 958 2813 Pro
986 2770 1222 2827 πήγνυσθαι
1249 2774 1289 2813 h.
1311 2775 1339 2814 l.
1361 2775 1469 2814 Cam.
1487 2787 1561 2812 ex-

122 2840 233 2880 hibet
260 2839 486 2895 πήγνεσθαι
517 2850 556 2882 et
579 2843 686 2882 infra
708 2842 740 2893 ᾖ.
765 2846 828 2883 19.
856 2839 1112 2895 πήγνωσθαι.
