1820 3158
336 345 393 386 ·‘38
452 349 826 394 —1›·347‚a-13e12k-—
905 353 1049 391 [ΠΜ.
1079 353 1259 390 οΑΡ.Χ.
1335 351 1692 395 -p.333‚E.Cas.-

333 475 406 500 ται
425 461 480 512 μὴ
509 458 629 512 οὔσης
653 459 830 513 αἰθρίας,
859 458 946 500 ὀὔτε
967 463 1154 512 συστῆναι
1178 458 1328 500 δύναιτ’
1352 458 1399 499 ἂν
1419 458 1563 512 ἀνέμου
1581 460 1719 501 πνέον-

330 541 412 573 τος.
453 531 613 578 σημεΐον
635 524 676 565 δ’
702 523 762 565 ὅτι
789 525 932 578 γίνεται
959 529 1085 566 ταῦτα
1116 524 1181 566 διὰ
1207 524 1253 566 τὸ
1281 524 1337 577 μὴ
1367 524 1506 579 πόρρω
1532 527 1719 579 μετεωρί-

332 593 469 640 ζεσθαι
506 590 578 642 τὴν
617 589 785 642 ἀτμίδα·
846 591 909 631 ἐπὶ
945 590 1020 645 γὰρ
1057 596 1142 638 τοῖς
1171 590 1299 646 ὄρεσιν
1328 590 1374 632 οὐ
1399 592 1541 645 γίνεται
1564 591 1716 644 πάχνη.

278 662 300 697 5
331 663 368 697 5.
409 656 534 697 Λῖτιά
562 655 605 696 δὲ
630 657 705 708 μιά
730 655 804 708 μὲν
832 655 950 709 αὕτη,
998 655 1059 698 ὅτι
1088 656 1269 711 ἀνάγεται
1300 657 1342 698 ἐκ
1369 661 1448 699 τῶν
1476 659 1617 698 κοίλων
1655 658 1719 697 καὶ

329 721 513 776 ἐφύδρων
529 719 676 773 τόπων,
707 720 805 763 ὥστε
827 721 1010 775 καθάπερ
1038 724 1204 777 φορτίον
1230 723 1407 778 φέρουσα
1434 723 1552 764 πλέον
1581 721 1721 776 ἦᾶνά-

325 802 451 840 γουσα
477 786 681 843 θερμότης
707 786 733 840 ἢ
761 786 862 829 καθ’
895 785 1019 841 αὑτήν
1027 818 1040 838 ,
1091 787 1138 828 οὐ
1177 786 1341 829 δύναται
1378 789 1620 843 μετεωρίζειν
1657 788 1719 828 ἐπὶ

327 852 451 894 πολὺν
478 852 602 894 τόπον
628 852 728 894 αὐτὸ
758 857 830 894 τοῦ
858 852 1010 906 ὕψους,
1041 851 1131 893 ἀλλ’
1148 853 1259 907 ἐγγὺς
1279 853 1418 908 ἀφίησι
1437 854 1577 896 πάλιν·
1606 853 1720 908 ἑτέρα

325 917 368 957 δ’
392 917 454 959 ὅτι
482 920 548 960 καὶ
578 918 643 974 ῥεῖ
664 918 838 972 μάλιστα
866 916 886 959 ὃ
919 918 995 972 ἀὴρ
1024 917 1123 973 ῥέων
1150 919 1192 960 ἓν
1218 925 1302 967 τοῖς
1328 918 1498 973 ὑψηλοῖς
1507 951 1519 970 ,
1561 919 1606 967 ὃς
1633 921 1719 959 δια-

274 990 296 1022 6
327 983 406 1024 λύει
435 983 508 1037 τὴν
534 984 720 1038 τοιαύτην
749 983 951 1026 σύστασιν.
1011 990 1047 1024 6.
1089 986 1244 1026 Γίνεται
1273 985 1313 1026 δ’
1342 984 1366 1039 ἡ
1398 985 1542 1040 δρόσος
1569 1001 1718 1026 παντα-

321 1053 397 1100 χοῦ
425 1050 569 1098 νοτίοις
597 1049 644 1090 οὐ
671 1051 863 1105 βορείοις,
894 1048 996 1102 πλὴν
1024 1050 1065 1090 ἓν
1092 1055 1149 1106 τῷ
1176 1050 1338 1107 Πόντῳ.
1376 1051 1457 1092 ἐκεῖ
1481 1051 1525 1092 δὲ
1553 1050 1719 1093 τούναν-

323 1115 419 1156 τίον.
451 1114 644 1171 [βορείοις
669 1115 742 1167 μὲν
769 1115 844 1169 γὰρ
873 1117 1028 1169 γίνεται,
1062 1118 1206 1163 νοτίοις
1232 1115 1273 1157 δ’
1299 1116 1345 1158 οὐ
1373 1115 1554 1172 γίνεται]
1593 1116 1718 1157 αἴτιον

324 1179 364 1219 δ’
396 1178 544 1234 ὁμοίως
576 1180 707 1236 ὥσπερ
737 1179 797 1222 ὅτι
825 1181 959 1229 εὐδίας
985 1181 1058 1232 μὲν
1089 1182 1254 1234 γίνεται,
1289 1186 1483 1235 χειμῶνος
1510 1184 1534 1222 δ
1542 1181 1551 1196 '
1585 1181 1655 1222 οὗ·
1694 1179 1715 1222 ὖ

320 1245 393 1296 μὲν
429 1246 503 1301 γὰρ
532 1245 647 1295 νότος
674 1246 808 1289 εὐδίαν
833 1252 954 1293 ποιεῖ,
998 1244 1018 1287 ὅ
1049 1247 1092 1288 δὲ
1127 1248 1273 1301 βορέας
1308 1252 1505 1301 χειμῶνα·
1559 1247 1717 1300 ’ψυχρὸς

302 1310 417 1368 yde,
462 1311 561 1353 ὥστ’
595 1313 637 1354 ἐκ
665 1317 737 1354 τοῦ
769 1316 961 1365 χειμῶνος
996 1317 1069 1366 τῆς
1097 1311 1405 1365 ἀναθυμιάσεως
1433 1312 1614 1365 σβέννυσι
1644 1312 1716 1365 τὴν

269 1382 293 1416 7
321 1377 565 1433 θερμότητα.
642 1385 681 1420 7.
712 1378 779 1421 Ἔν
813 1378 855 1420 δὲ
882 1383 939 1434 τῷ
965 1378 1114 1434 Πόντῳ
1152 1376 1172 1419 ὅ
1202 1379 1275 1431 μὲν
1313 1378 1430 1427 νότος
1471 1378 1543 1431 οὐχ
1589 1377 1715 1426 οὕτως

321 1450 427 1484 ποιεῖ
448 1443 603 1496 εὐδίαν,
635 1443 735 1486 ὥστε
761 1445 940 1498 γίνεσθαι
969 1444 1131 1496 ἀτμίδα,
1162 1442 1246 1485 ὃδὲ
1263 1445 1410 1499 βορέας
1438 1444 1504 1485 διὰ
1531 1445 1603 1498 τὴν
1633 1456 1715 1497 ψυ-

315 1508 495 1565 χρότητα
523 1509 810 1565 ἀντιπεριϊστὰς
836 1509 881 1551 τὸ
905 1510 1060 1564 θερμὸν
1090 1510 1281 1565 ἀθροίζει,
1314 1508 1413 1552 ὥστε
1437 1514 1570 1552 πλεῖον
1599 1510 1713 1563 ἀτμιά

318 1649 402 1692 tur,
429 1644 535 1682 caelo
553 1643 720 1681 nubibus
740 1649 864 1691 tecto,
892 1656 1019 1693 neque
1041 1657 1291 1681 concrescere
1319 1649 1448 1693 potest
1475 1645 1603 1682 ventis
1631 1645 1713 1694 spi-

319 1709 504 1748 rantibus.
564 1709 685 1758 Quod
701 1715 828 1747 autem
850 1709 988 1746 harum
1009 1710 1167 1759 originis
1188 1722 1298 1746 causa
1319 1711 1380 1754 sit,
1402 1710 1489 1760 quia
1511 1709 1564 1758 [in
1582 1710 1712 1759 regio-

319 1775 399 1823 nes]
420 1788 500 1813 nou
518 1775 659 1825 procul
681 1774 714 1823 [a
728 1781 856 1812 terrae
870 1774 1077 1824 superficie
1094 1775 1274 1822 remotas]
1298 1775 1457 1812 eductus
1477 1777 1526 1812 sit
1547 1776 1712 1826 [vapor]‚

319 1839 461 1876 exinde
478 1846 595 1890 patet,
615 1840 719 1890 quod
736 1840 779 1877 in
798 1840 993 1877 montibus
1010 1853 1209 1890 nunquam
1230 1840 1369 1889 pruina
1389 1840 1709 1890 deprehenditur.

319 1906 358 1943 5.
389 1905 507 1944 Cuius
532 1906 591 1943 rei
615 1906 734 1942 altera
761 1919 872 1942 causa
891 1905 986 1942 haec
1007 1911 1082 1952 est,
1113 1904 1216 1954 quod
1239 1917 1288 1941 cx
1311 1905 1413 1942 cavis
1436 1906 1597 1956 udisque
1616 1907 1708 1943 locis

318 1983 444 2020 vapor
463 1970 663 2009 adscendit
679 1971 743 2018 ita,
764 1977 808 2008 ut
829 1971 894 2020 qui
910 1984 1063 2008 sursum
1083 1971 1193 2020 pellit
1213 1971 1317 2007 calor
1337 1984 1423 2008 cum
1443 1972 1589 2008 maiore
1607 1985 1709 2021 pou-
1740 1958 1746 1965 ι

318 2036 413 2073 dere
433 2042 588 2085 utatur,
622 2049 735 2087 quam
761 2036 866 2088 quod
895 2038 1003 2074 ferre
1030 2041 1166 2086 queat,
1206 2049 1295 2073 eum
1318 2049 1398 2073 non
1424 2037 1474 2073 ad
1502 2038 1706 2075 sublimem

316 2102 444 2139 locum
460 2103 599 2140 tollere
618 2103 739 2153 possit
756 2102 824 2140 sed
843 2115 970 2153 prope
987 2107 1132 2139 terram
1148 2115 1284 2139 rursus
1303 2102 1478 2141 omittat:
1505 2104 1624 2140 altera
1638 2103 1708 2141 ‹le-

317 2167 429 2216 inde,
458 2168 563 2219 quod
580 2169 622 2207 in
640 2169 841 2206 altioribus
860 2169 953 2206 locis
970 2166 1057 2215 ae'r,
1085 2167 1149 2217 qui
1175 2168 1257 2205 eius
1285 2168 1391 2205 modi
1406 2170 1707 2207 *concretionem

316 2233 506 2279 dissolvit,
527 2234 695 2272 maxime
714 2234 836 2271 fluere
855 2234 966 2272 solet.
1026 2237 1059 2271 6.
1083 2234 1147 2272 Fit
1165 2240 1295 2271 autem
1314 2247 1380 2271 ros
1397 2234 1540 2285 ubique
1557 2242 1707 2273 austra-

315 2300 413 2338 libus
433 2301 580 2348 ventis,
609 2314 688 2338 non
715 2300 959 2347 borealibus,
983 2305 1256 2351 praeterquam
1282 2301 1322 2337 in
1347 2301 1496 2347 Ponto,
1525 2302 1590 2338 ubi
1611 2315 1707 2339 con-

314 2367 479 2403 trarium
509 2367 641 2405 evenit
668 2366 734 2415 [ut
758 2366 977 2404 borealibus
1005 2365 1163 2416 quidem
1184 2366 1272 2411 fiat,
1303 2367 1483 2404 austrinis
1508 2379 1587 2404 non
1608 2366 1703 2416 fiatJ.

313 2431 459 2468 Eadem
487 2438 617 2470 autem
644 2431 759 2469 huius
779 2432 1039 2483 pliaenomeni
1059 2445 1170 2469 causa
1189 2438 1246 2469 cst
1277 2431 1413 2482 [quam
1435 2445 1552 2482 supra
1575 2433 1705 2482 tetigi-

314 2497 411 2544 mus]
426 2525 436 2544 ‚
467 2503 512 2534 ut
531 2497 656 2535 calida
677 2504 904 2548 tempestate
925 2497 1008 2545 fiat,
1037 2497 1178 2547 frigida
1198 2511 1275 2535 uon
1294 2497 1372 2534 fiat.
1426 2497 1570 2546 Auster
1599 2498 1701 2535 enim

314 2561 459 2600 calidus
479 2569 554 2609 est,
595 2563 731 2600 boreas
760 2564 944 2601 brumalis
969 2564 1210 2613 frigidusque
1239 2562 1335 2608 adeo
1344 2589 1358 2607 ,
1394 2567 1438 2599 ut
1464 2563 1506 2599 vi
1533 2563 1702 2612 frigoris,

313 2627 469 2676 vaporis
486 2628 654 2664 calorem
677 2630 905 2679 exstinguat.
961 2633 1000 2667 7.
1025 2630 1071 2667 In
1083 2630 1206 2666 Ponto
1221 2632 1349 2665 auster
1364 2627 1514 2664 nullum
1532 2629 1700 2665 calorem

313 2698 471 2740 generat
487 2694 613 2739 talem,
637 2699 680 2730 ut
694 2706 820 2744 vapor
840 2695 926 2732 ficri
944 2694 1086 2744 possit:
1109 2693 1237 2743 aquilo
1257 2698 1392 2729 contra
1412 2693 1558 2743 frigore
1575 2694 1700 2731 unde-

312 2770 462 2808 quaque
488 2759 735 2796 circumstans
755 2760 922 2797 calorem
946 2759 1091 2809 colligit
1110 2763 1256 2795 tautum
1267 2784 1279 2803 ,
1310 2763 1353 2796 ut
1373 2759 1494 2796 maior
1518 2760 1583 2798 fiat
1606 2770 1700 2797 eva-
