1812 3158
371 349 463 393 398
581 357 1023 397 COMMENTARIUS
1052 359 1112 397 IN
1139 359 1536 402 METEOROLOG.

366 468 519 506 invenit
538 466 588 505 G.
618 472 733 516 atque
748 466 846 504 adeo
862 468 1060 519 corrigere
1074 469 1203 507 voluit
1219 469 1303 508 sive
1320 467 1416 510 αὐτό
1432 484 1473 510 τε
1491 472 1574 510 sive
1589 469 1686 524 αὕτη
1705 471 1757 512 δέ.

365 534 507 572 Alex.
532 532 628 582 legit
654 528 740 582 ἥτις
757 529 858 584 αὐτή
875 547 932 572 τε.
988 535 1143 572 Deinde
1165 548 1240 586 pro
1266 533 1328 574 ἐπὶ
1351 533 1464 586 πολύ,
1490 537 1595 588 quod
1617 540 1759 589 reliqui

363 598 553 649 praebent
572 598 813 637 adsentiente
831 600 1070 650 Bekkero‚
1086 603 1132 639 F.
1151 600 1268 638 habet
1283 598 1328 639 τὸ
1347 597 1462 641 πολύ.
1505 606 1632 642 Bene:
1659 617 1758 654 pen-

365 664 431 702 det
450 664 552 701 enim
570 664 766 714 genitivus
791 667 862 704 τοῦ
881 667 1067 716 συνεχοῦς
1085 663 1200 721 ἀέρος
1217 681 1238 705 a
1254 667 1450 706 vocabulo'
1467 666 1580 720 πολύ.
1635 671 1759 720 Magis

362 736 492 768 tamen
513 729 722 779 arridebat,
747 731 855 782 quod
871 733 1033 782 praebet
1049 734 1100 772 A.
1129 730 1183 771 ἔτι
1201 747 1274 784 pro
1293 731 1375 783 ἐπί,
1403 735 1508 786 quod
1524 736 1756 787 recepimus.

364 818 414 826 —-
445 794 619 849 σφαίρας
645 810 721 847 pro
747 799 878 850 φορᾶς
899 801 946 838 F.
972 801 1024 838 H.
1043 801 1095 838 N.
1119 789 1284 851 fficas.
1299 822 1353 828 ———
1383 798 1493 851 τύχοι
1513 803 1630 840 solito
1646 815 1758 839 more

359 864 411 902 A.
433 865 504 902 Er.
524 864 568 900 P.
586 863 625 901 S.
643 864 730 902 Cas.
787 865 913 915 Supra
932 865 1086 904 dixerat
1106 864 1165 918 (Ι,
1184 864 1236 918 4)
1264 857 1290 919 ᾗ
1319 862 1367 905 ἂν
1397 860 1467 906 οὖν
1492 864 1666 918 μάλιστα
1694 863 1758 906 εὗ-

358 927 506 982 καίρως
533 926 602 982 ἒβςῃ
630 924 654 980 ἦ
683 926 846 981 τοιαύτη
877 927 1087 980 σύστασις,
1127 928 1224 971 ὅταν
1249 927 1325 971 ὖπὸ
1354 934 1426 984 τῆς
1452 936 1670 986 περιφορᾶς
1697 948 1756 972 κι-

357 997 467 1048 νηθῇ
484 1008 589 1040 πως,
616 992 807 1035 ἐκκάεται.
865 997 984 1035 Unde
1004 998 1215 1049 suspicatus
1234 1011 1339 1036 eram
1358 1012 1434 1050 pro
1453 995 1640 1049 εὔκρατος
1658 1000 1756 1037 scri-

355 1062 528 1100 bendum
547 1075 628 1099 esse
645 1058 824 1115 εὗκαιρος
838 1064 923 1103 sive
936 1061 1148 1115 εὐκίνητος.
1178 1065 1424 1103 Vocabulum
1442 1066 1545 1103 enim
1553 1061 1753 1118 εὔκρατος,

356 1128 462 1179 quod
479 1128 528 1165 (le
545 1129 768 1179 temperatis
793 1131 901 1167 zonis
924 1143 1039 1181 saepe
1063 1138 1298 1182 usurpatur,
1329 1132 1453 1170 veluti
1483 1130 1586 1183 apud
1616 1133 1754 1170 stra-

352 1194 446 1232 bon
458 1207 527 1231 em
552 1196 601 1233 11.
627 1207 666 1243 p.
690 1196 763 1232 111
788 1201 827 1233 et
843 1195 953 1244 alibi,
982 1202 1026 1233 ut
1043 1196 1196 1246 frigidis
1214 1210 1327 1247 saepe
1352 1211 1396 1235 ac
1422 1198 1555 1235 calidis
1578 1211 1754 1248 oppona-

350 1265 435 1308 tur,
462 1259 527 1297 hic
543 1272 704 1309 prorsus
727 1261 905 1312 ineptum
930 1262 1105 1300 videtur.
1165 1263 1334 1311 Quando
1363 1263 1467 1300 enim
1494 1263 1543 1300 de
1570 1264 1753 1302 facultate

351 1324 628 1363 exardescendi
655 1327 763 1377 loqui
788 1328 916 1366 voluit
943 1328 1267 1374 Aristoteles,
1307 1334 1393 1365 tum
1418 1329 1610 1367 vocabulo
1633 1335 1752 1366 uten-

350 1390 444 1428 dum
461 1398 555 1437 erat,
572 1392 678 1443 quod
695 1393 908 1431 exarsionis
920 1394 1139 1432 facilitatem
1155 1383 1400 1444 significaret,
1419 1393 1748 1444 quemadmodum

349 1453 531 1508 εὔκηλος,
560 1464 627 1496 aut
645 1459 774 1496 simili.
812 1461 866 1497 At
884 1455 1073 1512 εὔκρατος
1089 1472 1184 1496 mox
1200 1459 1378 1497 recurrit.
1412 1461 1659 1499 Vertendum
1675 1461 1749 1510 igi-

346 1529 430 1562 tur:
461 1525 626 1575 quando
645 1532 745 1574 apto
765 1526 918 1562 caloris
934 1525 1067 1576 gradu
1078 1524 1251 1576 gaudet.
1280 1525 1380 1563 Coll.
1403 1525 1451 1562 de
1473 1526 1634 1564 mundo.
1657 1540 1690 1564 c.
1710 1526 1748 1565 4.

344 1603 388 1641 p.
416 1592 520 1636 395,
540 1591 583 1628 b:
615 1587 711 1629 ἔνιαι
741 1588 784 1629 δὲ
811 1586 887 1630 ὑπὸ
917 1593 989 1643 γῆν
1016 1583 1131 1630 οὖσαι
1166 1588 1334 1641 πλησίον
1368 1589 1545 1642 πηγαίων
1588 1586 1747 1630 ὗδάτων

344 1654 608 1708 θερμαίνουσι
635 1658 762 1696 ταῦτα
789 1656 854 1696 καὶ
882 1655 933 1697 τὰ
960 1655 1034 1708 μὲν
1058 1652 1205 1709 χλιαρὰ
1221 1658 1301 1695 τῶν
1319 1653 1507 1707 ναμάτων
1526 1653 1669 1706 ἀνιᾶσι,
1696 1653 1747 1695 τοὶ

345 1720 390 1760 δὲ
416 1717 652 1775 ὗπέρζεστα,
689 1720 741 1762 τὰ
770 1721 814 1762 δὲ
842 1716 884 1762 εὖ
913 1720 1053 1775 ἒβζοντα
1080 1719 1277 1776 κράσεως,
1313 1723 1381 1760 ubi
1403 1723 1592 1773 postremi
1620 1724 1749 1761 fontes

342 1802 388 1826 re
404 1802 499 1827 vera
517 1795 608 1827 sunt
625 1790 824 1828 ferventes
841 1787 975 1839 (ζεστά
991 1803 1126 1842 oppos.
1140 1785 1320 1840 χλιαρὰ),
1338 1788 1407 1826 sed
1422 1800 1505 1826 non
1521 1784 1745 1842 ὗπέρζεστα.

341 1855 509 1905 Propius
526 1855 674 1893 accedit
689 1856 864 1894 eiusdem
881 1857 1016 1907 capitis
1034 1857 1066 1905 §.
1083 1859 1154 1903 27,
1182 1855 1250 1893 ubi
1266 1850 1455 1906 εὔκρατον
1473 1856 1624 1904 πνεῦμα
1646 1861 1746 1892 tam-

341 1933 455 1970 quam
480 1933 592 1958 causa
618 1927 748 1959 terrae
775 1928 954 1959 motuum
979 1921 1230 1987 proponitur.
1293 1922 1474 1958 Fortasse
1506 1920 1620 1957 etiam
1645 1919 1744 1958 nihil

340 1985 445 2023 aliud
468 1986 543 2023 hoc
565 1987 757 2025 vocabulo
782 1988 912 2026 dicere
928 1987 1074 2035 voluit,
1103 2000 1218 2037 quam
1235 1985 1341 2036 quod
1362 1986 1415 2023 ita
1436 1986 1629 2036 expressit
1657 1986 1743 2023 Se—

339 2065 462 2089 neca
474 2054 640 2103 Quaest.
653 2061 791 2092 natur.
811 2056 899 2101 VII,
921 2057 943 2091 6
959 2066 969 2091 :
1002 2051 1142 2090 Potest
1159 2053 1264 2089 enim
1283 2053 1453 2101 spiritus
1464 2065 1541 2100 per
1559 2058 1743 2101 angusta

339 2119 458 2155 elisus
496 2118 718 2156 accendere
746 2132 878 2168 supra
904 2133 946 2156 se
970 2120 1156 2168 positum
1188 2117 1307 2165 ab'ra,
1340 2121 1507 2166 pienum
1534 2117 1742 2154 alimentis

337 2184 495 2221 idoneis
519 2186 624 2235 igni.
656 2206 706 2211 —
739 2181 988 2236 σποράδες
1017 2181 1222 2236 ἀστέρες
1248 2189 1338 2221 sunt
1354 2184 1488 2220 stellae
1503 2182 1614 2229 fixae,
1644 2195 1741 2232 quae

335 2263 414 2288 non
433 2250 480 2287 ad
502 2257 627 2288 certos
644 2251 866 2289 asterismos
884 2253 1029 2289 relatae
1047 2256 1150 2288 sunt.
1178 2250 1250 2288 cfr.
1271 2247 1490 2286 Henisch
1513 2247 1563 2285 ad
1584 2247 1738 2286 Procl-

335 2316 383 2353 de
402 2316 582 2366 sphaera
593 2331 633 2368 p.
649 2319 739 2355 161.
751 2338 803 2344 —
815 2318 865 2356 G.
876 2313 1090 2370 σποράδων
1109 2315 1212 2354 male
1226 2315 1509 2365 interpretatur
1525 2314 1603 2352 τῶν
1626 2312 1739 2367 διασ-

332 2379 496 2421 σόντων.

445 2453 479 2487 3.
509 2443 581 2499 τὴν
607 2455 699 2500 post
718 2449 772 2495 εἰς
800 2450 987 2487 omittunt
1015 2450 1059 2486 E.
1078 2450 1125 2490 F.
1148 2448 1191 2485 A.
1222 2467 1274 2476 --
1303 2444 1375 2497 τὴν
1401 2443 1558 2484 ἄνωθεν
1586 2442 1738 2494 κίνησιν

332 2515 473 2552 omisso
492 2516 572 2553 τῶν
591 2516 644 2554 Ν.
670 2536 718 2542 -—
752 2512 853 2568 ἀρχὴ
880 2512 936 2565 μὴ
966 2511 1155 2567 πυρώδης
1181 2527 1243 2565 pr.
1262 2526 1363 2551 man.
1382 2514 1424 2550 F.
1442 2532 1496 2539 -—
1523 2505 1626 2547 πολὺ
1648 2507 1736 2547 λίαν

330 2581 382 2618 Ν.
414 2577 564 2618 Omnes
581 2582 666 2619 rell.
685 2578 784 2631 μήτε
805 2578 910 2619 οὕτω
940 2576 1066 2630 πολλὴ
1095 2578 1182 2617 λίαν
1212 2576 1312 2618 ὥστε
1338 2573 1437 2626 ταχὺ
1467 2573 1530 2613 καὶ
1551 2572 1612 2612 ἐπὶ
1633 2569 1734 2612 πολὺ
1753 2614 1755 2617 .

330 2643 499 2694 ἔκκὰειν,
529 2643 629 2697 μήθ’
656 2643 786 2693 οὕτως
813 2643 991 2697 ἀσθενὴς
1019 2642 1109 2685 ὥστ’
1130 2642 1429 2694 ἀποσβεσθῆναι
1455 2637 1569 2690 ταχύ.
1609 2640 1735 2690 Equi-

331 2710 433 2759 dem,
462 2718 506 2749 ut
526 2713 599 2750 sibi
618 2713 905 2764 responderent
920 2709 1025 2751 οὕτω
1041 2707 1168 2761 πολλή
1198 2717 1237 2748 et
1258 2705 1363 2748 οὕτω
1391 2703 1568 2757 ἀσθενής
1595 2705 1732 2756 scripsi

330 2771 435 2814 οὕτω
463 2775 602 2827 πολλή,
634 2775 733 2818 ὥστε
766 2778 853 2818 λίαν
879 2774 982 2827 ταχῦ
1009 2776 1074 2815 καὶ
1103 2773 1165 2814 ἐπὶ
1193 2771 1295 2813 πολὺ
1323 2769 1484 2812 ἒκκάειν.
1542 2776 1599 2812 Ita
1627 2771 1731 2823 apud
