1820 3158
252 359 290 401 ’6
359 363 522 407 -p-339‚
533 360 735 394 a·Be1‹k-—
810 357 1183 398 LIB.1.CAP.111.
1271 353 1630 397 ——p.326‚E.cas.-

263 473 483 530 φαντασίας
511 471 574 512 καὶ
603 469 691 522 περὶ
721 468 903 546 κομητῶν
931 467 996 507 καὶ
1017 469 1096 506 τῶν
1118 463 1250 505 ἄλλων
1272 462 1349 505 ὅσα
1368 462 1546 517 τυγχάνει
1564 461 1659 503 τοῦ-

262 555 347 587 τοις
373 537 470 580 όντα
493 537 676 588 συγγενῆ·
708 530 839 586 φαμὲν
867 530 912 571 δε
937 535 1017 585 πῦρ
1045 531 1109 572 καὶ
1137 529 1233 585 ἀέρα
1260 530 1325 570 καὶ
1352 528 1464 583 ὕδωρ
1493 529 1557 569 καὶ
1584 532 1659 582 γῆν

262 605 440 660 γίνεσθαι
468 602 510 649 ἐξ
533 598 738 651 ἀλληλων,
778 597 843 637 καὶ
868 595 1034 638 ἕκαστον
1068 597 1109 637 ἐν
1144 595 1297 637 ἑκάστω
1337 593 1525 677 ὑπάρχειν
1563 610 1658 635 του-

262 686 343 711 των
372 666 556 718 δυνάμει,
605 679 736 717 ωσπερ
775 662 840 702 καὶ
875 665 955 703 τῶν
991 660 1121 703 ἄλλων
1158 659 1219 710 οις
1254 661 1295 702 ἓν
1329 677 1366 701 τι
1401 661 1467 701 καὶ
1512 658 1660 700 ταύτὸν

263 733 487 782 υπόκειται,
529 731 583 778 εἷς
611 728 632 770 ὃ
663 726 904 769 ἀναλύονται
933 726 1111 779 ἔσχατον.
1188 734 1227 767 2.
1267 729 1441 781 Πρῶτον
1479 726 1552 779 μὲν
1591 741 1661 766 ουν

265 797 493 853 ἀπορήσειεν
523 794 571 837 ἄν
599 811 659 842 τις
686 794 773 848 περὶ
802 792 872 833 τὸν
903 791 1145 844 καλούμενον
1175 791 1286 843 ἀέρα,
1315 794 1403 833 τίνα
1430 808 1471 833 τε
1489 790 1568 846 χρὴ
1591 794 1664 830 λα-

263 869 346 918 βεῖν
384 863 507 904 αὑτοῦ
543 861 616 915 τὴν
652 860 771 916 φύσιν
800 858 842 899 ἓν
869 862 926 914 τῷ
955 858 1172 912 περιέχοντι
1201 858 1339 913 κόσμῳ
1366 857 1438 910 τὴν
1465 861 1560 911 γῆν,
1599 857 1664 897 καὶ

265 934 348 977 πῶς
382 929 457 982 ἔχει
491 927 597 977 τάξει
630 926 731 983 πρὸς
767 920 895 968 τᾶλλα
921 923 973 965 τὰ
1002 923 1190 977 λεγόμενα
1219 929 1392 976 στοιχεῖα
1418 926 1498 964 τῶν
1527 921 1666 975 σωμά-

265 1013 345 1038 των
383 993 430 1047 (ὃ
457 995 530 1048 μὲν
558 993 633 1048 γὰρ
663 1008 735 1046 της
761 995 832 1046 γῆς
869 989 984 1045 όγκος
1020 991 1186 1043 πηλίκος
1225 989 1274 1031 ἄν
1273 1005 1373 1070 τιςΔ
1397 988 1455 1042 εἴη
1485 987 1586 1043 πρὸς
1614 987 1666 1028 τὰ

265 1061 494 1117 περιέχοντα
525 1060 698 1113 μεγέθη,
737 1057 808 1099 οὐκ
838 1056 1008 1110 α’δηλον·
1049 1055 1127 1110 ἤδη
1158 1055 1233 1111 γὰρ
1265 1051 1391 1097 ὦπται
1422 1054 1488 1096 διὰ
1515 1058 1595 1096 τῶν
1620 1071 1668 1118 α-

267 1130 530 1182 στρολογικῶν
543 1123 821 1179 θεωρημάτων
840 1121 935 1177 ημΐν
956 1122 1017 1165 ὅτι
1037 1123 1139 1164 πολὺ
1168 1124 1232 1164 καὶ
1261 1126 1341 1163 τῶν
1368 1120 1526 1175 ἄστρων
1555 1112 1668 1161 ἐνίων

268 1193 442 1234 ἐλάττων
470 1192 596 1233 ἐστίν·
635 1190 784 1238 ’ὕδατος
814 1190 857 1231 de*
887 1189 1007 1246 φύσιν
1034 1194 1315 1242 συνεστηκυῖαν
1343 1188 1407 1229 καὶ
1437 1185 1669 1242 ἀφωρισμέ-

267 1276 340 1312 νην
369 1257 465 1300 οἷέθ’
498 1255 651 1312 ὁρῶμεν
679 1255 764 1298 οὔτΊ
801 1256 995 1309 ἐνδέχεται
1033 1254 1322 1310 κεχωρισμένην
1357 1251 1453 1295 εἶναι
1479 1256 1553 1293 τοῦ
1581 1252 1669 1306 περὶ

267 1323 339 1378 τὴν
366 1328 438 1379 γῆν
464 1323 675 1378 ἱδρυμένου
705 1323 912 1375 σώματος,
951 1320 1035 1363 οἶόν
1063 1338 1104 1363 τε
1133 1325 1213 1362 τῶν
1236 1323 1430 1376 φανερῶν,
1459 1317 1670 1371 θαλάττης

269 1392 334 1432 καὶ
361 1393 573 1442 ποταμῶν,
603 1388 676 1430 κᾶν
699 1389 740 1430 εἶ’
759 1405 800 1430 τε
830 1388 930 1430 κατὰ
961 1387 1123 1441 βάθους
1151 1386 1301 1440 ἄδηλον
1328 1383 1422 1439 ἡμῖν
1445 1385 1593 1440 ἐστιν),
1621 1383 1668 1426 τὸ

270 1457 314 1498 δὲ
342 1457 390 1510 δὴ
420 1454 568 1509 μεταξὺ
607 1459 679 1508 τῆς
707 1458 779 1509 γῆς
808 1471 849 1496 τε
876 1456 941 1497 καὶ
975 1458 1054 1496 τῶν
1093 1451 1269 1506 ἐσχάτων
1307 1451 1466 1507 ἄστρων
1501 1450 1669 1505 πότερον

270 1522 310 1563 ἓν
336 1539 374 1563 τι
401 1521 606 1574 νομιστέον
634 1519 730 1562 εἶναι
761 1525 876 1575 σῶμα
903 1521 977 1574 τὴν
1005 1517 1126 1576 φυσιν
1149 1518 1174 1573 ἢ
1197 1519 1339 1568 πλείω,
1371 1516 1443 1559 κᾶν
1473 1519 1507 1559 εἷ
1534 1518 1668 1566 πλείω,

272 1656 442 1693 dicamus
462 1655 512 1693 de
531 1655 639 1694 lactis
664 1656 960 1706 phaenomenp,
999 1661 1084 1692 tum
1114 1654 1163 1691 de
1184 1653 1364 1700 cometis,
1393 1657 1476 1689 tum
1504 1650 1673 1700 denique

271 1721 320 1758 de
349 1721 527 1771 reliquis,
567 1727 759 1771 quotquot
787 1721 849 1759 his
877 1725 1171 1772 cognatasunt.
1228 1717 1510 1757 contendimus
1543 1722 1673 1755 autem

269 1786 418 1837 ignem,
449 1786 601 1835 aerem,
641 1800 781 1837 aquam
807 1792 848 1824 et
872 1793 1021 1824 terram
1048 1787 1216 1824 alterum
1243 1798 1294 1822 ex
1322 1785 1445 1821 altero
1472 1782 1595 1832 gigni,
1635 1787 1674 1819 et

272 1866 408 1891 eorum
426 1852 575 1902 singula
593 1852 635 1889 in
654 1853 814 1903 siugulis
844 1859 1000 1891 exstare
1026 1853 1069 1889 vi
1095 1851 1353 1902 oppositionis
1376 1848 1672 1900 principiorum,

273 1917 599 1968 quemadmodum
628 1917 673 1955 fit
698 1918 816 1955 etiam
841 1918 884 1955 in
908 1918 1068 1968 reliquis
1095 1917 1329 1969 corporibus
1344 1945 1355 1965 ‚
1385 1915 1523 1966 quibus
1549 1927 1669 1951 unum

273 1984 470 2035 quoddam
499 1984 699 2034 'idemque
735 1984 886 2031 subest,
943 1985 985 2022 in
1024 1984 1130 2035 quod
1177 1983 1347 2033 denique
1393 1981 1672 2018 dissolvuntur.

274 2054 310 2088 2.
337 2049 514 2088 Primum
534 2050 690 2100 quidem
715 2050 952 2088 dubitaverit
971 2051 1129 2101 aliquis,
1159 2050 1281 2100 qualis
1301 2053 1438 2086 natura
1465 2046 1674 2084 tribuenda

274 2116 323 2153 sit
349 2117 564 2161 elemento,
604 2116 710 2166 quod
728 2116 862 2154 aerem
879 2130 1085 2162 vocamus,
1114 2118 1154 2155 in
1174 2117 1343 2164 munde,
1373 2128 1449 2165 quo
1470 2119 1575 2151 terra
1594 2113 1674 2150 cir-

274 2180 491 2227 cumdatur,
521 2187 560 2219 et
578 2195 654 2232 quo
674 2182 905 2233 disponatur
925 2183 1065 2221 ordine
1085 2183 1133 2221 ad
1151 2183 1312 2233 reliqua,
1343 2194 1440 2232 quae
1460 2192 1673 2230 corporum

273 2248 463 2285 elementa
492 2247 687 2286 dicuntur.
745 2247 863 2299 (Non
886 2250 989 2286 enim
1013 2249 1174 2287 dubium
1193 2254 1262 2297 est,
1294 2247 1675 2298 quantulamcunque

273 2314 464 2351 rationem
487 2313 627 2352 habeat
647 2321 775 2353 terrae
802 2316 925 2352 moles
946 2316 996 2352 ad
1018 2329 1100 2363 eas,
1131 2323 1229 2366 quae
1250 2314 1450 2361 ambiunt,
1480 2313 1673 2362 magnitu-

274 2379 401 2417 dines:
442 2380 519 2417 iam
554 2381 656 2418 enim
685 2395 760 2431 ope
789 2382 1142 2419 astronomicorum
1173 2381 1461 2430 theorematum
1489 2379 1672 2426 vidimus,

274 2445 397 2481 multo
419 2458 503 2481 eam
525 2446 641 2484 etiam
660 2447 773 2485 astris
792 2432 1019 2497 quibusdam
1042 2462 1125 2486 esse
1153 2449 1357 2485 minorem.
1389 2446 1524 2495 Aquae
1542 2450 1672 2482 autem

274 2515 451 2547 naturam
472 2511 703 2550 condensam
725 2519 765 2550 et
787 2513 959 2564 undique
987 2514 1311 2552 conterminatam
1339 2522 1465 2560 neque
1491 2509 1673 2547 videmus

275 2574 468 2613 divulsam
486 2588 508 2612 a
526 2579 756 2627 corporibus
776 2580 817 2617 in
834 2586 941 2617 terra
961 2579 1054 2628 sitis,
1081 2586 1167 2618 tum
1186 2579 1233 2616 ab
1249 2570 1405 2629 apertis',
1437 2575 1564 2625 qualia
1583 2582 1675 2613 sunt

277 2654 384 2677 mare
401 2646 440 2677 et
452 2640 624 2691 flumina,
645 2650 728 2680 tum
743 2645 789 2683 ab
803 2645 895 2690 illis,
915 2645 947 2682 si
965 2659 1040 2696 qua
1057 2651 1222 2696 propter
1237 2634 1545 2694 profunditatem
1561 2642 1673 2679 nobis

274 2706 476 2745 recondita
495 2715 595 2758 sunt,
621 2718 747 2760 neque
764 2711 850 2748 ficri
869 2711 911 2748 id
931 2708 1095 2762 potcst);
1123 2708 1265 2748 deinde
1283 2714 1416 2745 utrum
1437 2720 1557 2744 unum
1585 2713 1674 2744 tan-

273 2782 359 2814 tum
378 2785 521 2826 corpus
539 2777 641 2814 inter
659 2783 803 2814 terram
825 2783 866 2814 et
886 2783 1061 2814 extrema
1075 2781 1179 2814 astra
1196 2775 1452 2821 contincatur,
1476 2786 1523 2810 an
1545 2774 1672 2823 plura,
