1774 3198
282 361 376 404 436
498 363 941 406 COMMENTARIUS
969 363 1028 403 IN
1055 361 1461 402 METEOROLOG.

278 480 522 533 grandinem
553 496 601 504 -·-·-
632 474 893 525 conglaciato
925 472 1054 510 imbre
1084 473 1222 523 gigni,
1255 473 1376 522 male,
1408 479 1451 511 ut
1470 474 1555 512 fere
1574 475 1684 522 solet,

281 547 513 586 Isidorus
547 541 688 592 Origg.
719 541 837 587 XIII,
861 542 933 576 10:
960 538 1125 588 grando
1152 537 1381 591 adpellata,
1414 539 1523 589 quod
1541 539 1683 589 forma

282 615 367 649 eius
383 621 610 661 granorum
630 604 942 650 similitudinem
959 603 1122 641 habeat.
1177 605 1299 642 Haeo
1318 612 1453 643 autem
1478 612 1686 644 ventorum

280 680 420 727 rigore
449 675 648 711 durantur
679 674 724 709 in
754 671 859 709 nube
886 683 937 708 ac
971 669 1201 708 solidantur
1231 672 1276 709 in
1299 673 1453 719 nivem,
1490 678 1687 721 ruptoque

282 743 374 779 ae're
405 741 628 778 solvuntur.
705 737 814 787 Quid
851 737 1089 788 praestiterit
1133 737 1382 786 Aristoteles,
1437 751 1487 775 ex
1526 737 1687 788 singulis

281 807 438 859 patebit.
1413 840 1418 844 ἃ

394 877 429 911 1.
474 872 671 919 Primum,
700 871 806 921 quod
837 869 887 908 de
909 869 1098 921 grandine
1125 870 1335 920 proponit,
1369 876 1428 907 est
1453 870 1574 920 glacie
1603 882 1687 906 eam

282 946 470 978 constare.
526 938 647 988 Quod
671 951 752 975 non
770 938 950 988 apprime
967 949 1109 975 verum
1133 949 1220 973 esse
1243 935 1360 973 docui
1380 937 1592 973 Meteorol.
1613 943 1688 973 vet.

284 1008 352 1059 Gr.
372 1014 410 1044 et
430 1003 548 1042 Rom.
573 1006 655 1052 VI,
683 1009 748 1043 30.
781 1018 815 1055 p.
837 1003 927 1042 148.
958 1009 1042 1041 not.
1063 1007 1099 1042 2.
1155 1002 1319 1040 Constat
1347 1002 1451 1039 enim
1478 1002 1607 1052 potius
1637 1015 1687 1039 ex

281 1068 400 1124 glaeie
419 1085 507 1110 cum
528 1084 625 1121 aqua
644 1071 861 1121 permixta,
890 1070 932 1107 id
953 1069 1059 1120 quod
1079 1070 1245 1107 fortasse
1270 1068 1387 1106 scivit
1415 1069 1690 1106 Anaxime-

283 1153 387 1186 nes,
419 1139 469 1176 de
490 1151 566 1188 quo
590 1138 702 1174 Plac.
720 1136 824 1186 phil.
842 1137 916 1182 III,
939 1136 964 1173 4
992 1135 1097 1186 apud
1126 1134 1454 1189 Plutarchum
1485 1136 1599 1174 Tom.
1616 1137 1688 1174 IV.

282 1219 319 1256 p.
341 1209 415 1243 601
445 1205 577 1254 Wytt.
606 1202 702 1240 haec
727 1205 931 1252 leguntur:
965 1198 1218 1251 Ἀναξιμένης
1245 1199 1343 1253 νέφη
1370 1199 1444 1251 μὲν
1471 1201 1687 1253 γίγνεσθαι,

281 1268 555 1321 παχυνθέντος
574 1271 646 1307 τοῦ
667 1266 803 1319 ἀέρος,
831 1269 986 1318 μᾶλλον
1009 1264 1052 1305 δὲ
1074 1264 1407 1316 ἐπισυναχθέντος
1425 1264 1689 1316 ἐκθλίβεσθαι

280 1334 375 1382 τοὺς
402 1333 599 1386 ὄμβρους
624 1331 742 1385 χιόνα
761 1332 818 1384 δ’,
836 1330 994 1373 ἐπειδᾶν
1012 1330 1058 1372 τὸ
1077 1329 1401 1384 καταφερόμενον
1428 1328 1539 1383 ὕδωρ
1569 1334 1688 1385 παγῇ,

277 1399 455 1453 χάλαζαν
477 1399 534 1451 δ’,
552 1397 649 1439 ὅταν
679 1401 993 1452 συμπεριληφθῇ
1022 1400 1079 1453 τῷ
1107 1394 1214 1451 ὓγρῷ
1241 1395 1443 1448 πνεύματι.
1499 1399 1622 1436 Recte
1646 1412 1690 1436 ea

282 1469 332 1507 de
350 1483 395 1507 re
419 1470 574 1507 locutus
599 1474 659 1505 est
685 1467 991 1518 Leopoldus
1017 1479 1040 1503 a
1067 1464 1206 1504 Buch
1234 1462 1461 1516 (Abhandl.
1485 1465 1556 1502 der
1579 1466 1691 1503 Berl.

282 1536 416 1574 Avad.
442 1536 559 1586 18}}.
591 1533 785 1585 Cbplzys.
814 1547 852 1584 p.
873 1531 966 1583 76),
995 1546 1084 1571 cum
1114 1531 1238 1569 dicat:
1272 1531 1349 1567 dae
1368 1531 1608 1581 Hagelkorn
1636 1532 1692 1567 ist

282 1605 347 1639 ein
371 1602 526 1639 kleiner
550 1601 754 1648 fallendo·
774 1599 996 1638 Gletscher.
1036 1600 1122 1637 Etsi
1141 1598 1336 1636 vocabulo
1351 1594 1597 1647 κρύσταλλος
1612 1598 1693 1634 uti—

282 1674 349 1706 tur
377 1668 632 1716 Aristoteles‚
670 1666 770 1704 nihil
799 1673 930 1704 tamen
956 1665 1005 1702 de
1028 1665 1156 1704 forma
1179 1663 1378 1715 grandinis
1407 1661 1481 1714 (de
1504 1675 1579 1713 qua
1605 1669 1694 1713 post

282 1733 605 1785 Leopoldum
634 1746 655 1770 a
684 1733 822 1770 Buch
852 1733 973 1770 Reise
998 1731 1128 1769 durch
1153 1732 1386 1782 Norusegen
1405 1745 1444 1767 u.
1466 1727 1697 1778 Lappland

282 1803 331 1840 ΙΙ.
353 1814 388 1851 p.
402 1803 479 1838 126
501 1799 763 1838 conferendus
785 1806 843 1838 cst
861 1799 1106 1837 Delcross
1127 1798 1168 1835 in
1187 1798 1313 1835 Gilb.
1332 1796 1487 1834 Annal.
1503 1796 1692 1834 LXVIII.

283 1880 322 1917 p.
344 1869 591 1904 323—327.
650 1865 767 1903 Adde
806 1864 1104 1915 Noggerath
1140 1864 1204 1901 in:
1242 1861 1592 1911 Verhandtangen
1623 1860 1695 1897 der

283 1933 380 1982 leop.
400 1931 532 1986 σαι-οἰ..
547 1931 766 1969 Academie
786 1931 858 1967 der
883 1929 1210 1981 Naturforsclzer
1226 1941 1278 1965 zu
1294 1929 1430 1965 Bonn.
1450 1929 1518 1966 111.
1547 1939 1583 1976 p.
1597 1923 1693 1975 569)

282 2004 452 2036 statuere
472 1997 610 2035 voluit.
642 1997 723 2035 Csr.
743 2009 841 2047 quae
858 1996 960 2034 hanc
978 1993 1019 2033 in
1036 2009 1122 2033 rem
1142 1994 1295 2044 egregie
1315 1993 1488 2043 disputat
1507 1991 1628 2029 Pind
1640 2005 1693 2029 er

286 2066 555 2102 Commentat.
578 2063 626 2100 de
648 2064 868 2100 adamante
896 2076 936 2113 p.
960 2065 984 2100 S
1005 2074 1089 2112 sqq.
1122 2084 1172 2089 —-
1214 2061 1294 2098 Pro
1314 2056 1431 2111 ἔαρος
1459 2060 1504 2096 Ε.
1531 2057 1692 2095 exhibet

284 2127 401 2182 ἀέρος
427 2135 565 2179 aperto
595 2128 755 2166 mendo.
784 2151 840 2157 —-
879 2131 944 2166 De
971 2129 1060 2165 anni
1090 2134 1219 2178 parte,
1255 2139 1354 2176 quae
1381 2125 1523 2162 dicitur
1552 2118 1692 2174 ὀπώρα

283 2198 354 2236 cfr.
384 2194 1001 2246 Olympiod01·.E113tath.
1029 2194 1078 2231 ad
1107 2195 1240 2231 Hom.
1270 2191 1392 2230 Iliad.
1413 2187 1455 2238 ε’,
1479 2194 1522 2228 5:
1553 2186 1692 2241 ὀπώρα

284 2259 369 2313 ὥρα
398 2259 551 2311 κειμένη
581 2259 731 2314 θέρους
759 2259 824 2298 καὶ
852 2262 925 2299 τοῦ
953 2257 1034 2311 μετ’
1068 2256 1195 2310 αὐτὴν
1222 2254 1471 2309 μετοπώρου.
1530 2259 1693 2306 Cor-ay

284 2329 331 2366 ad
361 2329 654 2379 Hippocrat.
687 2327 736 2363 de
757 2327 873 2376 a'e're,
908 2340 977 2378 aq.
996 2334 1034 2364 et
1053 2324 1149 2363 locis
1170 2326 1345 2364 Tom.11.
1369 2337 1407 2374 p.
1426 2327 1517 2362 198.
1574 2321 1711 2360 U1t0-'

283 2395 366 2432 rior
393 2395 511 2445 igitur
541 2400 599 2431 est
619 2393 770 2431 aestatis
791 2406 894 2444 pars.
955 2393 1120 2439 Omnia,
1153 2405 1251 2443 quae
1271 2391 1347 2428 huc
1370 2391 1584 2440 pertinent,
1620 2400 1691 2425 ex—

283 2461 415 2510 posuit
441 2460 617 2498 Ideler
646 2458 880 2497 Handbaclz
911 2458 979 2496 der
1005 2457 1277 2506 Clzronologie
1305 2459 1335 2495 I.
1369 2470 1406 2506 p.
1428 2455 1507 2493 244
1525 2467 1605 2504 sqq.
1635 2474 1689 2496 -.·

285 2527 476 2575 Quamvis
495 2532 602 2564 recte
626 2539 667 2563 se
687 2525 846 2573 habeat,
875 2525 1102 2575 grandinem
1123 2523 1254 2562 hieme
1275 2529 1358 2560 tum
1382 2528 1530 2558 tantum
1553 2519 1691 2566 delabi,

283 2606 371 2630 cum
402 2593 532 2630 minus
558 2593 753 2630 intensum
771 2592 822 2629 sit
840 2591 980 2641 frigus,
1011 2591 1157 2629 decidit
1178 2597 1308 2628 tamen
1335 2586 1439 2637 apud
1463 2598 1534 2622 nos
1561 2586 1691 2622 calore

284 2659 520 2696 inferiorum
540 2659 641 2695 aeris
658 2658 861 2708 regionum
881 2657 932 2694 ad
953 2678 1003 2684 —-—
1023 2657 1130 2695 5011.
1153 2656 1337 2706 depresso
1356 2649 1513 2704 (Gilb.
1529 2650 1687 2689 Anznal

284 2725 398 2763 XIII.
421 2737 459 2774 p.
473 2722 583 2773 371),
614 2723 731 2774 quod
739 2720 923 2773 μέγιστον
944 2723 1077 2772 ψῦχος
1094 2721 1282 2759 Graeciae
1299 2724 1356 2755 est
1375 2718 1521 2754 incolis.
1534 2738 1586 2745 -
1607 2712 1691 2756 εἶτα

285 2786 328 2827 de*
351 2803 412 2827 και
441 2789 628 2839 praebent
648 2791 695 2826 Β.
716 2789 764 2825 H.
782 2789 833 2825 N.
864 2808 913 2813 —-
951 2781 1072 2836 ἦττον
1099 2787 1227 2836 prima
1255 2796 1370 2821 manu
1398 2783 1527 2820 omisit
1555 2772 1603 2820 N.
1640 2804 1689 2811 ——
