1760 3138
314 310 409 356 320
520 317 970 361 COMMENTARIUS
995 323 1055 362 IN
1082 320 1485 368 METEOROLOG.

313 433 375 469 ἰια
400 438 456 469 est
481 431 613 469 clame
639 444 784 469 sensus.
842 430 964 481 Quod
992 434 1168 483 quamvis
1199 435 1475 486 concedamus,
1504 439 1712 478 maluimus

310 503 441 535 tamen
467 497 578 547 sequi
604 509 694 534 cum
721 498 956 536 Bekkero
993 499 1203 537 lectionem
1232 500 1347 540 codd.
1378 504 1421 540 E.
1447 509 1486 540 et
1501 506 1565 550 R,
1593 519 1710 556 quam

311 564 427 601 etiam
455 557 617 613 plurimi
644 562 841 600 editorum
869 562 1070 612 exhibent,
1099 571 1145 603 ut
1171 566 1216 603 P.
1273 566 1399 606 Valde
1435 582 1477 606 se
1514 575 1713 610 torserunt

309 629 352 667 in
378 629 493 666 huius
519 628 596 666 loci
625 628 883 679 explicatione
910 630 1148 681 interpretes
1177 632 1326 671 Alex.
1359 634 1489 673 Phil.
1520 636 1580 674 Ο]
1590 649 1664 687 ym
1677 651 1712 688 p.

309 694 602 732 Vicomerc.
660 695 761 733 Cum
789 697 895 733 enim
924 697 1043 734 modo
1071 698 1336 748 comparativo
1365 705 1520 748 utatur,
1558 714 1714 740 necesse

308 760 480 809 videtur,
507 767 552 798 ut
571 757 644 811 τὴν
663 762 735 799 τοῦ
755 757 916 812 πρώτου
937 762 1130 813 στοιχείου
1149 754 1268 815 φύσιν
1296 768 1502 808 vocaverit
1531 764 1714 816 ἄτακτον,

310 827 418 876 quod
445 827 627 865 omnibus
655 827 738 864 istis
766 834 978 879 repugnat,
1018 842 1115 880 quae
1144 830 1236 867 alibi
1266 831 1315 868 de
1344 832 1463 883 primi
1499 833 1603 871 illius
1633 836 1715 872 ele-

309 893 433 931 menti
460 899 601 932 natura
629 893 822 932 disseruit.
880 894 1000 944 Quod
1018 896 1122 933 enim
1143 895 1206 934 hic
1221 904 1336 935 vocat
1357 895 1401 936 τὸ
1423 900 1582 951 πρῶτον
1605 912 1713 938 στοι-

307 962 413 1008 χεῖον
444 965 484 998 et
510 959 603 998 alibi
639 956 685 998 τὸ
715 961 874 1011 πρῶτον
904 962 1020 1011 σῶμα
1058 959 1129 1014 (de
1156 965 1262 1001 coelo
1298 965 1358 1010 II,
1391 969 1451 1003 12.
1489 979 1528 1017 p.
1554 970 1654 1013 291,
1677 980 1712 1004 a.

309 1025 357 1062 de
378 1034 556 1076 gener-ut.
585 1033 621 1063 et
640 1028 787 1062 interit.
811 1027 848 1074 1,
871 1029 908 1065 5.
939 1040 979 1078 p.
1005 1031 1106 1074 321,
1137 1041 1158 1065 a
1187 1035 1226 1066 et
1254 1029 1446 1082 saepius),
1483 1030 1529 1070 τὸ
1557 1033 1714 1082 πρῶτον

308 1093 388 1130 τῶν
419 1090 621 1142 στοιχείων
652 1089 717 1143 (de
737 1091 839 1129 coelo
867 1094 939 1138 ΙΙΙ,
965 1097 1001 1131 1.
1030 1107 1069 1144 p.
1089 1098 1181 1141 298,
1202 1091 1258 1147 b),
1289 1093 1363 1146 τὴν
1391 1094 1553 1149 πρώτην
1578 1095 1715 1137 οὐσίαν

308 1157 388 1197 τῶν
416 1154 613 1208 σωμάτων
641 1154 707 1210 (de
728 1160 835 1195 coelo
867 1160 896 1206 I,
918 1162 957 1196 3.
987 1150 1023 1209 p.
1041 1164 1133 1209 270,
1153 1159 1193 1211 b)
1213 1163 1446 1213 appellavit,
1475 1170 1533 1201 est
1551 1163 1717 1214 sphaera

308 1230 504 1272 extrema,
542 1237 617 1275 qua
645 1223 748 1262 fixae
772 1224 905 1261 stellae
929 1225 1130 1273 residunt,
1174 1228 1348 1277 primum
1387 1243 1530 1280 corpus
1568 1230 1715 1268 idcirco

307 1289 513 1340 adpellata,
541 1290 687 1341 quippe
705 1303 727 1327 a
745 1303 820 1340 qua
850 1291 976 1327 omnis
1002 1291 1164 1342 incipiat
1193 1299 1333 1332 motus.
1391 1296 1501 1344 Quin
1521 1297 1650 1333 omnia
1674 1297 1715 1334 in

277 1389 283 1399 ,
307 1355 380 1393 ista
407 1363 558 1394 certum
585 1362 799 1406 sequantur
827 1356 1027 1406 ordinem,
1055 1370 1172 1405 nemo
1201 1359 1241 1396 in
1261 1359 1543 1398 dubitationem
1571 1375 1717 1399 vocare

307 1428 459 1473 potest,
495 1423 563 1474 qui
591 1423 781 1473 perlegit,
821 1422 947 1472 qualia
975 1422 1025 1460 de
1054 1436 1098 1460 ea
1129 1426 1417 1479 praedicaverit
1443 1426 1716 1478 philosophus.

307 1488 445 1539 Itaque
471 1488 572 1526 nihil
599 1489 774 1537 facilius,
814 1489 890 1526 nisi
926 1494 970 1526 ut
1003 1502 1093 1526 cum
1132 1490 1432 1529 Alexandro
1471 1490 1716 1545 ἀτακτότερα

308 1555 549 1604 explicemus
583 1564 658 1606 per
698 1544 947 1604 05255101209
974 1551 1154 1593 dmum.
1212 1557 1367 1595 Ordine
1404 1559 1508 1596 enim
1548 1559 1718 1609 gaudent

307 1621 472 1669 minore,
501 1634 616 1671 quam
636 1633 733 1671 quae
752 1620 801 1657 ad
828 1622 1001 1671 primum
1032 1621 1131 1659 illud
1157 1624 1393 1661 elementum
1421 1631 1610 1676 spectant,
1646 1624 1718 1662 sed

306 1699 382 1738 per
409 1700 450 1725 se
476 1701 557 1725 non
585 1687 694 1724 omni
723 1687 861 1724 ordine
891 1694 1046 1735 carent,
1085 1688 1191 1726 unde
1230 1685 1382 1728 ἄτακτα
1419 1691 1547 1728 minus
1582 1697 1716 1742 aptum

307 1753 454 1791 fuisset.
495 1755 588 1791 Non
608 1766 773 1804 prorsus
795 1753 843 1790 ad
862 1767 948 1791 rem
971 1751 1120 1804 Olym
1134 1768 1174 1805 p.
1196 1762 1398 1806 comparat
1426 1757 1471 1793 ll.
1485 1758 1628 1806 XXII,
1644 1758 1715 1794 15:

474 1815 658 1868 ἔβλαψάς
683 1815 722 1868 μ’
752 1814 955 1871 Ἑκάεργε,
996 1821 1105 1858 θεῶν
1135 1817 1333 1859 ὀλοώτατε
1362 1818 1534 1868 πάντων,

308 1893 397 1922 cum
425 1883 567 1935 reliqui
596 1886 714 1921 etiam
742 1886 810 1923 Dii
837 1880 950 1923 ὀλοοί
976 1887 1111 1923 vocari
1132 1893 1285 1936 queant.
1316 1888 1383 1924 cfr.
1401 1888 1595 1926 Passov.
1614 1886 1712 1926 Lex.

305 1950 475 2001 Propius
511 1949 660 1988 accedit
701 1952 1010 1989 Platonicus
1056 1952 1164 1989 locus
1211 1953 1377 1989 Philebo
1425 1966 1464 2003 p.
1492 1953 1559 1991 24.
1599 1955 1631 2003 §.
1662 1958 1713 1992 38

308 2016 490 2054 Stallb.
548 2017 724 2056 Omnino
753 2017 877 2053 atticis
906 2017 1161 2066 scriptoribus
1197 2018 1484 2068 comparativos
1521 2020 1715 2070 positivo·-

306 2092 397 2122 rum
423 2081 511 2120 loco
541 2083 582 2120 in
610 2082 758 2121 deliciis
784 2083 903 2121 fuisse
931 2083 1083 2120 notavit
1112 2083 1394 2121 Piersonus
1423 2085 1472 2122 ad
1502 2087 1579 2123 Mo
1592 2086 1714 2124 erid.

306 2149 461 2188 Attic.
490 2162 527 2200 p.
549 2150 640 2197 321,
661 2162 694 2187 a.
725 2148 785 2186 ed.
803 2148 954 2187 Koch.
985 2171 1040 2177 —-
1076 2149 1139 2187 Ad
1159 2150 1282 2188 verba
1308 2149 1395 2201 περὶ
1423 2148 1494 2188 τὸν
1522 2153 1716 2202 γειτνιῶν-

307 2228 358 2253 τα
384 2212 560 2265 μάλιστα
590 2212 714 2254 τόπον
749 2216 799 2267 τῇ
837 2215 944 2269 φορᾷ
986 2215 1066 2253 τῶν
1110 2211 1269 2267 ἄστρων
1309 2223 1417 2254 recte
1453 2217 1714 2267 intelligenda,

307 2283 485 2333 apprime
513 2273 606 2320 fa'cit
631 2284 739 2321 locus
770 2295 821 2319 ex
849 2281 952 2318 libro
982 2282 1028 2318 de
1055 2282 1158 2318 coelo
1195 2285 1214 2321 I
1224 2310 1235 2330 ‚
1266 2286 1289 2321 9
1309 2277 1409 2320 r'ned.
1448 2280 1516 2321 ἕνα
1542 2281 1616 2333 μὲν
1645 2277 1713 2322 οὖν

307 2343 458 2400 τρόπον
483 2345 654 2400 οὐρανὸν
674 2345 834 2399 λέγομεν
859 2343 932 2397 τὴν
958 2343 1098 2385 οὖσιάν
1126 2343 1196 2398 τὴν
1224 2350 1296 2399 τῆς
1324 2345 1492 2399 ἐσχάτης
1518 2350 1591 2386 τοῦ
1613 2363 1714 2386 παν-

308 2411 380 2460 τὸς
412 2417 654 2467 περιφορᾶς,
706 2410 731 2465 ἢ
765 2415 880 2464 σῶμα
910 2410 1079 2466 φυσικὸν
1107 2410 1152 2452 τὸ
1183 2413 1224 2452 ἐν
1252 2416 1302 2467 τῇ
1331 2411 1477 2466 ἐσχάτῃ
1515 2416 1713 2469 περιφορᾷ

307 2482 380 2519 τοῦ
409 2477 582 2526 παντός·
626 2476 826 2530 εΐώθαμεν
852 2476 928 2531 γὰρ
957 2479 1003 2518 τό
1031 2477 1198 2529 ἔσχατον
1234 2479 1299 2519 καὶ
1329 2477 1410 2518 ἄνω
1437 2475 1611 2528 μάλιστα
1640 2494 1712 2518 κα-

309 2543 389 2585 λεῖν
418 2543 612 2599 οὐρανόν,
649 2544 690 2584 ἓν
719 2537 750 2600 ᾧ
781 2542 826 2584 τὸ
856 2547 969 2584 θεῖον
1007 2548 1086 2584 πᾶν
1123 2544 1320 2598 ἶδρῑσθαί
1353 2558 1494 2598 φαμεν.
1570 2540 1712 2584 ’Άλλον

311 2608 350 2648 δ’
376 2604 424 2650 αὖ
454 2609 604 2665 τρόπον
631 2610 677 2651 τὸ
708 2610 865 2661 συνεχὲς
893 2614 1009 2663 σῶμα
1038 2614 1088 2665 τῇ
1108 2609 1263 2663 -ἔσχάτῃ
1290 2612 1487 2664 περιφορᾷ
1513 2613 1585 2649 τοῦ
1611 2626 1711 2650 παν-

309 2674 397 2723 τός,
439 2676 479 2715 ἓν
510 2669 541 2731 ᾧ
571 2675 711 2729 σελήνη
741 2677 806 2717 καὶ
833 2674 943 2728 ἣλιος
983 2677 1047 2717 καὶ
1083 2676 1165 2716 ἔνια
1201 2679 1281 2715 τῶν
1316 2673 1496 2728 ἄστρων·
1541 2676 1605 2716 καὶ
1634 2676 1709 2730 γὰρ

309 2744 436 2782 ταῦτα
465 2741 505 2781 ἕν
532 2745 590 2797 τῷ
617 2741 774 2798 οὐρανῷ
802 2740 902 2783 εἶναι’
927 2757 1067 2795 φαμεν.
1107 2740 1162 2781 ἔτι
1191 2738 1229 2779 δ’
1252 2738 1383 2787 ἄλλως
1409 2740 1454 2781 τὸ
1485 2740 1709 2796 περιεχόμε-
