1820 3158
4 1398 13 1719 <ww-m
8 1132 16 1386 ”m-—-“

0 3043 1 3048 ι
0 3029 1 3032 Α
0 2906 3 3016 -v„.—-*
0 2803 4 2885 Ἶ-ιψ
0 2741 4 2788 v..
0 2500 5 2724 —v-*W—
0 2442 5 2491 ..-
0 2007 7 2434 *um-v--0-<Wffi-v-st—
2 1869 9 2001 ὴν»,
3 1777 10 1860 φ...-
4 1746 8 1755 -
4 1727 8 1738 -

350 377 438 418 112
487 384 700 425 —p.366‚a.
727 383 884 415 Bekk.-
916 385 1079 422 LIB.II.
1111 385 1348 423 CARVIH,
1386 384 1738 427 -p.349‚c.Cas.—

337 494 478 547 βρίαν·
529 490 807 544 νηνεμώτατον
834 488 911 543 γάρ
950 489 1056 529 ἐστιν
1084 475 1228 549 ὡςῐέπὶ
1257 491 1302 531 τὸ
1341 492 1441 532 πολὺ
1480 497 1552 546 τῆς
1590 491 1741 548 ἡμέρας

338 555 362 610 ἦ
390 558 620 611 μεσημβρία
659 553 707 609 (ὃ
736 555 812 609 γὰρ
842 553 955 608 ἣλιος
983 554 1080 596 ὅταν
1116 553 1293 607 μάλιστα
1333 561 1481 612 κρατῇ,
1525 560 1740 600 κατακλείει

336 624 407 677 τὴν
436 622 709 674 ἀναθυμίασιν
740 623 795 669 εἷς
832 620 905 673 τὴν
941 625 1036 675 γῆν·
1092 627 1232 677 κρατεῖ
1264 622 1308 662 δὲ
1342 621 1518 674 μάλιστα
1555 626 1641 679 περὶ
1669 624 1741 677 τὴν

335 688 612 746 μεσημβρίαν)
651 689 716 728 καὶ
754 687 794 728 αἱ
822 685 958 735 νύκτες
987 689 1030 728 δὲ
1058 691 1137 729 τῶν
1174 685 1332 743 ἡμερῶν
1373 689 1638 744 νηνεμώτεραι
1676 689 1742 730 διὰ

258 762 307 797 ,7
332 755 404 808 τὴν
437 754 633 796 ἀπουσίαν
662 753 734 807 τὴν
762 758 833 795 τοῦ
861 751 988 806 ἡλίου.
1048 761 1087 795 7.
1122 753 1240 794 ‘Dav‘
1275 754 1367 795 εἴσω
1396 756 1540 809 γίνεται
1570 755 1687 796 πάλιν
1717 754 1741 808 ἦ

335 821 468 875 ῥύσις,
501 820 632 876 ὥσπερ
663 819 864 872 ἄμπωτις,
900 821 955 868 εἷς
980 819 1212 874 τούναντίον
1240 824 1310 874 τῆς
1337 820 1489 869 ἔξωθεν
1514 823 1743 877 πλημμυρί-

335 890 427 938 δος,
462 889 527 929 καὶ
556 887 657 941 πρὸς
685 886 840 942 ὄρθρον
866 885 1065 938 μάλιστα·
1106 890 1321 940 τηνικαῦτα
1349 886 1423 941 γὰρ
1453 890 1518 929 καὶ
1545 888 1597 929 τὰ
1624 888 1743 929 πνεύ-

333 971 444 1008 ματα
480 954 651 1009 πέφυκεν
689 952 885 1008 ἄρχεσθαι
923 958 1045 993 πνεῖν.
1095 952 1164 993 ἐὰν
1193 948 1387 998 οὗν,εἶ”σω
1415 952 1514 1009 τύχῃ
1541 953 1741 1007 μεταβάλ-

335 1025 460 1063 λουσα
486 1018 511 1074 ἦ
543 1020 645 1075 ἀρχὴ
678 1019 808 1061 αὐτῶν
836 1017 967 1073 ὥσπερ
992 1017 1191 1073 Εὔριπος,
1222 1019 1288 1061 διὰ
1315 1019 1361 1060 τὸ
1393 1023 1552 1073 πλῆθος
1579 1018 1741 1074 ἲσχυρό-

279 1095 304 1130 8
332 1104 447 1144 τερον
475 1092 583 1127 ποιεῖ
605 1086 676 1127 τὸν
705 1085 881 1138 σεισμόν.
967 1091 1005 1126 8.
1044 1084 1130 1126 ’Έτι
1171 1086 1214 1127 δὲ
1242 1087 1329 1140 περὶ
1361 1086 1510 1134 τόπους
1536 1084 1742 1132 τοιούτους

332 1154 370 1195 οἳ
399 1151 653 1208 ἷσχυρότατοι
688 1153 861 1206 γίνονται
890 1155 970 1192 τῶν
996 1155 1190 1204 σεισμῶν,
1230 1150 1333 1194 ὅπου
1365 1150 1389 1205 ἦ
1417 1152 1610 1193 θάλασσα
1636 1150 1742 1207 ῥοώ-

278 1226 302 1262 9
332 1221 406 1274 δης
432 1218 457 1273 ἢ
485 1217 510 1273 ἦ
535 1217 652 1273 χώρα
683 1217 819 1273 σομφὴ
851 1219 916 1259 καὶ
943 1216 1156 1270 ὕπαντρος.
1217 1224 1254 1260 9.
1283 1218 1362 1259 Διὸ
1394 1220 1459 1259 καὶ
1488 1220 1575 1272 περὶ
1600 1215 1742 1270 Ἑλλή-

332 1302 504 1327 σποντον
533 1286 598 1326 καὶ
627 1285 715 1339 περὶ
736 1283 898 1336 Ἀχαΐαν
927 1277 992 1325 καὶ
1021 1284 1224 1333 Σικελίαν,
1257 1285 1321 1324 καὶ
1350 1288 1421 1337 τῆς
1447 1284 1624 1336 Εὐβοίας
1652 1285 1740 1337 περὶ

330 1351 498 1399 τούτους
525 1350 620 1399 τοὺς
647 1350 818 1398 τόπους·
859 1352 971 1391 δοκεῖ
986 1349 1076 1405 ,γὰρ
1106 1351 1369 1400 διαυλωνίζειν
1406 1348 1482 1391 ὑπὸ
1513 1350 1585 1403 τὴν
1612 1353 1685 1403 γῆν
1713 1346 1738 1402 ἡ
1778 1388 1783 1392 .

329 1416 531 1459 θάλαττα.
590 1417 652 1459 διὸ
684 1418 747 1458 καὶ
776 1416 828 1458 τὰ
855 1416 990 1471 θερμὰ
1025 1415 1075 1457 τὰ
1103 1417 1191 1470 περὶ
1219 1416 1407 1469 Αἴὸεψον
1444 1415 1522 1457 ἀπὸ
1552 1415 1740 1468 τοιαύτης

277 1491 328 1524 10
340 1484 470 1531 αῗτίας
495 1483 661 1538 γέγονεν.
724 1490 787 1524 10.
816 1484 920 1534 Περὶ
950 1483 993 1523 δὲ
1021 1482 1117 1530 τοὺς
1144 1481 1374 1537 εἰρημένους
1401 1482 1549 1530 τόπους
1577 1482 1614 1522 οἳ
1635 1495 1739 1522 σεισ-
1795 1475 1798 1478 ’

326 1550 398 1603 μοὶ
425 1550 599 1604 γίνονται
626 1548 803 1602 μάλιστα
833 1548 900 1590 διὰ
927 1549 1001 1603 τὴν
1030 1548 1269 1602 στενότητα·
1318 1547 1363 1589 τὸ
1391 1547 1478 1603 ,γὰρ
1515 1547 1643 1605 ῥεῦμα
1679 1563 1738 1601 γι-

1128 1618 1147 1627 υ

328 1615 495 1669 νόμενον
524 1615 705 1672 σφοδρὸν
734 1615 799 1657 διὰ
829 1615 875 1657 τὸ
906 1618 1067 1669 πλῆθος
1097 1631 1170 1668 της
1196 1613 1407 1667 θαλάττης
1435 1617 1490 1655 πῖ

329 1757 414 1790 tur:
459 1750 778 1802 quandoquidem
815 1735 1000 1787 meridies
1040 1749 1215 1786 omnium
1253 1749 1487 1800 plerumque
1525 1747 1603 1785 diei
1643 1761 1738 1798 par-

328 1818 429 1855 tium
459 1818 632 1854 maxime
661 1817 874 1866 tranquilla
903 1821 971 1852 est.
1037 1815 1106 1852 Sol
1140 1815 1246 1852 enim
1281 1828 1369 1852 cum
1407 1814 1578 1852 maxime
1616 1815 1737 1864 viget,

328 1882 617 1920 exhalationem
645 1884 688 1919 in
717 1888 866 1919 terram
896 1880 1071 1918 secludit.
1128 1881 1305 1918 Maxime
1331 1887 1460 1917 autem
1482 1881 1590 1930 viget
1615 1880 1737 1917 meri-

326 1949 410 1986 die:
441 1949 534 1999 quin
561 1949 680 1985 etiam
703 1948 753 1984 ob
773 1948 866 1984 solis
896 1946 1110 1983 absentiam
1136 1946 1268 1983 noctes
1289 1945 1424 1983 diebus
1443 1944 1736 1995 tranquilliores

326 2014 440 2053 fiunt.
490 2000 530 2053 7ss
549 2015 807 2065 Quapropter
823 2012 955 2050 fluxus
975 2013 1081 2049 intro
1102 2024 1240 2049 rursus
1262 2010 1477 2049 retrocedit
1496 2007 1593 2063 (quo
1616 2010 1735 2047 modo

326 2081 445 2120 maris
461 2079 640 2119 refluxus
662 2080 704 2117 in
723 2079 960 2117 contrariam
977 2077 1108 2115 fluxus
1127 2077 1173 2115 fit
1191 2073 1361 2128 partem)
1392 2083 1506 2128 atque
1536 2076 1586 2114 ad
1617 2090 1738 2114 auro-

323 2160 408 2185 ram
427 2147 620 2194 maxime,
647 2146 793 2197 quippe
813 2158 934 2196 quum
952 2143 1115 2195 spiritus
1133 2157 1180 2181 eo
1210 2150 1390 2193 tempore
1411 2142 1508 2180 flare
1535 2143 1654 2194 vulgo
1673 2144 1736 2180 in-

325 2213 484 2264 cipiunt.
525 2213 772 2263 Principium
800 2211 921 2262 igitur
950 2223 1088 2248 eorum
1110 2210 1144 2247 si
1162 2210 1281 2258 intro,
1309 2215 1354 2247 ut
1374 2209 1560 2259 EuripuS,
1585 2208 1738 2246 recedit

324 2279 560 2317 validiorem
598 2285 766 2329 propter
808 2278 955 2328 copiam
990 2283 1123 2314 terrae
1159 2282 1311 2314 motum
1346 2275 1480 2313 efficit.
1540 2277 1578 2314 8.
1614 2275 1661 2312 In
1689 2274 1736 2312 iis

324 2351 530 2396 praeterea
562 2345 658 2383 locis
687 2343 1026 2382 vehementissimi
1052 2342 1153 2380 fiunt
1178 2349 1311 2396 terrae
1339 2347 1487 2390 motus,
1523 2341 1565 2378 in
1595 2340 1735 2392 quibus

323 2425 434 2449 mare
474 2411 643 2449 fluidum
691 2416 770 2457 est,
827 2415 894 2448 aut
939 2410 1048 2459 regio
1098 2410 1265 2460 fungosa
1304 2414 1342 2446 et
1381 2407 1559 2445 cavernis
1603 2407 1732 2456 plena.

325 2482 362 2517 9.
391 2477 487 2516 Ideo
509 2477 551 2514 in
576 2476 837 2526 Hellesponto
862 2482 901 2513 et
919 2475 1067 2514 Achaia
1088 2482 1128 2512 et
1147 2475 1278 2511 Sicilia
1308 2479 1347 2511 et
1371 2474 1413 2511 in
1430 2473 1614 2511 Euboeae
1638 2470 1734 2507 Iocis

324 2545 406 2582 eius
436 2543 545 2580 modi
574 2542 782 2580 exsistunt.
854 2544 967 2580 Mare
1005 2541 1110 2578 enim
1147 2547 1295 2578 terram
1331 2551 1406 2590 per
1433 2537 1579 2575 fistulas
1606 2535 1733 2573 veluti

325 2609 510 2659 quasdam
541 2608 705 2647 videtur
735 2607 876 2645 subire.
942 2606 1039 2644 Ideo
1068 2613 1108 2644 et
1135 2606 1314 2643 thermae
1351 2616 1478 2654 prope
1504 2601 1732 2652 Aedepsum

323 2675 374 2713 ob
393 2675 511 2712 talem
539 2688 693 2712 causam
724 2658 886 2712 exortae
911 2679 1014 2710 sunt.
1073 2676 1136 2710 10.
1165 2673 1213 2709 In
1240 2669 1446 2721 praedictis
1474 2673 1606 2706 autem
1635 2668 1732 2705 locis

322 2746 453 2778 terrae
481 2746 611 2777 motus
640 2741 812 2777 maxime
838 2740 889 2776 ob
914 2738 1130 2787 angustiam
1162 2736 1276 2773 fiunt.
1335 2735 1506 2786 Spiritus
1531 2734 1635 2771 enim
1665 2734 1732 2784 qui

323 2804 449 2844 efflari
480 2818 501 2841 e
528 2801 637 2858 terra
674 2806 899 2850 consuevit,
943 2802 1239 2848 vehementior,
1287 2799 1336 2838 ob
1373 2799 1568 2839 effluentis
1613 2799 1731 2838 maris
