1812 3158
323 349 417 393 374
536 354 981 397 COMMENTARIUS
1012 355 1071 394 IN
1095 354 1499 396 METEOROLOG.

325 469 427 507 dicat
457 469 620 518 Quaest.
642 472 730 503 nat.
747 468 804 514 ΙΙ,
825 468 876 505 58
904 464 954 503 de
978 464 1164 513 fulmine,
1191 464 1299 503 cuius
1318 463 1368 503 de
1388 478 1478 503 casu
1496 464 1602 503 idem
1616 466 1725 504 valet

325 533 537 571 secundum
566 531 930 570 Aristotelem:
961 532 1099 581 Quare
1116 528 1271 581 oblique
1279 530 1449 582 fertur?
1505 532 1615 582 Quia
1638 533 1726 581 spi-
1784 543 1788 547 ’

326 601 410 636 ritu
429 605 606 636 constat.
664 598 847 646 Spiritus
869 593 1055 647 obliquus
1076 603 1157 641 est,
1177 596 1491 647 fluxuosus-que.
1549 598 1606 634 Et
1625 598 1728 647 quia

325 673 483 701 natura
501 665 638 715 ignem
655 676 817 700 sursum
837 669 979 710 vocat,
1007 663 1167 700 iniuria
1186 661 1372 699 deorsum
1386 664 1551 712 premit,
1579 663 1730 711 incipit

327 728 516 779 obliquas
535 743 619 767 esse
654 726 793 780 (adde,
823 741 920 779 quae
936 729 988 776 II,
1004 727 1057 766 24
1085 725 1266 778 monuit).
1323 728 1476 778 Quodsi
1495 734 1627 767 tamen
1648 727 1729 765 dis-

326 794 469 846 pliceat
495 801 628 834 nostra
651 794 748 832 haec
776 794 1006 845 explicatio,
1042 795 1161 845 paulo
1184 793 1454 844 contricatior‚
1482 794 1552 832 sed
1571 800 1615 832 ut
1634 793 1731 831 mihi

327 860 486 911 quidem
505 861 687 911 videtur,
716 859 942 912 philosophi
972 861 1094 898 menti
1118 873 1280 912 prorsus
1306 866 1584 909 consentanea,
1621 873 1732 897 com-

328 925 556 965 mendamus
581 926 947 977 Koenigmanni
970 927 1139 978 (Geogr.
1150 926 1365 965 Aristotel.
1386 939 1425 977 p.
1445 929 1509 963 60.
1530 922 1732 976 not.15S),

329 992 395 1043 qui
413 999 562 1031 motum
588 990 691 1032 κατὰ
719 990 929 1044 διάμετρον
963 991 1051 1030 fieri
1077 991 1191 1030 docet
1219 991 1433 1030 secundum
1458 1004 1545 1029 eam
1570 996 1732 1039 rectam,

329 1071 428 1109 quae
443 1059 490 1097 ab
507 1060 618 1098 istius
637 1059 745 1097 modi
763 1065 1031 1097 meteororum
1053 1071 1291 1108 unoquoque
1313 1072 1384 1110 per
1398 1065 1528 1096 terrae
1552 1063 1734 1095 centrum

329 1123 379 1161 ad
402 1125 642 1163 contrarium
664 1124 767 1163 agris
785 1131 973 1176 punctum
992 1123 1082 1162 duci
1099 1129 1239 1175 potest.
1271 1147 1320 1152 —-
1357 1118 1382 1175 ἦ
1403 1121 1564 1174 πλείστη
1590 1121 1734 1174 γίνεται

331 1186 439 1242 φορά
467 1188 561 1241 λοξῆ
593 1194 640 1231 F.

444 1259 504 1294 13.
544 1251 609 1295 ote*
635 1255 709 1307 μὲν
737 1253 819 1295 ἄνω
848 1253 978 1309 φορά,
1017 1250 1083 1293 ὁτὲ
1113 1251 1157 1292 δὲ
1185 1255 1257 1293 τοῦ
1286 1250 1404 1307 ἀέρος
1431 1251 1736 1307 συγκρινομὲνου

330 1319 446 1371 πῆξις
472 1322 615 1360 omisso
632 1329 801 1374 utroque
819 1323 982 1360 articulo
1001 1323 1048 1359 E.
1078 1341 1127 1346 -
1160 1317 1268 1359 κάτω
1287 1322 1412 1358 ταῦτα
1432 1317 1596 1371 σελήνης
1617 1322 1662 1358 F.
1687 1321 1736 1357 H.

331 1387 459 1424 ταῦτα
487 1382 596 1426 κάτω
625 1383 790 1439 σελήνης
818 1388 867 1426 Ν.
898 1411 947 1417 --
988 1382 1107 1437 ὁμοία
1136 1387 1281 1424 omittit
1305 1388 1352 1426 E.
1410 1388 1488 1424 Pro
1517 1382 1734 1438 φαινομένη

331 1453 382 1490 Α.
412 1454 520 1491 Cam.
543 1456 610 1492 Er.
634 1451 824 1491 exhibent
841 1450 1067 1504 γιγνομένη·
1100 1453 1182 1491 Cas.
1199 1453 1241 1490 in
1263 1441 1738 1504 margine-ffiytyvopcae'vn.

335 1537 385 1544 -—·
417 1515 666 1571 ῥιπτομένοις
694 1521 747 1557 Η.
767 1521 808 1559 S.
839 1515 1004 1570 σελήνην
1032 1517 1096 1557 καὶ
1124 1514 1236 1568 ἥλιον
1264 1520 1486 1570 recepimus
1515 1531 1567 1556 ex
1594 1517 1679 1555 cod.
1694 1518 1738 1555 E.

332 1596 447 1634 quem
468 1586 621 1636 sequuti
638 1591 728 1623 sunt
746 1586 910 1625 A.Cam.
932 1587 1000 1624 Er.
1018 1605 1072 1611 -
1091 1584 1217 1623 Bekk.
1239 1597 1329 1622 cum
1350 1585 1512 1635 reliquis
1535 1581 1647 1635 ἣλιον
1675 1580 1740 1621 καὶ

335 1646 514 1702 σελήνην.
571 1654 637 1691 De
665 1665 711 1690 re
738 1653 811 1691 cfr.
840 1652 1057 1690 Meteorol.
1079 1658 1157 1689 vet.
1184 1653 1234 1700 ΙΙ,
1256 1654 1292 1690 8.
1321 1664 1359 1702 p.
1381 1650 1576 1690 44—46.

935 1764 1000 1802 CA
1014 1777 1048 1801 1².
1085 1763 1138 1802 V.

447 1846 764 1898 maenomenon,
797 1849 902 1899 quod
923 1849 998 1887 hoc
1015 1850 1141 1900 capite
1159 1849 1358 1897 describit,
1379 1849 1530 1886 nullum
1550 1853 1609 1885 est
1627 1846 1743 1895 aliud,

338 1911 412 1949 nisi
434 1926 617 1951 aurora
639 1914 663 1951 b
675 1915 869 1961 crealis,
888 1929 1004 1965 quam
1022 1929 1119 1953 num
1137 1922 1290 1952 veteres
1309 1915 1470 1951 omnino
1488 1914 1746 1963 cognoverint

338 1983 377 2015 et
401 1978 442 2015 in
459 1979 625 2029 scriptis,
641 1993 747 2030 quae
765 1987 930 2018 aetatem
951 1982 1091 2030 tulere,
1119 1980 1338 2030 tetigerint,
1369 1992 1652 2030 saepenumero
1681 1979 1746 2016 in-

336 2043 437 2080 iuria
456 2057 478 2081 a
498 2044 669 2095 physicis
692 2046 910 2084 dubitatum
932 2053 1001 2086 est.
1040 2046 1194 2095 Quodsi
1212 2046 1301 2095 loci,
1321 2060 1417 2097 quos
1441 2050 1529 2096 post
1548 2045 1746 2083 Mairan

340 2107 501 2160 (Traite'
531 2111 579 2147 de
608 2111 796 2149 l’aurore
825 2112 994 2150 boreale.
1027 2113 1137 2150 Paris
1161 2115 1280 2150 1733.
1301 2113 1339 2149 4.
1370 2125 1408 2163 p.
1436 2115 1511 2150 156
1534 2109 1631 2162 sqq.)
1661 2111 1747 2162 ipse

339 2176 542 2225 composui
572 2178 784 2215 Meteorol.
813 2185 937 2216 veter.
970 2180 1026 2227 II,
1054 2182 1118 2216 10.
1155 2191 1195 2229 p.
1213 2178 1264 2216 49
1285 2190 1383 2228 sqq„
1415 2192 1500 2216 rem
1523 2190 1606 2215 non
1634 2183 1748 2214 extra

341 2252 500 2278 omnem
526 2241 809 2281 dubitationem
835 2244 1067 2295 posuissent,
1093 2244 1361 2294 quaerendum
1378 2250 1461 2282 erat
1488 2255 1567 2295 quo
1588 2242 1747 2281 tandem

341 2306 464 2344 modo
494 2306 584 2344 fieri
612 2314 791 2358 poterat,
828 2315 873 2347 ut
904 2310 994 2347 illos
1023 2310 1168 2348 lateret
1200 2308 1507 2360 phaenornenon
1537 2310 1578 2347 in
1609 2308 1748 2346 Arabia

344 2370 595 2422 (Niebuhr
625 2374 863 2413 Besclzreib.
881 2388 961 2412 von
971 2374 1156 2413 Arabim
1177 2389 1212 2426 p.
1235 2373 1297 2426 5),
1323 2375 1364 2412 in
1387 2376 1498 2414 India
1520 2374 1749 2412 occidentali

345 2435 392 2487 (Β
403 2437 480 2474 lan
492 2452 513 2475 e
531 2439 572 2475 in
589 2441 889 2477 Transactions
910 2441 1038 2491 oftlze
1046 2439 1290 2491 Edc'nbargh
1301 2441 1418 2491 royal
1430 2441 1599 2489 Society.
1613 2440 1705 2478 Vol.
1716 2440 1748 2478 Ι.

345 2503 446 2540 Hist.
474 2516 514 2553 p.
533 2507 584 2541 30
604 2527 653 2533 —-—
675 2503 762 2556 37),
797 2507 839 2543 in
875 2506 1053 2543 confiniis
1084 2507 1239 2544 Nubiae
1278 2506 1605 2555 (Ehrenberg
1644 2505 1748 2554 apud

343 2571 362 2606 I
376 2568 524 2606 deler
559 2568 687 2607 Ueber
710 2571 784 2609 den
810 2573 1028 2623 Ursprung
1053 2572 1123 2610 der
1146 2571 1420 2621 Fenerkageln
1446 2585 1482 2608 ιι.
1504 2570 1750 2607 ΝονιίἰίεΙιιε

346 2646 387 2683 p.
410 2635 457 2672 91
477 2631 577 2686 sqq.)
599 2636 741 2674 visum.
773 2629 925 2676 Eodem
943 2638 1029 2676 iure
1048 2650 1276 2689 persuasum
1295 2636 1417 2673 habeo
1443 2649 1521 2672 non
1537 2636 1751 2687 incognitas

347 2698 466 2735 fuisse
484 2700 683 2738 veteribus
704 2703 798 2740 solis
818 2704 1003 2751 maculas,
1032 2704 1102 2741 etsi
1123 2716 1202 2740 non
1231 2701 1305 2738 nisi
1331 2701 1554 2750 ambiguum
1575 2715 1618 2740 ea
1638 2702 1688 2740 de
1705 2715 1750 2740 re

349 2762 453 2811 apud
485 2764 891 2816 Theophrastum
921 2766 986 2817 (de
1011 2769 1119 2817 sign.
1148 2768 1218 2811 IV,
1241 2768 1277 2804 1.
1304 2779 1342 2815 p.
1362 2766 1459 2816 797)
1491 2773 1529 2805 et
1549 2768 1750 2805 Aratum
