1820 3158
598 351 1019 397 PRAEFATIO.
1420 347 1530 393 XIII

82 471 146 514 les
174 470 231 523 ΙΙ,
263 472 305 523 3,
334 473 405 521 47,
442 470 517 513 sed
544 470 598 512 ad
625 467 782 510 librum
810 468 864 510 de
885 481 1013 510 semu
1037 471 1082 508 et
1101 466 1257 507 sensili
1278 479 1313 506 c.
1334 470 1375 506 4.
1427 463 1530 506 Alia

82 541 178 584 aliis
207 543 251 582 iu
281 540 389 582 locis
417 542 671 581 monuimus.
733 537 821 580 Cfr.
848 538 902 580 ad
921 537 956 589 I,
981 541 1021 588 3,
1039 540 1106 578 17.
1136 535 1172 587 Ι,
1192 539 1234 587 7,
1255 539 1295 578 3.
1323 534 1379 586 ΙΙ,
1399 540 1437 586 1,
1459 539 1527 576 11.

82 611 145 663 ΙΙ,
175 615 226 662 3,
258 614 326 652 20.
368 608 430 660 ΙΙ,
463 613 515 660 7,
547 613 584 650 1.
622 608 677 660 ΙΙ,
708 612 748 650 9.
779 616 822 650 et
850 610 1034 664 saepius.
1094 606 1309 647 Seneca
1338 606 1442 647 dicit
1466 605 1527 660 ³):

82 682 350 724 Aristoteles
379 684 472 731 ait,
517 693 603 721 non
634 678 797 721 trabem
827 680 970 729 illam,
1009 677 1088 719 sed
1119 675 1334 719 cometam
1349 676 1529 728 fuisse:

0 797 1 805 ἵ
83 756 326 792 ceterum
367 750 429 795 ob
469 754 691 791 nimium
738 750 991 791 ardorem
1035 760 1138 788 non
1182 753 1529 804 apparuisse

8 840 13 850 =
82 833 328 876 sparsum
359 824 563 876 ignem,
604 819 703 861 sed
722 818 1072 874 procedente
1103 823 1375 872 tempore,
1418 833 1528 860 cum

79 894 186 932 iam
212 893 387 931 minus
403 889 740 946 flagraret,
779 883 1066 1006 νθάάᾗὲἓῖ
1094 902 1240 929 suam
1276 887 1530 931 Cometae

66 960 204 1011 faci
213 974 298 1002 em.
339 959 567 1001 Postremis
597 959 740 1000 verbis
771 952 962 1015 similia?
1008 960 1012 962 ’
1033 1011 1036 1016 Α
1061 958 1350 999 ⁴inveniuntur
1368 956 1401 1009 Ι,
1424 963 1465 1010 6,
1488 963 1528 1010 8,

80 1045 162 1086 quo
193 1029 358 1086 reliqua
388 1037 592 1084 spectant.
659 1028 777 1069 Idem
807 1027 892 1069 alio
919 1016 1106 1079 lodov:
1144 1028 1414 1070 Aristoteles
1444 1034 1527 1080 ait,

45 1095 51 1102 ⁸
84 1099 282 1141 cometas
312 1090 580 1154 'significare
620 1103 942 1154 tempestatem,
984 1103 1029 1139 et
1058 1103 1280 1139 ventorum
1320 1102 1529 1155 intempe-

77 1173 269 1226 rantiam
298 1174 429 1224 atque
459 1166 624 1209 imbri
633 1182 722 1209 nm.
783 1167 869 1209 Sed
899 1166 1099 1209 imbrium
1120 1167 1156 1219 I,
1175 1171 1215 1218 7,
1237 1171 1277 1218 8,
1312 1183 1434 1224 quem
1465 1170 1528 1212 lo-

79 1252 174 1280 cum
202 1247 300 1280 ante
332 1236 479 1279 oculos
518 1236 668 1279 habuit
707 1237 896 1289 Seneca,
942 1237 1060 1279 nulla
1099 1239 1258 1280 mentio
1295 1238 1408 1281 facta
1448 1250 1526 1283 est.

78 1307 198 1358 Quae
226 1316 393 1359 cuncta,
422 1309 674 1364 praesertim
702 1307 823 1350 locus
850 1306 893 1359 Ι,
918 1311 966 1358 3,
998 1311 1066 1359 17,
1098 1309 1150 1349 de
1177 1322 1260 1365 quo
1293 1310 1388 1351 vide
1419 1326 1527 1367 quae

75 1379 121 1419 in
149 1379 463 1420 commentariis
492 1379 762 1430 monuimus,
806 1392 874 1419 me
905 1387 1199 1430 commovent,
1240 1387 1286 1420 ut
1315 1379 1527 1436 duplicem

75 1450 369 1491 recensionem
384 1448 423 1503 ⁵)
452 1447 604 1490 horum
633 1447 841 1490 librorum
870 1457 1076 1499 statuam,
1108 1462 1212 1503 quos
1243 1448 1296 1489 ab
1316 1451 1409 1505 ipso
1429 1450 1528 1493 Ari-

75 1517 226 1560 stotele
256 1518 472 1575 profectos
503 1532 597 1560 esse
628 1527 670 1559 et
692 1532 752 1560 ex
781 1519 837 1560 iis
867 1526 1011 1574 patet,
1060 1532 1168 1574 quae
1208 1520 1245 1569 ξ.
1277 1517 1298 1559 Ι
1330 1522 1528 1575 exposui-

75 1602 169 1629 mus
200 1596 242 1628 et
270 1587 339 1629 vel
368 1589 555 1630 maxime
586 1589 758 1639 exinde,
791 1590 903 1644 quod
924 1603 1048 1630 nemo
1077 1596 1175 1644 post
1203 1587 1323 1629 illum
1344 1592 1524 1640 exstitit,

76 1659 150 1712 qui
182 1656 311 1699 talem
338 1657 497 1699 librum
523 1660 733 1712 potuisset
771 1672 1055 1711 componere,
1110 1659 1149 1697 si
1190 1656 1305 1698 solos
1346 1651 1543 1712 Theo-¹¹

75 1726 369 1783 p'hrastum
399 1734 441 1766 et
470 1726 789 1767 Stratonem
821 1728 1027 1782 excipias,
1060 1740 1238 1782 quorum
1267 1735 1406 1769 tamen
1438 1730 1526 1784 opi-

77 1797 230 1836 niones
258 1794 386 1851 longe
416 1795 470 1837 ab
497 1794 786 1837 Aristotelicis
824 1795 1104 1846 recedebant,
1151 1797 1214 1838 uti
1244 1797 1388 1839 videre
1422 1797 1525 1840 licet

76 1879 131 1906 ex
158 1866 237 1915 iis,
267 1878 376 1919 quae
406 1865 684 1908 disseruimus
713 1866 759 1907 iu
790 1863 1030 1908 Comment.
1061 1866 1115 1908 ad
1144 1865 1186 1919 I,
1217 1871 1257 1909 8.
1293 1865 1335 1919 I,
1370 1873 1438 1921 14,
1464 1874 1524 1929 μ28

75 1942 118 1975 et
146 1932 251 1975 alibi
277 1933 336 1991 ⁶).

987 963 1006 976 Γ
1044 966 1050 971 ⁴

989 1000 1041 1014 ‘-¹.

165 2136 203 2180 3)
231 2140 369 2181 Quaest.
394 2145 463 2173 nat.
488 2133 570 2182 VII,
594 2138 628 2181 5,
652 2140 687 2192 3.

164 2217 204 2262 4)
232 2221 369 2261 Quae-si.
392 2227 461 2254 nai.
485 2221 569 2264 Vll,
592 2223 652 2265 28,
679 2224 712 2255 1.

165 2297 199 2341 5)
224 2300 283 2333 De
305 2299 404 2333 libris
432 2296 747 2344 διασκευασμένοις
775 2302 840 2336 cfr.
865 2303 1134 2337 Valkenaer
1158 2304 1276 2347 Praef.
1301 2307 1346 2340 ad
1369 2307 1524 2353 Eurip.

75 2359 248 2402 Hippolyt.
274 2369 308 2402 p.
329 2358 471 2393 XVIII.
497 2361 631 2394 VVolf
651 2364 879 2403 Prolegomen.
903 2364 948 2395 cul
970 2367 1153 2397 Homerum
1179 2376 1213 2408 p.
1229 2364 1336 2399 CLII.
1367 2378 1404 2401 11.
1421 2366 1477 2402 14.

164 2437 204 2482 6)
233 2437 388 2472 Omnino
415 2438 620 2475 Aristotelis
649 2440 832 2486 discipuli,
859 2443 919 2488 qui
944 2444 1147 2490 magistrum
1174 2457 1374 2490 excepere,
1398 2459 1522 2492 quam-

73 2497 130 2534 vis
153 2498 280 2532 eadem
304 2502 456 2532 tractare
482 2500 662 2543 solerent,
697 2513 788 2545 quae
815 2502 899 2546 ille,
934 2503 973 2537 in
996 2503 1116 2537 multis
1148 2510 1266 2539 tamen
1292 2507 1335 2540 ab
1359 2506 1438 2551 ipso
1462 2519 1522 2542 re·-

74 2563 271 2600 cesserunt‚
297 2556 469 2601 imprimis
494 2559 873 2603 Theophrastus.
920 2561 995 2597 cfr.
1018 2564 1219 2598 Brandis
1244 2565 1283 2599 in
1305 2567 1521 2601 Rheinisches

73 2619 232 2650 Museum
255 2616 285 2661 Ι,
309 2619 344 2651 3.
376 2627 411 2660 p.
433 2615 514 2651 284.
562 2617 817 2655 Stahrl.1.
852 2621 901 2655 II.
932 2633 969 2665 p.
999 2624 1046 2656 70
1074 2633 1128 2667 sq.
1162 2622 1232 2659 294
1255 2636 1308 2670 sq.
1355 2627 1520 2661 Theo-

72 2674 261 2717 phrasti
294 2675 457 2710 Meteora
481 2675 640 2710 Arabum
674 2679 892 2723 temporibus
922 2681 1037 2714 adhuc
1062 2681 1254 2726 exstitere,
1301 2696 1452 2729 quorum
1483 2685 1522 2719 in

72 2730 231 2778 linguam
264 2744 314 2767 ex
344 2734 486 2778 syriaco
511 2746 687 2771 conversa
719 2745 820 2773 erant
850 2740 893 2773 ab
926 2739 1091 2785 Yahya
1123 2742 1217 2776 Ebn
1246 2743 1397 2789 Adda‚
1429 2751 1521 2780 teste

73 2789 108 2823 A
120 2791 142 2824 b
154 2803 177 2824 u
189 2792 201 2824 1
213 2803 235 2836 p
245 2792 270 2826 h
280 2804 299 2826 a
311 2804 358 2826 ra
369 2804 391 2840 g
403 2793 450 2828 io
485 2798 616 2832 Hister.
642 2800 782 2841 Dynasi.
818 2810 853 2843 p.
877 2797 923 2834 94
955 2798 1072 2841 (text.
1100 2803 1198 2838 arab.
1230 2815 1266 2848 p.
1291 2805 1334 2839 61
1370 2803 1519 2850 interpr.

72 2848 185 2894 latin.)
211 2852 269 2886 ed.
292 2853 319 2886 P
329 2862 351 2887 ο
362 2863 410 2888 co
421 2853 472 2888 ck
481 2865 514 2889 e.
