1774 3198
459 342 681 383 LIBRUM
709 342 954 383 PmMUM.
1013 344 1130 383 CAP.
1145 344 1240 386 ΧΠ.
1472 327 1570 379 439

126 457 336 496 Collins
378 458 572 495 Aecoant
598 455 657 508 of
674 455 1158 496 Nem-South-Wales
1185 471 1226 510 p.
1245 456 1340 497 445.
1393 455 1568 497 Peren

129 522 175 560 V
173 539 303 576 oyage
325 525 374 563 de
397 525 662 564 ddcouvertes
686 538 772 562 aux
801 531 930 562 terres
957 525 1169 565 australes
1207 526 1328 565 Tom.
1351 525 1385 565 I.
1413 539 1452 578 p.
1471 527 1569 575 418,

123 593 300 645 aliosque
331 607 431 644 quos
462 605 672 631 recensere
699 593 864 644 longum
879 598 963 642 cst.
1020 593 1116 632 Non
1142 599 1277 632 tamen
1308 594 1394 632 sine
1429 594 1565 633 fructu

123 660 369 712 comparabit
401 661 540 710 etiam,
588 673 683 713 quaa
717 674 770 699 ex
803 660 938 699 medio
977 674 1080 700 aevo
1118 661 1279 712 collegit
1315 662 1564 702 narrationes

122 729 346 767 Neikter
372 729 485 767 Νον.
503 728 599 767 Act.
628 729 859 781 Upsaliens.
889 730 986 769 Vol.
1007 730 1079 768 VI.
1108 743 1149 782 p.
1169 731 1265 769 281.
1321 730 1448 768 Recte
1465 731 1564 769 Ari-

120 798 281 835 stoteles
310 800 395 842 τοῖς
423 791 626 847 σχήμασιν
654 793 702 836 οὗ
733 792 957 850 στρογγύλη
989 797 1114 837 addit.
1176 799 1269 849 Quo
1299 798 1406 836 enim
1436 797 1564 838 maior

118 864 295 916 grando,
326 878 375 902 eo
398 866 520 916 magis
548 865 632 903 eius
658 865 787 917 figura
805 879 828 903 a
847 864 1052 917 sphaerica
1070 861 1285 915 abhorret,
1316 879 1435 917 quam
1455 879 1563 905 nun-

120 946 239 983 quam
271 933 391 984 plane
419 932 575 981 induit,
613 933 721 971 unde
748 934 854 972 male
879 934 1137 985 Epicurus
1174 932 1293 972 Plac.
1313 934 1560 985 Philosoph.

116 1000 225 1052 apud
258 999 518 1040 Plutarch.
545 1002 623 1047 ΠΙ,
650 1003 688 1041 4.
719 1002 838 1040 Tom.
860 1003 934 1042 IV.
963 1016 1000 1054 p.
1027 1004 1130 1041 601:
1174 1000 1562 1054 στρογγυλαίνεσθαι

117 1064 189 1119 τὴν
220 1063 403 1118 χάλαζαν
441 1066 507 1107 καὶ
542 1065 616 1107 τὸν
645 1063 762 1107 ὓετὸν
791 1065 872 1108 ἀπὸ
903 1071 979 1120 τῆς
1002 1070 1165 1122 μακρᾶς
1191 1070 1431 1122 καταφορᾶς
1457 1064 1561 1109 {mo-

116 1132 407 1187 πεπλησμένον,
437 1142 478 1174 et
498 1136 602 1174 male
624 1137 819 1174 Seneca
841 1138 1116 1187 Quaest.'nat.
1146 1137 1220 1186 IV,
1241 1141 1289 1176 3:
1322 1138 1461 1188 Quare
1479 1151 1560 1176 au-
1617 1140 1620 1141 ⁷

117 1211 198 1241 tem
223 1203 407 1241 rotunda
438 1205 493 1241 sit
517 1203 714 1254 grando,
758 1205 892 1242 etiam
923 1206 1012 1243 sine
1042 1205 1250 1256 magistro
1286 1206 1393 1243 scire
1420 1211 1557 1256 potes,

116 1284 240 1322 quum
279 1270 580 1320 adnotaveris,
639 1271 905 1311 stillicidium
963 1286 1081 1310 omne
1128 1272 1451 1324 conglomerari.
1502 1295 1558 1301 —-

114 1338 260 1377 Obiter
285 1351 540 1388 moneamus,
568 1340 602 1378 E
615 1339 856 1390 picurum
888 1353 1001 1378 suam
1023 1339 1073 1378 de
1094 1340 1290 1392 grandine
1318 1341 1557 1380 sententiam

94 1403 153 1444 ‘in
171 1407 296 1445 altera
323 1420 393 1445 sua
415 1407 584 1459 epistola
613 1405 672 1459 (§.
694 1410 764 1446 26.
794 1421 832 1459 p.
854 1411 921 1447 38.
954 1408 1016 1447 ed.
1047 1407 1368 1460 Schneider)
1397 1409 1453 1446 ita
1469 1408 1558 1446 sive

110 1474 314 1526 aperuisse
342 1475 430 1514 sive
448 1489 532 1514 non
555 1474 779 1526 aperuisse:
804 1471 966 1525 χάλαζα
988 1476 1233 1515 συντελεῖται
1262 1474 1329 1514 καὶ
1351 1471 1456 1514 κατὰ
1477 1475 1557 1526 πῆ-

112 1541 171 1588 ξιν
191 1540 468 1596 ἰσχυροτέραν,
498 1539 706 1581 πάντοθεν
737 1540 782 1582 δὲ
810 1542 1112 1593 πνευματωδῶν
1140 1541 1374 1596 περίστασιν
1407 1543 1556 1596 [περιΐ-

53 1657 58 1661 .
113 1606 325 1659 σταμένων
362 1611 532 1648 coniecit
565 1609 731 1659 Schn.]
775 1611 896 1649 τινῶν
932 1609 998 1649 καὶ
1028 1608 1132 1650 κατὰ
1159 1608 1318 1664 με’ρισιν
1347 1609 1414 1651 καὶ
1440 1610 1555 1663 τῆξιν

109 1673 384 1731 μετριωτέραν
412 1671 660 1716 ὑδατοειδῶν
678 1690 800 1716 τινων
832 1667 1179 1731 [περιισταμένων]
1212 1673 1316 1730 ὃμοῦ
1334 1675 1447 1733 ῥῆξιν
1467 1674 1555 1729 ἅμα

111 1740 185 1795 τήν
213 1758 255 1783 τε
286 1741 460 1784 σύνωσιν
490 1741 628 1791 αὐτῶν>
654 1742 919 1796 ποιουμένην·
951 1745 1018 1785 καὶ
1038 1743 1105 1785 διὰ
1127 1743 1240 1799 ῥῆξιν
1262 1742 1367 1799 πρός
1386 1743 1432 1786 τὸ
1450 1742 1554 1785 κατὰ

108 1810 212 1865 μέρη
244 1811 516 1852 συνίστασθαι
544 1809 777 1865 πηγνύμενα
805 1812 871 1852 καὶ
900 1811 1005 1853 κατὰ
1030 1811 1258 1867 ἀθρότητα.
1292 1808 1357 1852 ‘H
1372 1811 1417 1852 δὲ
1441 1827 1555 1866 περι-

111 1878 251 1934 φέρεια
280 1877 354 1919 οὐκ
386 1876 598 1929 ᾀδυνάτως
626 1878 702 1931 μὲν
733 1877 810 1931 ἔχει
838 1880 1037 1933 γίνεσθαι,
1068 1879 1278 1922 πάντοθεν
1306 1882 1388 1921 τῶν
1418 1877 1554 1934 ἄκρων

109 1945 472 1998 ἀποκοπτομένων,
502 1947 568 1987 καὶ
597 1946 638 1987 ἐν
666 1951 717 2002 τῇ
747 1946 937 1989 συστάσει
958 1946 1181 2001 πάντοθεν,
1214 1945 1269 1996 ὥς
1288 1947 1453 2002 λέγεται,
1486 1946 1553 1987 καὶ

107 2012 160 2055 τὰ
177 2014 280 2068 μέρη
311 2011 474 2067 ὁμαλῶς
502 2014 819 2069 περιϊσταμένων
837 2014 913 2057 εἴτε
931 2012 1180 2058 ὑδατοειδῶν
1198 2032 1319 2058 τινων
1337 2014 1414 2056 εἴτε
1433 2029 1553 2055 πνευ-

109 2083 324 2133 ματωδῶν.
355 2106 412 2113 —
440 2083 579 2132 αὐτοῖς
606 2100 682 2136 pro
713 2082 838 2137 αὐτῆς
865 2086 916 2125 Ν.
946 2087 1015 2137 qui
1032 2100 1130 2125 mox
1157 2087 1277 2125 etiam
1297 2085 1462 2124 exhibet
1491 2097 1551 2135 γι-

109 2148 292 2202 νομένης.
314 2172 372 2178 -
397 2151 568 2204 πλησίον
593 2151 806 2206 γενομένης
833 2156 908 2206 τῆς
934 2150 1093 2205 πήξεως
1123 2155 1168 2193 Ρ.
1190 2156 1229 2193 S.
1253 2155 1340 2194 cas.
1369 2153 1437 2204 qui
1455 2152 1551 2190 vul-

110 2226 238 2271 gatam
256 2220 495 2271 scripturam
516 2220 683 2259 exhibet
693 2222 738 2260 in
756 2223 947 2273 margine.
969 2243 1019 2250 —
1048 2219 1189 2260 ε’κεῖνοι
1216 2222 1241 2259 i.
1253 2235 1288 2259 e.
1318 2217 1356 2260 οἱ
1378 2216 1550 2265 Ἀναξα-

109 2283 279 2340 γόρειοι,
310 2287 647 2338 quemadmodum
677 2295 875 2327 vocantur
906 2289 1121 2328 Platoni
1155 2285 1323 2339 Cratylo
1353 2301 1391 2338 p.
1413 2286 1507 2334 409,
1526 2299 1548 2324 a

111 2354 175 2407 (p.
207 2358 259 2393 86
301 2354 366 2392 ed.
398 2354 708 2406 Heindorf),
747 2356 857 2394 unde
892 2356 1109 2407 intelligas,
1160 2369 1240 2408 quo
1274 2356 1364 2394 iure
1399 2354 1549 2393 dixerit

110 2426 236 2463 Baco
267 2423 379 2460 Νον.
403 2422 562 2473 Organ.
577 2425 611 2470 Ι,
631 2424 681 2461 71
696 2437 708 2461 2
737 2424 1046 2475 „Antiquiores
1066 2425 1134 2462 illi
1153 2438 1208 2462 εει·
1230 2424 1418 2468 Graecis,
1444 2423 1547 2461 Em-

103 2491 322 2543 pedocles,
351 2485 739 2541 Anaxagoras,
768 2482 1031 2542 Leucippus,
1058 2493 1346 2538 Democritus,
1374 2492 1548 2529 Parme—

110 2560 250 2604 nides,
288 2557 594 2608 Xenophanes,
639 2555 870 2606 Philolaus,
919 2559 1093 2609 reliqui,
1121 2581 1177 2588 —
1203 2558 1394 2606 scholas,
1434 2557 1549 2610 quod

110 2628 317 2670 novimus,
348 2640 433 2663 non
453 2633 730 2675 aperuerunt.-
766 2625 843 2663 sed
862 2627 1023 2664 maiore
1050 2627 1215 2664 silentio
1242 2635 1284 2665 et
1305 2627 1489 2665 severius
1506 2631 1546 2661 et

110 2693 337 2746 simplicius
359 2695 387 2732 i.
397 2706 430 2731 e.
450 2694 608 2731 minore
625 2707 717 2730 cum
737 2691 1012 2747 affectatione
1031 2701 1070 2731 et
1090 2696 1366 2732 ostentatione
1394 2691 1456 2731 ad
1479 2694 1547 2730 in-

112 2761 379 2812 quisitionem
405 2762 600 2804 veritatis
629 2775 672 2798 se
703 2761 979 2799 contulerant.
1052 2761 1207 2814 Itaque
1234 2770 1274 2800 et
1297 2758 1463 2807 melius,
1499 2765 1547 2796 ut

112 2826 382 2875 arbitramur,
409 2842 453 2866 se
468 2836 680 2880 gesserunt
690 2842 706 2875 ;
734 2830 821 2867 nisi
840 2828 950 2882 quod
967 2841 1094 2882 opera
1114 2843 1254 2869 eorum
1276 2842 1303 2867 a
1321 2826 1545 2867 levioribus
