1820 3158
201 400 275 440 ΕΤ
302 399 518 439 OLYMP.
549 399 611 438 IN
638 397 819 438 ARIST.
843 396 1176 437 METEOROL.
1205 397 1312 438 LIB.
1338 397 1370 436 Ι.
1447 387 1537 432 149

86 513 255 562 θυσίαι,
287 512 354 553 καὶ
385 510 427 552 ἐν
454 508 558 566 αὐτῇ
586 513 637 566 τῇ
667 509 798 569 τέφρᾳ
827 508 1006 566 ἔγραφον
1034 506 1271 564 γράμματα.
1311 509 1377 550 καὶ
1408 511 1540 550 ταῦτα

86 579 226 635 ἔμενον
249 577 560 635 ,ἐξαλειφόμενα
598 576 696 620 ὅλον
732 578 805 620 τὸν
835 575 1042 628 ἐνιαυτόν,
1096 576 1233 631 ἐπειδὴ
1263 574 1358 618 οὐδ’
1392 574 1540 630 ἄνεμος

87 649 144 697 εἷς
185 647 285 689 αὐτὸ
325 647 551 689 κατέπνεεν.
604 645 768 689 ἄνωθεν
796 646 874 703 γὰρ
904 650 977 688 τοῦ
1007 644 1133 701 ὅρους
1164 643 1259 687 οὐδὲ
1292 643 1413 699 ἀτμὶς
1443 643 1540 687 οὐδὲ

87 713 265 772 ὑγρότης
292 717 452 771 γίνεται.
497 714 608 758 κάτω
641 715 685 758 δὲ
717 715 760 756 ἐν
788 718 847 772 τῷ
876 715 1060 771 περιγείῳ
1092 712 1179 770 ἀέρι
1210 713 1448 756 συνίσταται
1477 712 1540 755 νέ-

88 799 190 840 φος·
222 782 325 838 αὕτη
355 784 430 837 μὲν
458 781 484 838 ἡ
517 783 684 840 ἀπορία.
715 784 783 826 καὶ
812 782 871 837 μὴ
902 782 1048 838 λέγωσί
1074 798 1181 839 τινες
1210 782 1252 824 ἓν
1281 785 1340 839 τῷ
1366 780 1540 839 ἀπογείῳ

88 851 175 908 ἀέρι
208 851 276 893 διὰ
303 856 427 894 τοῦτο
460 850 508 894 οὗ
539 853 813 894 συνίστασθαι
831 850 956 907 νέφη,
987 848 1093 893 διότι
1117 850 1171 893 τὰ
1200 849 1369 908 ἀστρῷα
1397 849 1542 906 πύρεια

88 919 182 962 κατ’
211 918 484 976 ιΗράκλειτον
502 921 538 975 '‘)
568 919 594 975 ἢ
625 919 861 977 θερμοποιά
891 916 982 961 κατ’
1010 917 1293 974 Ἀριστοτέλην
1309 920 1364 974 *⁸)
1392 918 1542 960 ἐκεῖνον

85 986 159 1030 τὸν
187 987 308 1044 ἀέρα,
340 987 387 1037 ὃς
415 986 465 1030 ἂν
492 992 651 1043 μᾶλλον
681 988 821 1037 αὐτοῖς
849 987 985 1042 ἐγγίζει
1014 983 1290 1040 πλησιάζοντα
1319 986 1541 1042 ἐκθερμαί-

87 1073 203 1098 νουσι
235 1058 300 1099 καὶ
330 1055 377 1098 οὐ
408 1061 662 1112 συγχωροῦσι
693 1059 887 1110 συστῆναι
915 1054 1051 1110 νέφος.
1094 1053 1141 1096 οὗ
1171 1053 1249 1110 γὰρ
1278 1057 1400 1096 τοῦτο
1442 1052 1540 1108 ἀλη-

88 1123 184 1175 θές,
215 1123 319 1166 διότι
339 1123 397 1179 μὴ
421 1123 538 1174 ὄντος
563 1122 877 1177 ὑπεκκαύματος
906 1121 1001 1164 κατ’
1023 1121 1174 1171 αὐτοὺς
1204 1121 1279 1164 οὔκ
1301 1122 1387 1164 ἐστι
1407 1119 1537 1175 πολλὴ

89 1191 271 1248 διαφορὰ
303 1196 385 1234 τῶν
419 1191 710 1246 διαστημάτων
750 1191 794 1232 ἐκ
823 1194 898 1232 τοῦ
928 1189 1120 1246 ἀπογείου
1152 1189 1274 1247 ἀέρος
1300 1190 1419 1245 μέχρι
1456 1193 1540 1231 τῶν

87 1258 274 1316 ἄστρων·
311 1260 420 1314 μηδὲ
447 1259 569 1302 πάλιν
601 1259 708 1309 τινὲς
730 1258 941 1314 λεγόντων,
975 1258 1039 1302 ὅτι
1061 1259 1104 1301 αἱ
1132 1264 1206 1302 τοῦ
1235 1256 1354 1314 ἡλίου
1385 1257 1541 1307 ἀκτῖνες

85 1323 433 1383 παρατριβόμεναι
472 1327 576 1384 πρὸς
611 1328 684 1371 τὸν
724 1327 826 1385 ἀέρα
855 1329 922 1370 καὶ
951 1326 1075 1370 πάλιν
1104 1326 1326 1384 φερόμεναι
1355 1324 1412 1376 ὥς
1435 1325 1541 1383 πρὸς

84 1394 159 1444 τὰς
188 1396 368 1451 σφαίρας
394 1399 554 1449 μᾶλλον
583 1396 904 1454 ἔκθερμαίνουσι
932 1395 1006 1439 τὸν
1034 1397 1232 1452 περίγειον
1253 1391 1355 1452 ἀέρα
1383 1396 1451 1438 καὶ
1472 1393 1540 1436 διὰ

83 1467 205 1504 τοῦτο
241 1462 288 1504 οὐ
320 1465 581 1507 συνίστανται
610 1466 713 1523 νέφη
746 1466 788 1508 ἓν
817 1465 954 1524 αὐτῷ·
1005 1463 1160 1507 ἄτοπον
1188 1465 1266 1522 γὰρ
1298 1467 1447 1507 τοῦτο·
1490 1461 1538 1505 τὸ

82 1530 160 1588 γὰρ
191 1531 373 1574 ἐναντίον
403 1532 446 1574 αἱ
483 1532 640 1583 ἀκτῖνες
675 1537 835 1588 μᾶλλον
874 1533 1192 1590 ἔκθερμαίνουσι
1229 1532 1304 1575 τὸν
1342 1532 1540 1588 περίγειον

85 1598 198 1655 ἀέρα.
239 1598 342 1641 διότι
374 1598 430 1650 ὡς
458 1602 516 1650 εἷς
544 1601 710 1658 κέντρον
738 1602 863 1644 ε’κεῖσε
893 1599 1182 1656 συνερχόμεναι
1209 1603 1443 1642 στενοῢνται
1472 1599 1540 1640 καὶ

83 1671 240 1720 μᾶλλον
275 1667 464 1723 ἀλλήλων
495 1668 771 1725 ἔφάπτονται’
820 1670 863 1711 ἓν
893 1669 937 1711 δὲ
966 1672 1024 1726 τῷ
1056 1666 1231 1725 ἀπογείῳ
1262 1666 1349 1724 ἀέρι
1380 1665 1436 1716 ὡς
1464 1668 1541 1709 διΐ-

86 1734 280 1789 στάμεναι
309 1737 375 1777 καὶ
406 1737 496 1791 περὶ
524 1738 724 1779 πλείστων
755 1736 1056 1793 διακρινόμεναι
1086 1734 1163 1790 οὐχ
1182 1734 1290 1778 οὕτω
1318 1736 1542 1792 ἐκθερμαί-

84 1817 214 1845 νουσι.
262 1803 370 1858 μηδὲ
399 1803 522 1846 πάλιν
550 1803 774 1860 λεγέτωσάν
804 1821 929 1858 τινες,
964 1802 1027 1846 ὅτι
1054 1807 1128 1846 τοῦ
1161 1802 1281 1860 ἀέρος
1309 1803 1486 1860 πέφυκεν
1517 1800 1539 1845 ὃ

82 1872 158 1926 μὲν
187 1873 381 1928 περίγειος
410 1873 467 1921 εἷς
492 1870 607 1929 ὕδωρ
632 1871 925 1926 μεταβάλλειν·
956 1869 977 1914 ὃ
1001 1871 1046 1914 δὲ
1073 1870 1262 1928 ἀπόγειος
1291 1871 1439 1925 οὐκέτι,
1472 1871 1541 1913 διὰ

83 1943 206 1982 τοῦτο
235 1944 314 1982 ποῦ
343 1939 419 1994 μὲν
448 1941 708 1983 συνίστανται
737 1941 865 1998 νέφη,
905 1944 986 1983 ποῦ
1017 1940 1063 1982 δὲ
1093 1939 1166 1993 οὗ,
1203 1939 1540 1996 ἀποκληρωτικὸν

83 2006 160 2064 γάρ
191 2009 276 2050 ἐστι
303 2007 351 2050 τὸ
381 2012 570 2051 τοιοῦτο·
631 2009 738 2065 μηδὲ
780 2008 903 2052 πάλιν
931 2009 1037 2058 τινὲς
1065 2008 1315 2065 λεγέτωσαν,
1358 2006 1414 2057 ὡς
1443 2006 1541 2058 ὅλος

82 2076 158 2129 μὲν
187 2074 208 2118 ὃ
240 2075 320 2133 ἀὴρ
350 2077 502 2134 πέφυκε
530 2076 800 2131 μεταβάλλειν
838 2079 895 2128 εἷς
931 2077 1068 2134 ὕδωρ,
1115 2077 1210 2119 ἀλλ’
1245 2076 1320 2131 οὐχ
1361 2074 1536 2131 ὁμοίως·

86 2141 107 2185 ὃ
138 2144 214 2197 μὲν
241 2144 318 2200 γὰρ
348 2146 544 2202 περίγειος
575 2145 748 2205 ῥᾳδίως,
794 2148 1002 2203 δυσχερῶς
1031 2145 1076 2188 δὲ
1106 2143 1357 2201 ὄάπόγειος·
1388 2143 1539 2187 τούτου

88 2211 133 2252 δὲ
161 2211 209 2253 τὸ
242 2212 392 2264 αἴτιον,
425 2212 471 2255 τὸ
502 2213 576 2255 τὸν
604 2215 680 2268 μὲν
713 2213 901 2270 ἀπόγειον
932 2214 1085 2268 ἀτμίδα
1114 2213 1215 2267 ἔχειν
1244 2211 1423 2266 πολλήν,
1466 2211 1540 2254 τὸν

88 2277 134 2319 δὲ
164 2276 350 2333 ἀπόγειον
377 2279 436 2334 μὴ
466 2280 591 2334 ἔχειν’
630 2280 782 2332 ἄτοπος
809 2283 887 2339 γὰρ
919 2275 1040 2331 οὗτος
1067 2278 1246 2336 ὅλόγος·
1274 2278 1539 2336 εὗρεθήσεται

87 2344 166 2401 γὰρ
194 2344 242 2387 τὸ
272 2344 386 2403 ὕδωρ
425 2346 577 2405 ἀπείρῳ
617 2349 781 2404 μεγέθει
820 2348 1066 2392 διαλλάττον
1107 2353 1181 2402 τῆς
1216 2352 1291 2404 γῆς
1317 2347 1436 2404 μέχρι
1464 2352 1539 2390 τοῦ

89 2412 280 2468 ἀπογείου
309 2412 449 2470 ἀέρος·
489 2412 753 2470 ὖποθώμεθα
784 2417 831 2460 τὸ
862 2415 1000 2474 ὕδωρ,
1046 2416 1166 2458 οὐδὲν
1201 2415 1280 2472 γὰρ
1320 2414 1420 2456 ἄλλο
1454 2415 1538 2457 ἐστὶ

88 2483 213 2539 λέγειν
243 2482 396 2537 ἀτμίδα
427 2481 610 2541 ἢῧδωρ·
642 2483 667 2538 ἥ
694 2484 771 2542 γὰρ
803 2484 923 2541 ἀτμὶς
952 2481 1040 2527 οἷον
1067 2483 1208 2541 ὕδωρ,
1238 2481 1339 2540 ὅπερ
1362 2481 1536 2525 ἄτοπον

177 2643 377 2678 Alexandri
412 2642 703 2687 Aphrodisiensis
748 2645 893 2679 nominc
929 2643 1151 2679 circumferri
1187 2645 1301 2686 solet,
1350 2643 1536 2688 reperitur.

180 2701 256 2736 cfr.
285 2707 358 2736 not.
386 2702 428 2734 ad
455 2701 621 2744 Excerpt.
659 2699 696 2744 Ι,
722 2702 764 2744 8,
791 2704 822 2736 1.
874 2701 1056 2736 Gemini
1091 2701 1204 2736 verba
1239 2702 1310 2735 huc
1344 2701 1538 2746 spectantia

180 2759 328 2802 (Isagog.
356 2761 410 2793 13.
436 2771 469 2803 p.
488 2761 558 2794 209
582 2758 646 2803 sq.)
675 2758 847 2803 adscripsi
871 2759 908 2793 in
932 2758 1199 2794 commentario.

134 2826 175 2871 ³³)
206 2826 281 2861 cfr.
308 2827 432 2862 Stob.
459 2831 572 2870 Eclog.
600 2829 692 2872 phys.
719 2828 747 2870 I,
772 2827 829 2863 25.
856 2839 890 2873 p.
912 2828 990 2864 510.
1028 2828 1082 2863 ed.
1107 2828 1306 2862 Heeren.

134 2894 192 2939 ff)
216 2899 270 2930 De
298 2901 401 2931 caelo.
430 2898 476 2940 ΙΙ,
499 2901 534 2932 7.
566 2909 600 2941 p.
626 2897 709 2939 289,
737 2907 769 2932 a.
