1812 3158
419 344 641 392 LIBRUM
667 346 914 390 PRIMUM.
970 346 1088 388 cAP.
1109 345 1185 388 VI.
1423 335 1520 381 879

88 463 295 508 τεῦεσθαι.
330 486 388 496 ·-
440 464 674 506 Verborum
703 457 1059 516 ἆναρρηγννμένου
1084 461 1159 501 τοῦ
1186 453 1326 515 φωτὸς
1351 456 1396 499 ἐκ
1420 473 1522 499 κυα-

88 532 183 576 νέου
211 533 279 575 καὶ
306 531 481 587 μέλανος
511 531 727 585 explicatio
760 529 983 582 repetenda
1013 535 1073 568 est
1101 542 1153 568 ex
1180 528 1318 569 verbis
1344 527 1524 568 Theo-

89 603 302 657 pjhrasti
328 603 381 642 de
397 603 527 641 color.
557 602 590 653 ξ.
611 604 680 640 20.
710 613 749 652 p.
773 602 867 638 881.
904 597 969 637 ed.
1001 595 1265 637 Schneid.:
1315 592 1338 637 ὅ
1369 596 1416 638 δὲ
1443 594 1524 651 ἀὴρ

90 668 262 725 ἐγγύθεν
287 668 363 723 μὲν
389 665 675 723 θεωρούμενος
704 663 822 707 οὐδὲν
847 663 949 718 ἔχειν
969 664 1152 719 φαίνεται
1169 667 1331 718 χρῶμα.
1361 663 1429 706 διὰ
1446 663 1526 719 γὰρ

91 736 167 791 τὴν
194 734 418 792 ἀραιότητα
444 732 523 776 ὖπό
553 738 635 777 τῶν
664 732 798 788 αὐγῶν
827 738 1031 788 κρατεῖται
1055 729 1326 787 χωριζόμενος
1352 728 1425 773 ὑπ’
1451 731 1528 773 αὺ-

91 808 186 855 τῶν,
216 803 472 859 πυκνοτέρων
500 802 636 845 οὐσῶν
665 802 732 843 καὶ
762 799 1087 856 διαφαιιόμένων
1114 798 1171 841 δι’
1204 798 1346 842 αὐτοῦ.
1387 799 1430 841 ἓν
1447 798 1531 853 2612-

90 871 224 914 θειδὲ
241 870 528 927 θεωρούμενος
555 868 758 926 ἐγγυτάτω
788 869 971 925 φαίνεται
989 865 1048 925 τῷ
1073 866 1263 923 χρώματι
1289 866 1531 923 κυανοειδὴς

91 939 161 981 διὰ
185 939 261 994 τὴν
292 938 541 995 ἀραιότητα·
583 931 610 994 ᾗ
639 936 716 993 γὰρ
747 937 869 978 λείπει
896 933 943 977 τὸ
973 939 1082 991 φῶς,
1111 935 1242 992 ταύτῃ
1271 935 1403 993 σκότῳ
1433 937 1531 978 διει-

79 1007 296 1061 «λημμένος
324 1007 508 1064 φαίνεται
537 1004 794 1059 κυανοειδὴς,
833 1004 1129 1053 {mmmm-⁹225·
1157 1004 1219 1056 δέ,
1261 1004 1451 1061 καθάπερ
1481 1004 1529 1046 τὸ

91 1073 220 1131 ὕδωρ,
248 1073 413 1116 πάντων
442 1073 684 1123 λευκότατός
711 1073 831 1115 ἔστιν.
886 1075 1102 1114 Caeruleus
1130 1075 1254 1126 igitur
1284 1075 1398 1131 color
1426 1075 1533 1114 a·e·ris

93 1151 164 1184 est.
221 1145 422 1186 Addimus
450 1145 507 1183 Pl
519 1144 687 1183 atonis
717 1143 768 1182 de
786 1143 973 1181 coeruleo
991 1143 1126 1181 colore
1145 1144 1382 1183 sententiam
1401 1143 1533 1195 (Tim.

93 1226 135 1265 p.
163 1216 215 1252 68
238 1213 327 1265 C.):
359 1208 560 1266 λαμπρόν,
587 1212 715 1266 λευκῷ
745 1207 943 1258 ξυνελθὸν
971 1209 1037 1250 καὶ
1068 1209 1126 1258 εἷς
1155 1209 1284 1262 με’λαν
1310 1209 1536 1265 κατακορὲς

93 1277 280 1331 ἐμπεσόν,
311 1282 485 1320 κυανοῦν
511 1281 661 1331 χρῶμα
687 1275 954 1318 ἀποτελεῖται.
975 1300 1032 1308 -—·
1060 1275 1405 1333 ἀναρρηγνυμ
1417 1277 1438 1319 ε’
1445 1293 1535 1319 νου

92 1344 404 1403 τοῦ·φωτός
440 1348 544 1388 bene
576 1348 750 1400 explicat
786 1348 936 1387 Alex.
976 1347 1265 1399 Aphrodis.
1303 1349 1375 1387 sol.
1397 1352 1465 1396 77,
1487 1348 1535 1386 b:

95 1413 416 1468 διακοπτομένης
445 1417 521 1468 τῆς
547 1417 621 1455 τοῦ
651 1411 790 1470 φωτὸς
818 1414 1020 1466 συνεχείας
1055 1410 1135 1455 ὕπὸ
1171 1412 1348 1467 μέλανός
1373 1429 1484 1461 τινος
1511 1410 1537 1467 ἢ

97 1485 268 1532 κυανοῦ,
299 1485 442 1523 melius
465 1497 584 1535 quam
614 1484 1039 1536 Olympiodorus
1065 1485 1136 1523 fol.
1158 1488 1221 1533 11,
1242 1483 1290 1533 b,
1319 1484 1389 1535 qui
1411 1480 1541 1537 ἀναρ-

98 1548 348 1603 ρηγνυμὲνου
385 1552 563 1603 positum
592 1565 678 1590 esse
706 1551 763 1590 ait
799 1565 875 1603 pro
914 1548 1256 1602 σκεδαννυμένου,
1303 1565 1541 1603 comparans

98 1615 317 1657 Homeri
343 1632 511 1658 versum
542 1615 772 1672 οὗρανόθεν
793 1615 833 1657 δ’
858 1615 930 1671 ἄρ’
956 1614 1162 1672 ὑπερράγη
1193 1615 1369 1666 ἄσπετος
1397 1617 1542 1671 αἰθήρ.

98 1682 424 1738 (II.V111‚558).
446 1708 503 1716 —
531 1687 680 1726 κυανοῦ
710 1688 758 1726 F.
787 1687 842 1725 H.
867 1687 923 1726 N.
952 1708 1009 1716 —
1047 1684 1100 1725 ἐκ
1139 1688 1241 1726 τῶν
1279 1683 1549 1727 τοιούτων·

100 1766 156 1792 sc.
176 1747 418 1807 φασμάτων.
456 1775 514 1783 --
561 1750 698 1793 συνιὸν
727 1751 772 1793 δὲ
795 1750 941 1805 χάσμα
970 1753 1084 1794 δοκεῖ
1120 1755 1267 1793 omisso
1295 1769 1335 1795 τι
1372 1756 1460 1795 cod.
1490 1758 1543 1796 E.

101 1817 145 1859 δ’
169 1817 226 1860 ἔτι
247 1822 344 1873 legit
362 1823 459 1873 Bag.
480 1835 571 1860 cum
590 1828 744 1861 vertat:
775 1825 915 1861 coiens
932 1831 1073 1861 autem
1092 1825 1276 1875 a‘mpliue
1294 1846 1354 1854 —
1380 1824 1546 1863 Deinde

100 1892 210 1928 ποιεῖ
232 1885 308 1935 τὰς
335 1888 535 1936 ποικιλίας
562 1892 609 1929 F.
637 1891 746 1929 Cam.
772 1891 816 1929 P.
843 1891 886 1929 S.
917 1891 1007 1930 cas.

213 1957 256 1996 4.
296 1951 593 2009 ὃμόχροιαν
628 1957 822 2010 praebent
847 1960 896 1998 F.
927 1960 981 1998 H.
1009 1959 1063 1998 N.
1087 1956 1136 1998 A.
1159 1960 1270 1999 Cam.
1289 1961 1361 1999 Er.
1385 1960 1471 1999 cas.
1503 1960 1546 1999 in

101 2013 319 2077 margffi
341 2020 577 2077 ὖμόχροιαν.
606 2049 663 2056 -
701 2021 907 2079 ἄστρων
935 2027 984 2065 Ε.
1018 2026 1066 2067 A.
1095 2028 1206 2067 Cam.
1237 2029 1279 2068 S.
1319 2029 1395 2067 cfr.
1424 2041 1548 2080 supra

102 2080 154 2130 ud
178 2093 236 2149 Ι,ι
255 2097 303 2140 3,
331 2097 399 2132 21.
433 2117 484 2122 -
516 2092 600 2132 καὶ
630 2108 711 2132 om.
737 2095 849 2133 Cam.
876 2095 991 2132 uncis
1019 2096 1268 2135 secluserunt
1297 2097 1346 2135 P.
1376 2097 1463 2136 Cas.
1492 2115 1549 2126 --·

104 2159 290 2210 Denique
320 2157 377 2199 ἔτι
402 2158 446 2199 δὲ
466 2161 531 2200 καὶ
551 2163 633 2201 τῶν
661 2163 710 2200 F.
731 2163 780 2201 A.
803 2164 847 2201 Ρ.
867 2165 963 2215 Bag.
994 2164 1135 2202 adhue
1159 2173 1300 2203 autem
1318 2172 1360 2203 et
1378 2166 1428 2204 de
1446 2165 1550 2203 aliis

108 2229 382 2279 imagc'nibus.
410 2231 492 2269 τῶν
517 2225 653 2269 ἄλλων
682 2230 817 2269 omisit
840 2231 892 2270 A.

716 2344 750 2383 C
759 2357 784 2382 A
796 2357 833 2383 P.
865 2345 941 2386 VI.

219 2430 285 2467 De
305 2430 472 2469 cometis
496 2436 758 2483 tractaturus,
786 2435 1020 2486 priusquam
1043 2435 1094 2474 ad
1119 2436 1247 2488 ipsam
1277 2450 1366 2475 rem
1389 2435 1555 2486 accedit,

108 2496 169 2537 uti
188 2498 310 2546 solet,
339 2511 434 2549 quas
458 2504 617 2536 veteres
639 2506 730 2538 ante
751 2502 883 2552 ipsum
905 2503 956 2540 de
975 2504 1140 2542 cometis
1170 2504 1385 2542 sententias
1402 2504 1556 2543 habuc·—

110 2564 205 2611 rint,
236 2566 428 2616 exponit:
454 2573 500 2604 ,et
517 2567 706 2604 refellere
727 2569 887 2619 quidem
907 2577 1075 2608 conatur
1096 2573 1127 2607 A
1140 2585 1265 2610 naxa
1276 2585 1299 2624 g
1311 2586 1442 2622 orae,
1460 2575 1500 2613 D
1513 2587 1559 2611 e-

114 2633 346 2678 mocriti,
375 2633 725 2685 Hippocratis
746 2636 862 2674 Chii
893 2644 933 2675 ct
952 2637 1252 2690 Pythagora
1266 2653 1441 2678 eorum
1468 2641 1559 2692 pla-

114 2698 202 2746 cita,
221 2698 271 2737 de
289 2700 433 2751 quibus
451 2701 618 2753 posthac
638 2701 719 2739 suis
739 2702 838 2742 locis
861 2704 1116 2744 disseremus.
1149 2707 1230 2757 Qui
1247 2714 1341 2759 post
1360 2707 1559 2747 Aristo-

117 2766 190 2803 tel
201 2779 223 2803 e
233 2781 270 2804 m
289 2766 364 2805 hac
377 2767 429 2806 de
442 2783 489 2808 re
504 2770 778 2818 tractaverint,
791 2785 858 2809 eos
874 2772 1024 2811 indicat
1040 2774 1067 2811 S
1081 2788 1103 2811 e
1113 2787 1139 2812 n
1149 2788 1171 2812 c
1182 2788 1203 2812 c
1213 2788 1235 2813 a
1253 2776 1562 2826 Quaestionum

118 2835 380 2873 naturalium
401 2836 509 2874 libro
531 2838 719 2887 septimo,
748 2840 866 2891 longe
887 2840 1041 2892 optimo
1059 2841 1166 2882 inter
1184 2856 1334 2893 omnes,
1363 2850 1562 2896 quotquot
