1820 3158
128 355 518 401 -p.344·,a.Bekk.—-
589 357 735 397 [ΠΜ.
763 354 984 397 οΑΡ,νῙῙ,
1057 354 1276 399 —p.33o,F.
1303 353 1431 389 eas.—
1478 350 1538 393 25

104 469 209 511 πολὺ
229 495 232 497 -
251 468 561 525 συμπεριάγεται
600 468 691 523 περὶ
727 466 803 522 τὴν
842 472 916 522 γῆν
954 464 1033 508 ὑπὸ
1074 470 1148 521 τῆς
1184 471 1319 523 φορᾶς
1361 468 1428 510 καὶ
1467 471 1543 522 τῆς

105 536 296 591 κινήσεως
336 541 409 591 τῆς
446 535 603 593 κύκλῳ·
651 534 851 592 φερομένη
884 535 928 577 δὲ
955 535 1023 577 καὶ
1051 534 1262 590 κινουμένη
1292 539 1440 577 τοῦτον
1469 535 1542 577 τὸν

105 603 271 660 τρόπον,
300 597 327 661 ᾗ
354 603 404 646 ἂν
431 603 535 660 τύχῃ
564 601 758 658 εὔκρατος
788 597 914 656 οὖσα,
955 601 1150 652 πολλάκις
1177 602 1446 659 ἐκπυροῦται,
1478 602 1541 646 διό

105 689 239 728 φαμεν
277 673 461 727 γίνεσθαι
497 672 564 713 καὶ
599 670 674 720 τὰς
711 675 792 713 τῶν
833 669 1052 726 σποράδων
1092 669 1264 726 ἀστέρον
1301 669 1540 727 διαδρομάς.

105 746 143 782 3.
172 739 301 782 (Ὀταν
337 735 409 782 οὖν
438 741 496 789 εἷς
523 739 597 793 τὴν
625 737 820 793 τοιαύτην
849 737 1052 781 πύκνωσιν
1081 738 1234 794 ἐμπέσῃ
1264 737 1332 780 διὰ
1359 737 1433 793 τὴν
1461 743 1543 781 τῶν

106 806 266 849 ἄνωθεν
294 808 449 861 κίνησιν
478 806 582 860 ἀρχὴ
611 806 826 863 πυρώδης,
876 807 978 861 μήτε
1010 805 1118 849 οὕτω
1147 805 1278 860 πολλὴ
1314 807 1404 848 λίαν
1444 805 1546 849 ὥστε

104 874 207 928 ταχὺ
235 876 302 917 καὶ
333 876 394 916 ἐπὶ
425 875 529 917 πολὺ
557 874 732 926 tumim,
780 874 890 929 μήθ’
928 874 1059 923 οὕτως
1087 873 1267 927 ἀσθενὴς
1306 872 1408 916 ὥστ’
1444 873 1549 916 ἀπο-

105 947 331 997 σβεσθῆναι
360 942 486 996 ταχύ,
516 942 620 985 ἀλλὰ
646 943 792 984 πλείων
823 944 888 986 καὶ
922 942 987 984 ἐπὶ
1013 938 1139 992 πολύ,
1178 939 1266 995 ἅμα
1293 941 1339 983 δὲ
1358 940 1548 984 κάτωθεν

105 1012 315 1067 συμπίπτῃ
346 1009 576 1064 ἀναβαίνειν
603 1009 798 1067 εὔκρατον
827 1010 1119 1063 ἀναθυμίασιν,
1150 1008 1280 1066 ἀστὴρ
1302 1013 1425 1051 τοῦτο
1444 1011 1548 1064 γίνε-

105 1095 174 1120 ται
201 1078 406 1134 κομήτης,
449 1076 562 1126 ὅπως
589 1076 638 1119 ἂν
667 1077 714 1119 τὸ
746 1076 1088 1131 ἀναθυμιώμενον
1117 1076 1218 1133 τύχῃ
1248 1077 1547 1132 ἐσχηματισμέ-

107 1160 200 1188 νον·
230 1146 402 1199 ἒὰνμὲν
430 1144 508 1200 γὰρ
541 1143 674 1201 πάντῃ
706 1143 871 1200 ὁμοίως,
902 1142 1102 1200 κομήτης,
1142 1145 1213 1186 ἐὰν
1243 1144 1284 1187 δ’
1309 1146 1372 1187 ἐπὶ
1400 1150 1546 1200 μῆκος,

106 1217 283 1256 καλεῖται
310 1214 533 1268 πωγωνίας.
601 1215 640 1255 4.
679 1212 834 1271 (Ὠσπερ
877 1212 917 1256 δ’
952 1211 978 1266 ἡ
1014 1211 1184 1267 τοιαύτη
1225 1212 1337 1270 φορὰ
1376 1213 1548 1270 ἀστέρος

106 1280 228 1337 φορὰ
254 1283 370 1324 δοκεῖ
401 1277 526 1333 εἶναι,
584 1279 692 1326 οὕτω
731 1284 796 1325 καὶ
834 1280 860 1337 ἦ
889 1281 995 1336 μονὴ
1034 1279 1060 1336 ἦ
1090 1279 1215 1336 ὁμοία
1244 1280 1414 1336 ἀστέρος
1441 1281 1548 1336 μονὴ

105 1349 220 1391 δοκεῖ
258 1346 372 1392 εἶναι.
429 1351 715 1406 παραπλησίον
751 1349 829 1407 γὰρ
866 1349 914 1392 τὸ
955 1348 1165 1405 γινόμενον
1203 1346 1292 1392 οἷον
1329 1350 1371 1392 εἶ’
1401 1367 1463 1400 τις
1492 1352 1550 1400 εἷς

104 1414 269 1472 ἀχύρων
296 1421 477 1472 θημῶνα
506 1419 572 1460 καὶ
603 1422 766 1473 πλῆθος
797 1417 909 1461 &om
939 1416 1080 1471 δαλόν,
1110 1416 1135 1473 ἢ
1159 1418 1291 1475 πυρὸς
1317 1417 1445 1475 ἀρχὴν
1477 1419 1550 1473 ἔμ-

103 1481 226 1537 βάλοι
241 1485 414 1542 μικράν·
443 1488 629 1543 φαίνεται
657 1486 735 1543 γὰρ
765 1483 888 1540 ὁμοία
917 1487 984 1528 καὶ
1012 1483 1037 1540 ἦ
1062 1490 1144 1528 τῶν
1176 1485 1359 1543 ἀστέρων
1381 1487 1549 1543 διαδρο-

106 1621 206 1674 ipse,
229 1622 429 1675 simulque
444 1637 588 1676 magna
605 1622 711 1663 ae'ris
728 1636 822 1675 pars
842 1623 880 1661 ei
897 1622 1097 1670 continua,
1117 1623 1222 1661 circa
1240 1628 1392 1662 terram
1411 1622 1550 1662 volvi-

109 1695 178 1728 tur
198 1690 243 1729 vi
266 1692 540 1730 conversionis
563 1697 616 1739 et,
647 1704 748 1743 quae
766 1689 865 1728 orbe
884 1689 946 1741 fit,
975 1690 1147 1729 lationis.
1186 1691 1430 1731 Circumlata
1447 1705 1549 1731 vero

110 1763 152 1796 et
176 1757 251 1796 hac
278 1759 436 1797 ratione
458 1765 567 1797 mota
581 1786 595 1806 ‚
632 1771 924 1810 saepenumero
956 1772 1004 1797 eo
1030 1758 1143 1808 loco,
1173 1772 1255 1810 quo
1283 1765 1549 1812 temperatam

110 1838 195 1863 esse
212 1826 446 1877 contigerit,
475 1826 726 1864 incenditur:
758 1826 868 1864 unde
889 1826 1010 1864 etiam
1035 1826 1212 1865 fixarum
1241 1828 1447 1867 stellarum
1466 1827 1550 1866 dis-

111 1906 250 1932 cursus
290 1893 398 1932 effici
438 1894 730 1933 contendimus.
807 1898 847 1933 3.
889 1894 1064 1944 Quando
1095 1895 1220 1946 igitur
1249 1895 1294 1934 in
1324 1895 1408 1934 eius
1439 1895 1552 1934 modi

111 1960 352 1999 condensam
374 1962 580 2001 materiam
606 1962 818 2010 inciderit,
851 1969 1020 2015 propter
1042 1975 1262 2014 corporum
1289 1977 1465 2016 superne
1491 1965 1551 2003 la-

109 2034 245 2068 torum
264 2035 435 2079 motum,
466 2030 712 2082 principium
736 2029 938 2081 quoddam
956 2030 1133 2082 igneum,
1159 2045 1289 2084 neque
1313 2037 1482 2081 tantum,
1506 2037 1553 2070 ut

110 2097 296 2136 celeriter
311 2097 515 2149 ingentem
533 2098 804 2143 incensionem
823 2104 1035 2150 provocet,
1061 2112 1193 2150 neque
1214 2105 1295 2139 tam
1315 2100 1551 2150 invalidum,

111 2170 159 2202 nt
177 2164 256 2203 cito
275 2165 575 2217 exstinguatur,
604 2165 676 2204 sed
697 2167 817 2217 longe
841 2166 1001 2217 lateque
1020 2172 1174 2218 patens,
1191 2168 1392 2220 simulque
1418 2182 1470 2207 ex
1488 2169 1554 2207 in-

114 2231 212 2269 feris
241 2232 471 2284 regionibus
501 2239 766 2285 temperatum
807 2246 1003 2285 vaporem
1040 2234 1285 2274 adscendere
1326 2237 1551 2288 contigerit,

115 2304 269 2336 cometa
285 2298 346 2344 fit,
377 2300 509 2350 quoad
530 2314 656 2352 vapor
675 2302 992 2354 qualemcunque
1012 2301 1182 2353 figuram
1200 2303 1392 2341 sortiatur
1423 2303 1552 2353 [vario

114 2366 278 2405 nomine
296 2366 501 2417 adfectus]
561 2368 718 2418 Quodsi
738 2369 846 2406 enim
864 2382 987 2421 supra
1005 2383 1160 2408 comam
1181 2369 1305 2409 habet
1336 2371 1553 2420 crinita;

116 2433 259 2484 quodsi
276 2433 383 2472 infra
402 2434 446 2471 in
459 2434 751 2491 longitudinem
771 2442 986 2484 extensam,
1016 2437 1140 2475 barb
1152 2451 1174 2476 a
1185 2443 1232 2475 ta
1260 2438 1500 2489 appellatur.
1513 2438 1552 2491 *)

116 2500 157 2540 4.
190 2500 542 2551 Quemadmodum
562 2515 664 2540 vero
686 2503 770 2540 eius
799 2504 912 2541 mod-i
941 2505 1067 2542 motio
1094 2504 1236 2543 sideris
1267 2519 1352 2543 esse
1377 2506 1554 2557 videtur,

114 2568 173 2606 ita
202 2574 243 2607 et
272 2569 388 2607 statio
422 2568 564 2607 sideris
594 2570 734 2608 similis
764 2577 823 2608 est
850 2571 1021 2610 stationi.
1094 2572 1236 2624 Neque
1275 2573 1456 2612 absimile
1483 2582 1555 2624 est,

116 2636 150 2674 si
173 2636 261 2686 quis
277 2636 321 2674 in
339 2649 529 2688 magnum
556 2638 760 2688 palearum
778 2651 969 2676 acervum
988 2638 1116 2677 facem
1135 2647 1203 2679 aut
1219 2640 1329 2680 aliud
1348 2642 1553 2693 quidpiam

116 2703 218 2754 ignis
246 2703 434 2755 exiguum
462 2705 706 2756 principium
733 2705 896 2744 iniiciat.
977 2706 1179 2746 Videntur
1209 2709 1317 2748 enim
1344 2710 1550 2749 stellarum

161 2843 194 2888 ¹⁸⁸)
221 2847 314 2882 Vide
339 2847 646 2884 commentarium.
