1820 3158
111 381 331 426 -p.376‚b.
349 379 514 415 Bekk.—
568 381 742 420 L13,11,
768 379 1010 420 CARVHI,
1037 375 1261 420 -p.350,c.
1279 375 1406 425 casp·
1458 370 1547 412 117

107 493 322 548 ἐπίδηλον,
369 492 588 548 πόρρωθεν
627 491 672 533 δὲ
710 489 872 544 ψυχρὸν
912 489 979 532 διὰ
1019 488 1093 543 τὴν
1128 488 1255 542 αὐτὴν
1292 489 1425 530 αἰτίαν
1454 493 1541 535 τοῖς

108 559 283 614 ἀνέμοις.
340 566 409 603 27.
436 557 741 612 Ἐπιλειπούσης
768 553 840 600 οὖν
868 559 925 607 εἷς
948 557 1021 611 τὴν
1051 560 1124 611 γῆν
1150 559 1223 610 τῆς
1244 554 1436 610 τοιαύτης
1457 556 1528 597 δυ-
1541 560 1595 596 27

108 627 291 681 νὰμεως,
333 631 527 669 συνιοῦσα
558 625 614 668 δι’
646 622 903 682 ὕγρότηταῆ
940 623 1174 678 ἀτμιδώδης
1213 623 1397 679 ἀπορροὴ
1438 629 1547 665 ποιεῖ’

108 694 156 737 τὸ
185 699 341 748 ψῦχος,
382 695 425 736 ἐν
456 691 518 743 οἷς
545 695 756 747 συμβαίνει
785 692 926 741 τόποις
953 694 1138 747 γίνεσθαι
1166 695 1288 734 τοῦτο
1316 690 1363 733 τὸ
1392 690 1541 739 πάθος.

109 769 176 805 28.
214 762 273 804 Τὸ
304 761 347 804 δ’
373 761 472 805 αὐτὸ
504 761 632 803 αἴτιον
661 762 727 803 καὶ
754 764 828 802 τοῦ
858 750 1058 808 εῗωθότος
1086 760 1211 802 ἐνίοτε
1245 761 1596 817 γίνεσθανση-28

106 831 221 883 μείου
252 829 331 885 πρὸ
369 833 452 872 τῶν
481 832 676 882 σεισμῶν·
727 827 753 883 ἢ
781 826 858 884 γὰρ
888 826 993 882 μεθ’
1027 825 1183 883 ἡμέραν
1210 825 1412 882 ἢὲμικρὸν
1440 825 1544 879 μετὰ

107 897 287 951 δυσμάς,
329 898 497 952 αἰθρίας
525 893 672 951 οὔσης,
718 895 902 952 νεφέλιον
939 895 1085 938 λεπτὸν
1122 897 1307 951 φαίνεται
1346 895 1542 936 διατεῖνον

106 967 172 1007 καὶ
189 964 363 1020 μακρόν,
392 962 479 1007 οἷον
504 968 695 1020 γραμμῆς
721 967 852 1017 μῆκος
878 961 1072 1017 εὐθύτητι
1102 962 1439 1018 διηκριβωμένον,
1469 964 1543 1002 τοῦ

104 1031 332 1086 πνεύματος
360 1032 740 1087 ἀπομαραινομένου
771 1029 839 1071 διὰ
866 1029 942 1084 τὴν
968 1030 1230 1083 μετάστασιν.
1289 1037 1358 1073 29.
1393 1030 1453 1072 Τὸ
1486 1029 1595 1071 <5²29

106 1099 249 1154 ὅμοιον
288 1100 499 1153 συμβαίνει
537 1100 604 1140 καὶ
642 1098 685 1140 ἐν
723 1101 774 1153 τῇ
810 1096 1003 1153 θαλάττῃ
1042 1099 1133 1154 περὶ
1171 1097 1269 1147 τοὺς
1309 1096 1539 1154 αἰγιαλούς·

105 1166 205 1209 ὅταν
228 1167 304 1220 μὲν
330 1165 407 1222 γὰρ
435 1167 689 1219 κυμαίνουσα
717 1164 920 1221 ἐκβάλλῃ,
967 1164 1134 1222 σφόδρα
1159 1171 1321 1219 παχεῖαι
1349 1167 1416 1208 καὶ
1444 1179 1542 1207 σκο-

104 1235 388 1289 λιαὶγίνονται
416 1233 458 1274 αἶ
487 1232 696 1290 ῥηγμῖνες,
737 1231 837 1275 ὅταν
866 1232 911 1274 δὲ
938 1231 1092 1287 γαλήνη
1120 1228 1168 1289 ᾗ,
1209 1233 1276 1275 διὰ
1305 1233 1352 1276 τὸ
1387 1232 1540 1288 μικρὰν

102 1305 307 1344 ποιεῖσθαι
334 1299 411 1355 τὴν
440 1300 613 1356 ἔκκρισιν
642 1301 786 1342 λεπταί
819 1301 895 1341 εἶσι
935 1301 1002 1342 καὶ
1042 1300 1212 1343 εὐθεῖαι.
1292 1307 1360 1343 30.
1394 1300 1522 1356 ’Ὀπερ
1542 1307 1594 1342 30

103 1364 175 1411 οὗν
201 1366 227 1423 ἦ
257 1367 448 1411 θάλαττα
481 1374 592 1410 ποιεῖ’
623 1369 713 1423 περὶ
752 1368 828 1422 τὴν
865 1371 963 1423 γῆν,
1013 1372 1135 1410 τοῦτο
1165 1367 1213 1410 τὸ
1250 1353 1408 1422 πνεῦμα
1448 1369 1537 1423 περὶ

101 1436 176 1492 τὴν
204 1437 246 1478 ἓν
273 1440 332 1493 τῷ
360 1435 448 1491 ἀέρι
477 1435 628 1488 ἀχλύν,
668 1435 779 1478 ὥσθ’
815 1435 914 1479 ὅταν
942 1435 1104 1490 γένηται
1134 1437 1323 1489 νηνεμία,
1367 1435 1539 1489 πάμπαν

101 1504 265 1546 εὐθεῖαν
288 1504 355 1545 καὶ
376 1502 524 1557 λεπτὴν
547 1505 863 1545 καταλείπεσθαι
893 1501 1028 1558 ὥσπερ
1059 1502 1232 1558 ῥηγμῖνα
1263 1497 1390 1544 οὖσαν
1420 1503 1539 1558 ἀέρος

100 1570 176 1626 τὴν
193 1570 374 1627 νεφέλην.
434 1578 501 1612 31.
533 1570 618 1612 Διὰ
635 1575 767 1612 ταῦτα
792 1571 835 1612 δὲ
864 1571 929 1611 καὶ
957 1570 1047 1625 περὶ
1074 1569 1150 1618 τὰς
1176 1570 1374 1623 ἐκλείψεις
1403 1570 1527 1612 ἐνίοτε
1539 1577 1586 1612 31

102 1643 176 1692 τῆς
205 1637 374 1691 σελήνης
403 1639 614 1690 συμβαίνει
651 1639 834 1691 γίνεσθαι
863 1635 1048 1689 σεισμόν·
1091 1635 1190 1678 ὅταν
1219 1636 1296 1691 γὰρ
1323 1636 1404 1690 ἤδη
1433 1640 1538 1691 πλη-

103 1773 187 1812 eius
211 1772 322 1811 modi
346 1773 569 1824 loquimur,
608 1787 708 1825 quae
734 1772 870 1813 hiante
901 1773 1020 1824 magis
1048 1786 1120 1812 ore
1147 1774 1426 1819 enuntiamus,
1467 1772 1536 1811 sed

102 1842 153 1879 ob
172 1841 356 1892 exiguam
378 1841 531 1892 copiam
548 1854 631 1879 non
652 1854 776 1892 aeque
796 1841 1030 1893 percipitur.
1087 1842 1121 1879 E
1155 1834 1371 1892 longinquo
1402 1846 1533 1879 autem

99 1907 267 1959 frigidus
298 1913 357 1945 est
386 1907 438 1945 ob
469 1908 635 1946 eandem
661 1921 842 1955 causam,
872 1909 924 1946 ob
947 1921 1064 1959 quam
1090 1914 1130 1946 et
1158 1909 1284 1947 venti.
1346 1911 1413 1947 27.
1443 1908 1534 1946 Tali

99 1976 221 2027 igitur
267 1975 455 2014 facultate
496 1976 538 2014 in
574 1982 726 2014 terram
768 1975 1001 2025 secedente,
1045 1989 1245 2027 vaporosa
1277 1974 1445 2014 effluxio
1482 1975 1534 2013 ob

98 2042 313 2081 humorem
347 2042 501 2092 coiens,
538 2043 581 2081 in
607 2044 658 2082 iis
684 2043 801 2093 locis,
858 2044 1001 2095 quibus
1028 2043 1278 2082 affectionem
1318 2042 1422 2082 hanc
1448 2043 1532 2095 pati

99 2109 311 2161 contingit,
340 2109 466 2161 frigus
486 2109 658 2149 adducit.
718 2114 788 2150 28.
819 2111 972 2149 Eadem
997 2123 1098 2149 vero
1123 2111 1243 2149 etiam
1267 2124 1383 2149 causa
1403 2116 1464 2149 est
1492 2117 1533 2149 et

99 2178 183 2215 eius
199 2177 351 2226 indicii,
381 2177 488 2228 quod
509 2184 639 2216 terrae
657 2184 789 2216 motus
808 2178 1045 2216 antecedere
1063 2179 1284 2217 consuevit.
1322 2179 1406 2217 Aut
1423 2179 1530 2216 enim

98 2242 298 2292 interdiu,
327 2250 395 2282 aut
411 2244 547 2294 paullo
569 2251 659 2295 post
682 2259 865 2284 occasum
889 2259 1031 2284 sereno
1051 2251 1235 2297 tempore
1254 2246 1386 2283 tenuis
1402 2245 1531 2283 nube-

100 2310 188 2348 cula
205 2315 366 2347 extenta
382 2310 426 2348 in
442 2311 606 2361 longum
626 2319 815 2363 apparet,
842 2314 972 2352 lineae
990 2313 1116 2350 instar
1142 2311 1427 2350 rectitudinem
1456 2325 1530 2350 ex-

101 2377 284 2428 quisitam
303 2375 498 2425 habentis,
526 2378 632 2428 quod
641 2366 819 2430 'spiritus
836 2380 888 2418 ob
908 2379 988 2417 loci
1014 2380 1278 2417 mutationem
1303 2379 1530 2430 languescit.

101 2449 164 2484 29.
196 2443 337 2482 Simile
351 2450 488 2491 >autem
513 2444 702 2494 quiddam
722 2447 822 2485 etin
842 2447 965 2485 maris
984 2446 1188 2484 littoribus
1217 2446 1371 2485 accidit.
1426 2447 1526 2485 Cum

100 2511 207 2550 enim
226 2511 424 2549 fluctuans
443 2512 631 2559 exundat,
650 2512 770 2551 valde
787 2514 908 2552 crassi
928 2518 968 2551 et
982 2513 1136 2563 obliqui
1150 2512 1295 2551 fluctus
1310 2513 1529 2564 appellunt.

99 2579 202 2618 Cum
222 2592 323 2618 vero
343 2578 602 2628 tranquillum
622 2586 700 2621 est,
739 2592 831 2618 cum
858 2581 1002 2631 exigua
1029 2580 1080 2617 sit
1110 2579 1276 2618 effluxio
1286 2608 1299 2626 ,
1329 2586 1469 2619 tenues
1488 2587 1528 2619 et

98 2646 210 2685 recti.
276 2649 344 2684 30.
377 2644 499 2694 Quod
530 2645 649 2695 igitur
674 2659 786 2684 mare
805 2647 848 2684 in
865 2653 995 2694 terra,
1024 2646 1066 2683 id
1084 2647 1247 2697 spiritus
1265 2647 1306 2684 iu
1327 2650 1431 2686 aeris
1450 2662 1525 2686 ne-

99 2713 191 2751 bula
210 2711 356 2761 efficit,
384 2712 438 2750 ita
458 2718 503 2750 ut
527 2725 619 2750 cum
639 2712 744 2751 agris
762 2713 1026 2764 tranquillitas
1046 2714 1181 2762 fuerit,
1207 2719 1318 2752 recta
1337 2721 1376 2753 et
1393 2717 1525 2754 tenuis

99 2779 313 2824 nubecula,
343 2779 470 2817 veluti
491 2779 652 2829 quidam
670 2780 774 2818 atris
795 2781 1001 2832 appellens
1019 2779 1184 2826 fluctus,
1213 2780 1522 2835 derelinquatur.

102 2849 166 2885 31.
195 2846 261 2885 Ob
285 2845 361 2883 hoc
382 2859 481 2884 vero
507 2848 625 2886 etiam
650 2847 816 2893 accidit,
844 2854 891 2887 ut
912 2848 1015 2887 circa
1041 2847 1158 2886 lunae
1188 2847 1366 2890 defectus
1392 2858 1523 2889 terrae
