1774 3198
428 367 649 408 LIBRUM
677 364 1005 406 SECUNDUM.
1064 361 1182 404 CAP.
1210 366 1239 404 I.
1399 364 1402 369 '
1472 354 1566 399 497

126 482 320 537 (χρῶνται
350 479 426 535 γὰρ
457 481 524 521 καὶ
556 479 594 520 οἳ
624 476 911 535 κωμῳδοποιοὶ
944 480 1200 530 μεταφοραῖς
1212 475 1251 528 )«,
1282 473 1325 515 αἱ
1353 474 1398 515 δὲ
1429 473 1497 516 διὰ
1525 473 1572 515 τὸ

127 549 274 603 σεμνὸν
306 547 408 603 ἄγαν
445 548 512 589 καὶ
543 544 746 602 τραγικόν.
787 568 841 575 —
899 546 1000 587 Inde
1032 544 1179 583 dicitur
1213 546 1412 597 τραγικῶς
1447 541 1571 597 λέγειν

126 620 202 658 cfr.
231 620 331 658 Ast
358 617 410 656 ad
438 618 639 657 Platon.
669 616 798 654 Polit.
823 615 900 661 ΙΙΙ,
925 618 990 654 19.
1021 627 1062 665 p.
1085 612 1182 661 472,
1209 612 1306 651 inde
1334 610 1472 663 σεμνοὶ
1501 608 1572 652 λό-

126 700 215 739 γοι,
255 687 323 738 qui
358 685 457 737 quid
485 684 709 737 significent
738 683 915 735 explicat
951 682 1086 721 Gell.
1117 681 1243 719 Noct.
1262 681 1355 719 Act.
1385 681 1471 727 IX,
1505 683 1570 719 10.

126 755 222 793 Non
254 753 444 792 absimilis
478 752 650 804 denique
681 757 739 790 est
767 764 864 790 usus
895 749 1015 789 verbi
1053 744 1278 800 σεμνύνειν,
1326 761 1447 800 quem
1482 755 1575 800 post

127 823 411 862 Valkenar.
441 820 493 859 ad
519 821 700 872 Eurip.
742 815 956 869 Ηίρροζγι.
996 830 1038 868 p.
1074 820 1171 856 176.
1215 814 1491 868 Spanhem.
1523 815 1574 854 ad

126 890 315 930 Iulian.
344 890 514 928 Caesar.
543 902 585 941 p.
608 888 661 928 54
691 886 755 926 ed.
778 887 931 935 Herus.
963 885 1156 937 explicuit
1184 884 1372 923 Stallb.
1391 883 1442 922 ad
1465 884 1575 923 Pla-

126 964 230 996 ton.
261 956 424 994 Phileb.
452 970 490 1009 Ρ.
503 958 570 997 75.
589 978 647 986 —
676 946 789 995 οὗτοι
808 967 883 1006 pro
907 950 1015 993 οὕτω
1042 953 1093 992 Α.
1112 954 1182 992 Er.
1211 974 1267 981 —
1305 949 1401 1005 περί
1425 965 1505 990 om.
1525 952 1574 990 E.

129 1049 180 1055 -—
215 1021 454 1064 συνεστάναι
474 1026 523 1064 F.
544 1025 597 1063 N.
614 1046 670 1054 -
700 1020 855 1063 οἴονται
876 1035 954 1074 pro
977 1015 1033 1067 ὧς
1055 1016 1156 1059 ὄντα
1183 1020 1234 1059 Α.
1272 1022 1366 1072 Bag.
1391 1020 1435 1058 in
1466 1032 1576 1058 mar-

126 1094 219 1145 gine
249 1093 299 1131 al.
326 1098 539 1144 putant,
567 1092 768 1143 cumipse
798 1095 934 1129 vertat
961 1095 1204 1139 tanquam
1237 1087 1574 1126 existentem.

126 1184 183 1190 —
232 1159 332 1198 Ges
345 1172 386 1197 n.
424 1159 602 1198 scribere
630 1159 764 1198 voluit
791 1155 884 1211 περὶ
910 1152 1069 1196 τούτων
1099 1155 1296 1207 συστῆναι
1324 1151 1397 1194 τὸν
1426 1148 1576 1193 τούτου

122 1225 268 1281 χάριν·
325 1223 430 1266 ὥστε
468 1222 621 1266 οἷὀνται
659 1220 907 1277 τιμιώτατον
950 1221 1016 1262 καὶ
1056 1219 1210 1275 ἀρχήν,
1259 1221 1366 1273 quod
1396 1235 1480 1261 non
1510 1222 1576 1260 in-

126 1296 274 1348 telligo.

239 1366 278 1402 3.
315 1357 534 1415 σοφότεροι
567 1362 737 1414 Olymp.
765 1359 877 1399 Aldi.
919 1380 974 1386 —-
1021 1352 1094 1409 τὴν
1124 1353 1393 1411 ἀνθρωπίνην
1426 1357 1575 1412 σοφίαν

125 1430 356 1484 oppositum
387 1435 448 1468 est
467 1429 606 1468 verbis
633 1427 725 1482 περὶ
753 1424 829 1474 τὰς
857 1423 1087 1478 θεολογίας.
1117 1447 1174 1453 -
1203 1424 1496 1479 ξηραινομένην
1525 1427 1576 1465 ad

125 1501 199 1553 γῆν
228 1499 403 1538 relatum
435 1497 588 1548 Olym
599 1510 641 1548 p.
672 1496 744 1535 fol.
766 1498 834 1542 28,
853 1494 893 1533 b.
917 1515 970 1522 —
1000 1495 1098 1532 Post
1126 1492 1196 1533 καί
1222 1494 1367 1546 supple
1384 1491 1436 1533 τὰ
1455 1492 1575 1534 πνεύ-

125 1581 249 1618 ματα.
306 1566 441 1606 Etiam
469 1565 810 1615 Anaxagoras
839 1562 934 1601 solis
957 1563 1158 1613 lunaeque
1184 1562 1470 1601 conversiones
1492 1562 1578 1602 atri

126 1647 356 1686 compresso
382 1639 422 1672 et
450 1631 694 1670 condensato
722 1630 881 1670 tribuit.
940 1629 1026 1669 Cfr.
1056 1628 1376 1668 Schaubach.
1403 1630 1575 1683 fragm.

127 1704 332 1754 Anaxag.
360 1715 400 1754 p.
425 1703 506 1740 169
531 1713 616 1752 sqq.
672 1699 804 1750 Magis
824 1698 943 1737 etiam
965 1710 1057 1736 cum
1079 1703 1220 1736 nostro
1236 1698 1329 1736 loco
1350 1705 1579 1750 congruunt

126 1771 255 1810 verba
284 1768 635 1821 Hippocratis
673 1767 723 1804 de
746 1768 852 1818 flat.
885 1766 993 1817 Opp.
1022 1771 1119 1804 sect.
1142 1767 1212 1806 ΠΙ.
1241 1780 1282 1817 p.
1306 1769 1386 1816 79,
1415 1770 1479 1805 30.
1511 1767 1575 1805 ed.

126 1841 160 1879 F
174 1853 198 1876 o
211 1837 277 1877 δε.
310 1835 448 1890 (1595.
468 1832 557 1887 fol.)
588 1830 693 1873 ἀλλὰ
713 1831 795 1886 μὴν
815 1832 882 1873 καὶ
900 1828 1019 1886 ἡλίου
1040 1832 1105 1873 καὶ
1128 1828 1298 1885 σελήνης
1326 1832 1392 1872 καὶ
1414 1829 1578 1886 ἄστρων

128 1902 224 1952 ὁδὸς
242 1901 310 1945 διὰ
328 1904 402 1944 τοῦ
423 1898 656 1954 πνεύματός
674 1899 759 1941 ἔστι
769 1900 822 1955 ⁸).
836 1923 893 1931 -—-
921 1898 1066 1941 λοιπόν
1094 1914 1172 1953 pro
1193 1895 1426 1955 λειφθένΑ.
1439 1924 1494 1931 -—
1511 1904 1578 1941 Ex

126 1974 268 2015 verbis
293 1971 319 2012 ὃ
330 1987 343 2010 ι
356 1968 376 2011 ὃ
399 1997 509 2010 .....
532 1968 588 2021 ζη
602 1983 625 2023 ρ
639 1966 664 2008 ά
674 1963 704 2009 νῪ
714 1970 987 2022 intelligimus,
1007 1970 1085 2007 iam
1107 1974 1200 2007 ante
1219 1970 1256 2007 A
1267 1970 1342 2008 ris
1354 1975 1371 2006 t
1382 1983 1406 2007 o
1418 1975 1435 2007 t
1445 1969 1525 2008 ele
1535 1984 1577 2008 m

127 2040 376 2095 propositam
401 2039 523 2078 fuisse
551 2038 815 2087 sententiam,
854 2038 977 2076 maris
1007 2050 1126 2089 aquas
1163 2037 1355 2076 continuo
1394 2037 1579 2088 diminui,

128 2123 247 2161 quam
286 2114 421 2147 tamen
457 2107 702 2158 argumentis
739 2105 981 2144 labefactare
1019 2110 1197 2143 conatur.
1268 2106 1362 2156 Ipse
1401 2105 1578 2156 quidem,

130 2177 315 2229 quamvis
346 2173 539 2213 concedat
570 2174 636 2212 hic
661 2174 782 2212 litora
810 2172 926 2211 erodi
952 2179 992 2211 et
1017 2187 1129 2211 mare
1154 2174 1197 2210 in
1216 2178 1345 2210 terras
1373 2171 1577 2224 incedere,
1597 2171 1600 2174 ¹

129 2245 214 2283 illie
241 2249 376 2281 terrae
403 2241 621 2293 particulas
641 2241 757 2290 addi,
786 2246 906 2291 atque
926 2241 982 2278 ita
1010 2240 1201 2278 continuo
1229 2240 1404 2277 formam
1433 2253 1580 2291 super-

131 2311 239 2350 ficiei
264 2310 422 2349 telluris
447 2309 674 2357 immutari,
713 2302 850 2346 censet
879 2313 1014 2345 tamen
1042 2306 1358 2358 magnitudinem
1389 2308 1511 2346 maris
1539 2314 1580 2345 et

131 2378 287 2419 telluris
305 2378 348 2415 in
363 2377 600 2415 universum
619 2375 787 2413 eandem
807 2388 972 2413 manere
992 2380 1033 2412 et
1050 2375 1240 2412 tellurem
1267 2373 1312 2412 id
1336 2388 1580 2426 recuperare

133 2462 156 2486 a
176 2445 290 2494 mari,
321 2443 430 2495 quod
446 2443 688 2496 perdiderit,
719 2456 831 2480 mare
848 2454 870 2480 a
889 2448 1012 2480 terra.
1069 2442 1127 2480 At
1147 2442 1345 2480 acutiores
1363 2441 1438 2481 hac
1464 2442 1515 2480 de
1532 2456 1581 2481 re

135 2512 423 2566 disputationes
453 2512 563 2564 apud
588 2517 749 2551 veteres
782 2510 1000 2561 scriptores
1026 2522 1110 2548 non
1138 2510 1386 2561 reperimus,
1424 2523 1476 2548 ne
1500 2511 1580 2550 illis

182 2634 217 2678 ²⁸)
240 2636 299 2669 De
322 2640 400 2668 toto
429 2635 513 2668 loco
540 2634 608 2668 cfr.
634 2635 813 2667 Meteoroz.
839 2639 905 2666 vet.
930 2634 991 2667 Gr.
1018 2638 1049 2665 et
1072 2634 1170 2665 Rom.
1196 2633 1324 2665 Ιηίνοιῖ.
1349 2638 1422 2666 not.
1433 2636 1467 2668 7.
1493 2645 1528 2678 p.
1542 2634 1576 2668 6.

226 2693 307 2739 Qua
328 2691 367 2725 in
387 2698 471 2726 nota
496 2702 575 2725 cum
600 2695 789 2724 tractarem
803 2687 922 2723 *etiam
945 2687 1209 2723 Plutarchi
1239 2689 1359 2723 locum
1383 2691 1425 2723 de
1445 2690 1520 2732 sac.
1545 2693 1577 2724 in

228 2752 304 2783 orbe
327 2753 394 2783 lun.
420 2761 454 2792 p.
479 2749 547 2784 923
572 2746 600 2781 C
614 2773 625 2790 ,
656 2746 694 2780 in
719 2756 791 2792 quo
814 2745 968 2792 vestigia
989 2746 1216 2789 reperiuntur
1238 2746 1438 2790 systematis
1459 2747 1579 2794 gravi-

227 2805 370 2839 tationis
394 2816 414 2838 a
437 2806 662 2839 Newtono
687 2802 882 2848 propositi:
909 2813 984 2837 non
1001 2803 1172 2837 debebam
1192 2802 1368 2846 omittere,
1392 2815 1482 2849 quae
1506 2804 1577 2837 dis-

229 2861 340 2897 seruit
361 2862 486 2896 Bake
511 2862 556 2896 ad
582 2861 813 2896 Cleomed.
836 2872 872 2904 p.
897 2860 978 2894 276.
1072 2911 1119 2946 3¹)

895 2991 918 3015 s*
1446 2973 1472 3012 Χ
