1760 3138
482 303 704 344 LIBRUM
732 301 973 344 PRIMUM.
1043 246 1158 343 gAP.
1189 304 1220 344 1.
1495 295 1588 339 321

149 431 219 457 νον
249 418 370 469 σῶμα
397 413 476 457 ὑπὸ
516 419 590 471 τῆς
629 413 802 469 ἐσχάτης
841 412 1088 471 περιφορᾶς·
1137 414 1184 456 τὸ
1214 413 1292 471 γὰρ
1321 413 1417 457 ὅλον
1447 416 1512 457 καὶ
1544 432 1589 460 το

148 486 230 524 πᾶν
265 481 470 537 εἰώθαμεν
509 484 633 539 λέγειν
672 480 845 537 οὐρανόν
893 482 999 537 (qua
1037 485 1264 537 posteriore
1304 485 1591 538 significatione

149 567 245 592 usus
274 555 396 592 etiam
425 559 485 592 est
520 555 667 592 Plato
698 555 864 592 Potitio.
899 566 940 604 p.
973 557 1039 592 30.
1082 553 1146 592 ed.
1175 551 1411 607 Bipont).
1469 556 1591 610 Astra

147 621 215 658 illa
242 627 336 660 sunt
362 622 572 673 planetae,
612 620 721 673 quod
750 621 882 659 elucet
910 634 962 658 ex
989 621 1095 660 libro
1123 622 1184 670 ΙΙ,
1218 625 1270 660 12
1287 628 1418 681 extr.²
1448 624 1492 662 in
1521 638 1592 662 sua

148 689 317 740 quisque
343 687 514 741 sphaera
539 689 744 737 adornati,
773 689 1042 740 cuiuscunque
1062 689 1171 728 aliud
1189 695 1249 728 est
1268 689 1442 739 initium,
1473 705 1590 742 quam

145 757 299 808 primae
328 763 369 795 et
394 771 614 809 supremae
638 754 730 808 (τοῦ
758 751 925 810 πρώτου
956 754 1306 809 στοιχειόυ),,(1υει
1324 758 1462 797 stellae
1483 758 1590 799 fixae

144 823 346 864 feruntur.
391 826 497 864 Istae
517 824 625 864 enim
647 824 839 877 sphaerae
857 824 971 862 annis
996 825 1158 875 singulis
1182 838 1343 863 cursum
1363 825 1589 874 absolvunt,

144 891 194 928 ab
218 891 427 931 occidente
455 893 654 931 orientem
683 906 825 932 versus
848 898 1083 944 pergentes;
1115 893 1247 944 prima
1273 893 1342 931 illa
1363 894 1412 932 ab
1434 895 1590 947 oriente

145 972 229 996 uno
263 961 408 1010 quovis
439 960 505 999 die
534 974 626 999 orsa
663 960 862 999 orientem
900 960 1014 1012 petit.
1081 960 1140 999 At
1179 960 1255 998 sibi
1292 974 1376 999 non
1415 963 1591 1002 constitit

145 1025 309 1065 Arist.
326 1042 336 1076 3
373 1027 580 1067 interdum
610 1029 717 1066 enim
747 1028 865 1066 etiam
902 1028 1028 1065 solem
1058 1027 1314 1080 planetasque
1349 1029 1471 1068 simul
1497 1044 1588 1068 cum

144 1094 270 1132 stellis
290 1094 382 1133 fixis
403 1096 581 1147 quotidie
600 1095 814 1146 circumagi
833 1094 997 1143 censuit,
1021 1099 1068 1131 ut
1087 1094 1248 1144 Physic.
1266 1096 1449 1135 Auscult.
1473 1099 1589 1147 VIII,

149 1165 173 1199 6
188 1168 293 1201 extr.
315 1161 452 1215 (quem
468 1165 601 1202 locum
625 1164 742 1201 etiam
770 1162 1072 1214 Simplicius
1095 1162 1309 1200 Comment.
1325 1166 1368 1202 in
1382 1164 1500 1216 Phys.
1514 1166 1587 1204 fol.

145 1229 240 1278 294,
253 1229 279 1268 b
297 1230 351 1268 ita
370 1228 598 1283 intellexit).
640 1229 844 1282 Sphaerae
865 1231 962 1268 istae
981 1230 1067 1268 sive
1087 1229 1217 1279 orbes,
1237 1231 1335 1269 aliae
1354 1245 1476 1284 supra
1493 1234 1589 1272 alias

143 1297 379 1347 collocatae,
408 1304 560 1337 terram
581 1298 783 1348 ambiunt,
811 1298 931 1349 inque
952 1298 1001 1336 iis
1022 1297 1152 1336 sidera
1182 1304 1268 1337 tum
1295 1298 1377 1337 fixa
1404 1307 1491 1338 tum
1519 1315 1587 1340 er-

140 1356 269 1404 rantia
290 1365 487 1406 residunt.
519 1367 795 1418 Unaquaeque
814 1379 866 1404 ex
885 1365 966 1404 illis
984 1365 1205 1404 secundum
1230 1367 1379 1406 Arist
1391 1375 1442 1406 ot
1455 1369 1587 1408 elem

141 1439 200 1471 est
227 1446 373 1485 corpus
398 1434 585 1487 aliquod3
615 1435 664 1472 de
681 1435 776 1472 coel.
807 1435 870 1482 ΙΙ,
903 1437 954 1472 12
977 1440 1080 1471 extr.
1114 1428 1262 1485 ἑκάστη
1288 1438 1445 1487 σφαῖρα
1468 1437 1587 1486 σῶμα

140 1496 325 1552 τυγχάνει
346 1497 406 1540 ὅν.
464 1502 524 1540 Ut
547 1501 597 1540 ad
615 1508 798 1540 nostrum
818 1501 941 1552 igitur
959 1502 1092 1539 locum
1113 1502 1338 1551 redeamus,
1369 1497 1389 1541 ὃ
1409 1505 1587 1554 γειτνιῶν

141 1563 320 1617 μάλιστα
348 1564 473 1615 τόπος
499 1570 550 1622 τῇ
582 1570 693 1624 φορᾷ
722 1570 804 1607 τῶν
836 1564 999 1620 ἄστρων
1024 1574 1098 1605 -est
1125 1569 1258 1615 locus,
1303 1581 1422 1618 quem
1460 1571 1586 1610 altera

140 1634 428 1685 significatione
456 1637 611 1674 coelum
640 1636 823 1684 vocavit,
866 1630 887 1673 ὃ
921 1631 1087 1685 συνεχὴς
1115 1635 1167 1688 τῇ
1201 1631 1353 1688 ἐσχάτῃ
1382 1640 1586 1695 περιφορᾷ

142 1703 216 1740 τοῦ
237 1699 619 1748 namna—Verba
639 1699 718 1742 ὅσα
736 1717 777 1742 τε
795 1700 964 1754 θείημεν
984 1698 1034 1741 ἂν
1055 1697 1176 1755 ἀέρος
1204 1697 1303 1741 εἶναι
1332 1701 1447 1743 κοινὰ
1466 1703 1584 1758 πάθη

142 1767 210 1808 καὶ
248 1765 401 1816 ὓδατος
436 1770 487 1808 ad
525 1767 720 1824 ἐμφάσεις
762 1776 802 1809 et
837 1766 1052 1823 διαφάσεις
1087 1776 1267 1821 spectare
1312 1778 1455 1822 putant
1492 1787 1584 1813 cum

142 1837 477 1886 Alexandro,
506 1837 832 1889 Philoponus
861 1843 900 1875 et
919 1838 1122 1888 Olymp.
1180 1838 1421 1889 Perperam:
1452 1842 1585 1880 omnia

141 1905 271 1954 enim,
302 1919 403 1957 quae
423 1904 569 1945 deinde
589 1911 771 1944 recenset
793 1905 1094 1957 phaenomena,
1125 1905 1327 1943 communi
1351 1906 1452 1946 fiunt
1480 1908 1584 1948 ae'ris

141 1979 183 2011 et
207 1986 331 2024 aquae
352 1973 495 2011 affectu
515 1972 542 2011 i.
565 1986 596 2010 e.
616 1972 660 2010 in
678 1973 748 2011 illo
769 1974 879 2022 loco,
908 1973 975 2025 qui
997 1972 1140 2023 procu]
1156 1968 1278 2011 vdistat
1297 1987 1320 2011 a
1339 1974 1474 2025 primo
1499 1976 1583 2013 ele-

141 2046 290 2088 mento,
322 2034 362 2078 et
381 2054 479 2093 aqua
504 2046 544 2078 et
564 2044 657 2079 aere
677 2041 855 2093 repletus
878 2046 947 2079 est.
979 2036 1057 2088 ὅσα
1069 2035 1285 2091 Οεθειήμεν
1303 2042 1435 2080 voluit
1454 2042 1506 2081 G.
1532 2065 1579 2071 -

143 2108 277 2146 Semel
304 2107 378 2146 hac
406 2108 611 2147 occasione
640 2114 802 2160 tangere
819 2109 1008 2147 volumus
1030 2107 1265 2150 discrimen,
1297 2108 1405 2159 quod
1425 2115 1582 2148 veteres

143 2175 366 2213 statuebant
398 2176 505 2214 inter
538 2171 761 2228 φαινόμενα
789 2171 891 2215 καθ’
925 2170 1150 2214 ὑπόστασιν
1180 2180 1220 2212 et
1242 2188 1354 2227 φαιν.
1393 2172 1486 2213 κατ>
1511 2172 1582 2227 ἴμ-

145 2253 270 2294 φασιν
299 2242 385 2279 sive
414 2238 607 2295 διάφασιν
646 2241 941 2291 (Plutarch.
975 2243 1090 2280 Ptac.
1112 2240 1216 2291 phil.
1245 2242 1332 2289 III,
1365 2242 1400 2280 4.
1441 2243 1577 2283 Stob.

145 2310 288 2357 Eelog.
315 2307 432 2359 phys.
461 2310 493 2357 I,
515 2313 578 2347 31.
606 2322 648 2360 p.
671 2308 791 2361 612),
821 2323 992 2361 quorum
1023 2309 1158 2359 priora
1187 2309 1379 2348 Seneca
1413 2310 1576 2359 thaest.

144 2386 224 2416 nat.
246 2377 279 2425 I,
305 2378 369 2422 15,
394 2379 416 2413 6
444 2382 574 2423 vocat,
607 2377 749 2427 quibus
770 2385 880 2414 certa
898 2385 955 2413 est
971 2375 1215 2413 substantia.
1246 2397 1303 2403 —
1339 2378 1442 2415 Mox
1462 2378 1578 2418 codd.

144 2447 191 2484 F.
216 2445 270 2482 H.
295 2444 362 2489 N„
393 2439 470 2482 ὅσα
497 2440 600 2495 μέρη
631 2441 697 2482 καὶ
726 2440 811 2494 εἶ’δη
841 2442 907 2482 καὶ
936 2438 1054 2493 πάθη
1086 2448 1126 2480 et
1158 2440 1215 2480 ita
1240 2443 1287 2481 P.
1317 2443 1357 2480 S.
1385 2443 1470 2482 cas.
1498 2446 1577 2484 alii.

144 2513 249 2551 Cum
268 2511 474 2560 Bekkero‚
503 2510 716 2549 lectionem
742 2509 830 2548 cod.
848 2512 882 2549 E
906 2515 1061 2558 secum,
1091 2509 1243 2548 faciunt
1269 2511 1321 2548 A.
1340 2511 1447 2549 Cam.
1484 2514 1577 2564 Bag.

147 2593 238 2617 cum
267 2584 419 2618 vertat:
458 2578 609 2616 Adhuc
632 2586 765 2615 autern
794 2584 925 2614 terrae
949 2590 1202 2628 quaecunque
1221 2579 1366 2627 species·
1387 2587 1424 2616 et
1435 2588 1577 2629 partes

149 2653 188 2682 et
213 2649 421 2694 passiones
442 2648 645 2695 partiam.
704 2645 855 2695 Quales
882 2644 961 2681 sint
991 2644 1088 2681 istae
1118 2650 1249 2681 terrae
1280 2644 1431 2695 species
1463 2646 1579 2685 docet

135 2712 314 2755 ,Alexa
358 2709 443 2764 εἴδη
476 2710 521 2751 δὲ
549 2709 594 2751 τὸ
614 2709 688 2764 τὴν
705 2710 780 2763 μὲν
803 2707 929 2762 αὐτῆς
956 2703 1054 2749 εἶναι
1081 2705 1286 2762 ὕπαντρόν
1314 2720 1357 2749 τε
1383 2710 1449 2751 καὶ
1473 2709 1577 2763 χαῦ-

150 2793 247 2829 νην,
286 2775 361 2831 τὴν
390 2777 435 2818 δὲ
463 2776 627 2833 στερεάν
654 2794 696 2818 τε
726 2777 791 2818 καὶ
820 2774 1114 2828 πεπιλημένην,
1154 2775 1219 2816 καὶ
1249 2774 1292 2816 εἷ’
1320 2791 1423 2825 τινες
1459 2776 1575 2819 ἄλλαι

1071 2837 1121 2872 21
