1774 3198
307 332 399 374 642
613 341 883 379 ADDENDA
914 341 984 380 ΕΤ
1014 342 1384 384 CORRIGENDA.

391 448 418 489 ι,
443 449 475 483 5.
501 461 534 492 p.
548 448 602 483 56.
647 449 750 494 Quod
772 448 863 483 idem
885 450 1110 485 Patricius
1132 451 1180 486 ait
1200 441 1265 487 xi.
1294 454 1323 494 1,
1348 451 1383 486 4.
1414 465 1449 497 p.
1472 454 1514 488 41
1562 455 1692 492 cice-

393 515 552 538 ronem
585 506 626 537 de
645 506 709 547 fin.
740 502 797 549 V,
821 504 865 547 4,
893 508 937 540 10
962 507 1104 541 laudare
1126 508 1335 542 anatomicos
1365 508 1471 543 libros
1493 509 1529 544 in
1554 501 1691 546 verbis:

397 563 581 593 Perse-cuius
598 568 644 593 est
657 563 844 594 Aristoteles
868 563 1073 595 animantium
1098 566 1233 596 omnium
1253 571 1350 606 orius,
1374 567 1488 608 victus,
1510 565 1602 608 sign
1615 580 1693 610 ras,

392 615 427 647 id
454 614 593 650 minime
618 622 748 651 certum
773 622 835 651 est.
883 616 923 649 In
946 617 1088 652 historia
1113 618 1204 652 enim
1230 619 1423 653 animalium
1445 622 1570 667 figuras
1594 623 1695 657 eliam

394 682 433 704 ac
455 672 602 705 formam
626 678 827 716 persecutus
850 678 912 708 est.
948 673 1013 706 cfr.
1036 673 1168 707 Stahr
1189 677 1354 709 Aristotel.
1381 677 1425 710 ΙΙ.
1446 688 1480 720 p.
1506 678 1607 719 158),
1635 680 1695 712 sed

393 727 434 759 ad
462 727 671 762 anatomicas
697 728 838 762 omnino
864 727 1117 772 disquisitiones
1147 736 1324 773 provocat.
1370 733 1448 777 Quo
1480 733 1583 766 etiam
1618 745 1697 778 spe-

393 787 484 815 etant
506 784 613 817 verba
638 783 789 817 eiusdem
816 784 924 817 libelli
947 796 978 819 c.
1003 787 1034 819 3.
1058 797 1094 829 p.
1107 785 1183 826 482,
1204 787 1245 819 b:
1270 783 1386 821 ταῦτα
1408 788 1476 831 μὲν
1502 785 1696 834 οἰκειοτέρα

393 847 465 871 πως
492 837 565 871 τοῖς
590 842 671 882 περὶ
696 836 760 872 τοὶς
781 836 937 882 τροφοῖς,
961 851 1006 874 ex
1030 840 1171 885 quibus,
1192 840 1258 874 nisi
1281 842 1418 876 aliunde
1441 850 1571 878 certum
1597 851 1697 885 esset,

393 891 614 927 Aristotelem
639 894 764 927 librum
787 895 830 927 de
854 894 1022 930 alimentis
1049 896 1284 943 composuisse
1320 897 1405 941 (cfr.
1431 898 1623 934 Comment.
1655 902 1696 934 ad

393 949 456 991 IV,
479 951 513 991 2,
531 948 565 991 6)
591 959 663 982 nou
685 951 850 990 eluceret,
876 950 949 984 eius
970 952 1063 986 modi
1086 951 1212 985 librum
1238 963 1277 986 re
1300 964 1385 987 vera
1408 954 1581 988 exstitisse
1607 954 1697 997 (cfr.

393 1003 554 1038 Addend.
578 1006 620 1038 ad
643 1016 677 1048 p.
693 1007 758 1040 ·13.
780 1011 852 1039 not.
863 1005 914 1048 ff).
958 1007 1050 1041 Hinc
1079 999 1180 1041 etiam
1203 1013 1320 1051 patet,
1350 1018 1418 1052 quo
1441 1008 1516 1043 iure
1541 1009 1700 1043 Patri—

395 1058 498 1093 cius
524 1061 549 1092 l.
564 1061 586 1094 l.
610 1072 643 1103 p.
668 1060 710 1095 56
734 1072 779 1094 ex
804 1061 922 1095 verbis
943 1065 1086 1096 Ivleieor.
1106 1064 1168 1103 III,
1190 1066 1221 1103 7,
1244 1064 1287 1098 6:
1311 1059 1413 1110 κοινῇ
1433 1063 1500 1106 μὲν
1523 1058 1584 1097 οὖν
1606 1063 1699 1108 εἴρη-

394 1126 454 1147 ται
470 1117 552 1158 περὶ
566 1112 715 1150 πάντων
733 1111 858 1158 αὐτῶν,
882 1112 954 1159 ἰδίᾳ
978 1113 1018 1150 δ’
1031 1115 1260 1152 ἐπισκεπτέον
1281 1117 1600 1165 προχειριζομένοις
1621 1122 1700 1163 περὶ

393 1166 540 1203 ἕκαστον
562 1171 671 1213 γένος,
695 1172 738 1204 de
763 1171 886 1214 quibus
909 1182 973 1205 suo
997 1174 1076 1207 loco
1101 1173 1266 1216 dicemus,
1289 1175 1497 1208 concluserit
1521 1174 1700 1208 Aristo-

394 1225 529 1256 telem
554 1227 764 1266 peculiarem
791 1228 835 1260 de
857 1226 1004 1259 metallis
1029 1227 1151 1261 librum
1175 1230 1409 1273 composuisse
1446 1230 1535 1270 (cfr.
1560 1235 1632 1269 not.
1659 1231 1701 1263 ad

395 1289 431 1321 p·
448 1277 536 1321 133).
579 1279 648 1313 Sed
673 1285 707 1314 et
733 1280 1067 1315 Accoramboni
1090 1282 1198 1324 (Vera
1221 1297 1307 1317 mens
1323 1288 1488 1319 Aristotel.
1514 1283 1622 1328 p.485
1637 1283 1700 1328 sq.)

395 1338 431 1366 ut
453 1333 507 1367 his
528 1334 646 1369 verbis
671 1335 715 1369 de
737 1335 965 1381 singularibus
997 1335 1270 1379 disquisitionem
1303 1338 1475 1382 relinquat
1496 1339 1701 1373 Aristoteles

394 1388 462 1422 illis
489 1389 692 1433 artificibus,
721 1390 780 1434 qui
803 1390 954 1437 singulas
977 1392 1103 1423 horum
1125 1392 1259 1434 species
1287 1398 1454 1435 tractent,
1477 1396 1598 1428 falsam
1625 1407 1701 1429 esse

395 1451 489 1488 patet
508 1446 786 1490 explicationem,
812 1447 842 1480 si
863 1457 945 1479 usus
969 1445 1151 1489 respicitur
1166 1447 1267 1481 verbi
1288 1459 1316 1480 π
1328 1460 1348 1490 ρ
1360 1458 1377 1480 ο
1390 1460 1409 1490 χ
1422 1460 1437 1481 ε
1449 1450 1700 1492 ιρίζεοθαι.

395 1502 459 1535 cfr.
482 1503 575 1544 Phys.
600 1503 675 1543 111,
702 1505 733 1535 1.
759 1514 792 1546 p.
816 1505 894 1544 200,
909 1503 950 1535 b:
976 1503 1142 1535 σκεπτέον
1163 1503 1486 1546 προχειριοαμένοις
1509 1508 1590 1547 περὶ
1614 1502 1701 1538 ἑκά-

394 1568 475 1589 στου
500 1555 642 1592 τούτων.
675 1560 715 1591 de
739 1562 827 1591 caelo
858 1558 898 1601 Ι,
924 1557 955 1592 5.
988 1569 1021 1600 p.
1045 1560 1130 1598 271,
1147 1558 1187 1590 b:
1218 1554 1528 1603 προχειρισάμενοι
1553 1556 1595 1602 δὴ
1620 1563 1707 1603 περὶΔ

396 1608 461 1644 τοῦ
478 1608 620 1656 πρώτου
641 1610 713 1646 τᾶν
738 1609 925 1655 σωμάτων,
953 1607 1043 1646 οὕτω
1066 1610 1250 1656 οκοπῶμεν
1276 1617 1334 1647 καὶ
1360 1616 1441 1657 περὶ
1463 1611 1534 1648 τῶν
1556 1611 1704 1648 λοιποῖν.

396 1669 436 1700 de
455 1675 541 1709 part.
570 1671 688 1701 animal
726 1670 753 1710 l,
783 1671 812 1702 1.
836 1681 871 1712 p.
895 1670 1026 1711 639‚a:
1055 1665 1143 1712 λέγω
1167 1665 1288 1703 ὃόἶον
1313 1665 1465 1711 πότερον
1487 1666 1542 1702 δεῖ
1562 1666 1703 1713 λαμβά-

396 1732 519 1756 νοντας
548 1725 637 1766 μίαν
671 1720 820 1766 ἑκάστην
853 1720 975 1758 οὐσίαν
1003 1727 1084 1766 περὶ
1110 1721 1240 1766 ταύτης
1275 1720 1435 1768 διορίζειν
1466 1720 1558 1758 καθ’
1581 1721 1702 1767 αὖτῆν,

399 1775 471 1811 οἷον
495 1781 576 1820 περὶ
601 1775 799 1822 α’νθρώπου
823 1778 959 1822 φύσεως
981 1775 1005 1821 ἢ
1029 1775 1167 1812 λέοντος
1194 1776 1218 1822 ἢ
1239 1777 1325 1823 βοὰς
1349 1775 1372 1821 ἢ
1398 1781 1459 1813 καί
1479 1789 1574 1813 τινος
1600 1776 1703 1812 ἄλλον

398 1830 491 1866 καθ’
524 1831 669 1868 ἕκαστον
700 1832 1044 1878 προχειριζομένους,
1083 1831 1169 1877 ἢτὰ
1201 1831 1306 1880 κοινῇ
1338 1831 1588 1879 συμβεβηκότα
1618 1832 1705 1868 πᾶσι

399 1884 490 1921 κατά
514 1901 550 1921 τι
576 1887 695 1923 κοινόν
721 1886 976 1931 ὖποθεμένους.
1033 1890 1144 1934 Quam
1169 1890 1203 1922 h.
1229 1890 1253 1921 1.
1286 1890 1430 1923 ventilat
1460 1889 1705 1933 quaestionem,

398 1949 511 1976 utrum
535 1955 554 1975 a
575 1944 791 1989 generalibus
815 1944 1057 1977 transeundum
1080 1943 1123 1976 sit
1144 1945 1186 1976 ad
1209 1943 1403 1988 singularia,
1427 1955 1470 1977 an
1493 1956 1512 1977 a
1536 1944 1705 1987 posterio-

399 1998 493 2031 ribus
513 1999 552 2031 ad
568 1999 751 2044 generalia,
777 2005 815 2033 ut
831 2001 899 2033 hoc
923 2009 1060 2043 quoque
1086 1998 1198 2032 obiter
1219 2009 1429 2041 moneamus,
1454 2010 1703 2042 saepenumero

399 2053 506 2099 tangit
527 2065 563 2090 v.
590 2065 621 2088 c.
646 2056 739 2097 Phys.
765 2056 801 2097 Ι·,
825 2058 858 2089 7.
884 2066 916 2098 p.
943 2056 1020 2097 189,
1041 2055 1079 2087 b:
1111 2052 1184 2087 ἔστι
1207 2052 1273 2098 γιίρ
1295 2053 1385 2089 κατὰ
1412 2050 1513 2097 φύσιν
1535 2051 1577 2087 τὰ
1607 2052 1702 2087 κοινὰ

400 2106 543 2153 πρῶτον
567 2105 747 2151 εἶπόν-τος,
783 2106 873 2144 οὕτω
894 2107 939 2143 τοὶ
962 2112 1043 2152 περὶ
1070 2107 1216 2142 ἕκαστον
1238 2105 1311 2142 ἴδια
1334 2107 1498 2153 θεωρεῖν.
1534 2110 1596 2149 111,
1617 2112 1648 2142 1.
1672 2121 1704 2152 p.

401 2166 489 2204 200,
512 2164 547 2197 b:
578 2161 702 2208 ὖοτέρα.
725 2162 749 2208 ἦ
771 2169 853 2210 περὶ
875 2162 946 2199 τοῖν
973 2160 1070 2198 ἶὸίοιν
1103 2164 1243 2208 θεωρία
1276 2160 1339 2206 τῆς
1364 2167 1446 2207 περὶ
1480 2161 1551 2197 τῶν
1582 2161 1708 2198 κοινῶν

399 2218 485 2254 ἔστι.
969 2224 972 2230 '

313 2277 350 2309 P.
371 2275 446 2309 215.
470 2277 493 2308 1.
523 2274 572 2309 15.
606 2295 650 2301 —-
686 2273 784 2308 Adde
810 2275 847 2308 in
870 2281 970 2309 nota:
1008 2274 1124 2314 Vide,
1157 2280 1293 2317 praeter
1318 2275 1415 2307 locos
1438 2273 1520 2308 alias
1543 2274 1707 2316 laudatos,

402 2327 618 2364 Lactant.
644 2333 782 2363 Institut-
808 2333 904 2364 divin.
930 2331 1012 2373 Vll,
1036 2333 1067 2364 1.
1098 2331 1200 2363 Tom.
1225 2329 1270 2363 11.
1291 2342 1325 2373 p.
1349 2331 1394 2364 89
1421 2330 1475 2363 ed.
1500 2330 1593 2372 Bip.:
1626 2331 1706 2361 Ari-

403 2390 528 2418 stoteles
557 2398 652 2430 quum
676 2399 737 2419 non
760 2388 904 2429 videret,
930 2387 1193 2430 quemadmodum
1217 2392 1321 2428 posse!
1343 2392 1436 2417 rania
1458 2398 1563 2418 rerum
1586 2387 1708 2426 magni-

402 2443 479 2473 tudo
508 2443 658 2482 inim-ire,
694 2448 723 2474 et
750 2443 834 2474 hanc
863 2443 1145 2484 praescriptionem
1171 2445 1264 2474 vellet
1297 2442 1459 2483 effugere,
1506 2452 1628 2483 semper
1662 2442 1708 2472 ait

399 2495 503 2536 fuisse
525 2499 674 2529 mundum
699 2508 739 2529 ac
761 2509 884 2540 semper
904 2496 1066 2537 futurum.

318 2571 336 2577 -
358 2552 434 2584 215.
458 2556 530 2584 nol.
555 2551 603 2589 *).
624 2571 667 2577 —-
702 2552 820 2585 Adde:
859 2555 1033 2595 Geoponic.
1055 2552 1120 2592 XI,
1149 2551 1201 2584 19.
1223 2562 1258 2593 p.
1281 2551 1367 2584 822:
1408 2547 1494 2583 Ζεὺς
1515 2546 1578 2583 τὸν
1597 2545 1707 2590 Ἡρα-

405 2604 488 2639 κλέα
511 2607 549 2641 ἐκ
571 2603 631 2648 τῆς
652 2602 847 2648 Ἀλκμήνης
870 2605 1080 2652 γεγεννηκώς
1108 2603 1248 2648 θνητὸν
1274 2603 1381 2646 ὄντα,
1416 2594 1619 2638 «ἰθάιῗασίας
1642 2604 1709 2645 μέ·-

405 2672 506 2703 τοχον
527 2657 715 2704 ἠβουλήθη
737 2659 961 2706 ἐργάσασθαι
986 2665 1045 2694 καὶ
1066 2658 1191 2694 ’τοῦτον
1212 2657 1261 2703 τῷ
1283 2658 1404 2703 μαστῷ
1427 2655 1489 2701 τῆς
1503 2653 1615 2700 ’Ἡρας
1638 2670 1709 2690 κοι-

406 2717 568 2758 μωμένης
598 2714 652 2749 ἔτι
686 2717 764 2749 νέον
793 2714 882 2750 ὄντα
917 2717 1151 2760 προσέθηκεν.
1202 2713 1410 2758 ἐμπλησθὲν
1437 2709 1474 2746 δὲ
1505 2709 1544 2744 τὰ
1581 2713 1708 2756 βρέφος

405 2767 469 2801 τοῦ
498 2766 668 2813 γάλακτος
701 2767 875 2812 ἐπέστησε·
909 2770 977 2813 μὲν
999 2768 1041 2804 τό
1065 2766 1176 2812 στόμα
1200 2767 1262 2812 τῆσ
1284 2764 1415 2811 θηλῆς,
1440 2765 1531 2809 ἔρρει
1554 2762 1591 2799 δ’
1613 2764 1707 2808 ὅμως
