1774 3198
275 293 369 338 466
491 300 937 340 COMMENTARIUS
962 300 1021 339 IN
1048 299 1449 340 METEOROLOG.

276 427 351 465 que
378 417 560 458 scateret,
598 409 653 455 εἷς
679 406 812 461 ἕτερον
841 404 1021 459 ποταμὸν
1049 406 1171 460 μέγαν
1202 397 1267 448 miz
1299 407 1470 458 πλατύν,
1508 411 1678 462 γέμοντα

276 476 535 532 κροκοδείλων
570 474 635 513 καὶ
667 472 800 514 ἵππων
837 472 1056 524 ποταμίων.
1121 476 1179 513 Ut
1205 489 1331 513 meam
1360 477 1482 514 fusius
1507 479 1679 528 aperiam

275 544 525 590 sententiam,
560 546 644 578 tota
669 539 769 578 mihi
796 540 958 579 videtur
991 540 1102 579 istius
1133 540 1249 579 fluvii
1277 541 1507 580 Chremetae
1543 545 1680 582 notitia

274 611 434 648 fluxisse
453 621 505 646 ex
519 607 823 656 narrationibus,
851 620 946 658 quas
970 607 1148 657 vulgavit
1172 606 1510 658 Euthymenes
1539 609 1680 647 Massi-

273 675 417 721 liensis,
446 687 520 724 qua
539 673 587 711 de
604 687 649 711 re
670 672 785 721 vide,
814 685 912 723 quae
928 673 1086 724 prodita
1103 679 1194 711 sunt
1212 674 1253 711 in
1275 675 1494 724 fragmento
1523 672 1570 711 tle
1585 675 1682 712 Nili

275 741 535 780 incrementis
565 737 669 790 (περὶ
686 737 832 778 Νείλου
862 736 1110 792 ἀναβάσεως)
1141 740 1247 777 edito
1268 740 1363 778 olim
1382 741 1526 791 absque
1545 746 1681 778 aucto-

273 807 328 845 ris
355 805 515 844 nomine
552 806 599 843 ab
634 806 860 844 Henrico
901 805 1183 856 Stephane,
1232 805 1374 843 deinde
1417 806 1679 844 Herodoti

274 871 509 910 editionibus
525 871 723 920 adiuncto,
745 872 915 923 denique
931 886 954 910 a
972 871 1446 922 Schweighaeusero
1467 872 1514 909 ad
1534 873 1679 910 calcem

273 938 365 976 libri
402 941 441 978 II
479 937 724 977 Athenaei
762 952 927 985 excusa,
971 938 1039 976 ubi
1063 937 1159 976 haec
1189 939 1394 988 leguntur:
1441 935 1680 988 Εὐθυμένης

274 1002 318 1042 δὲ
346 999 367 1042 ὃ
385 1000 687 1054 Μασσαλιώτης
708 1003 848 1056 φησίν,
876 1001 997 1050 αὐτὸς
1014 1001 1239 1050 πεπλευκώς
1266 1001 1338 1054 τὴν
1366 1001 1440 1050 ἔξω
1470 999 1680 1041 θάλατταν

274 1067 446 1122 ἐπιρρεῖν
476 1064 531 1115 ὥς
558 1068 619 1108 ἐπὶ
647 1066 721 1120 τήν
748 1066 937 1120 Λιβύην,
980 1068 1254 1122 ἐστραμμένην
1282 1068 1326 1108 δὲ
1353 1066 1449 1108 εἶναι
1477 1066 1579 1121 πρὸς
1607 1071 1681 1119 βο-

276 1133 370 1187 ρέαν
398 1149 439 1174 τε
467 1134 532 1174 καὶ
562 1131 744 1187 ἄρκτους.
774 1132 925 1174 καὶτὸν
940 1133 1014 1185 μὲν
1031 1133 1152 1175 ἄλλον
1175 1133 1323 1188 χρόνον
1353 1133 1465 1186 κενὴν
1494 1131 1590 1174 εἶναι
1609 1132 1683 1185 τὴν

273 1198 502 1240 θάλασσαν·
531 1205 615 1246 τοΐς
634 1198 673 1239 δ’
695 1199 869 1251 ἐτησίαις
895 1198 1182 1252 ἀνωθουμένην
1211 1198 1287 1240 ὑπὸ
1318 1198 1552 1252 πνευμάτων
1579 1201 1681 1251 πλη-

276 1268 450 1319 ροῦσθαι
480 1265 544 1304 καὶ
574 1264 653 1319 ῥεῖν
681 1271 768 1313 ταῖς
795 1263 961 1320 ἡμέραις
988 1263 1172 1311 ταύταις·
1223 1265 1488 1317 παυσαμένων
1528 1264 1571 1305 δὲ
1600 1267 1680 1304 τῶν

275 1330 442 1382 ἐτησίων
473 1329 702 1384 ἀναχωρεῖν.
742 1329 839 1371 εἶναι
866 1330 909 1371 δὲ
930 1329 1054 1383 αὐτὴν
1081 1331 1146 1371 καὶ
1173 1333 1353 1384 γλυκεῖαν
1381 1332 1445 1371 καὶ
1474 1329 1573 1383 κήτη
1602 1346 1681 1374 πα-

277 1396 478 1450 ραπλησία
499 1402 584 1444 τοῖς
601 1396 641 1436 ἓν
657 1400 713 1453 τῷ
733 1397 865 1452 Νείλῳ
894 1397 1160 1451 κροκοδείλοις
1187 1397 1252 1436 καὶ
1276 1403 1359 1444 τοῖς
1388 1393 1681 1449 ἷπποποτάμοις

277 1461 389 1514 ἔχειν.
413 1463 538 1501 Plut.
559 1465 670 1501 Plac.
681 1465 788 1514 phil.
800 1467 869 1513 IV,
883 1467 902 1503 1
937 1464 1170 1516 (Tom.X11.
1185 1478 1225 1515 p.
1242 1466 1321 1503 439
1345 1462 1570 1516 Hutten):
1601 1461 1681 1502 Εὐ-

274 1528 454 1580 θυμένης
474 1525 494 1568 ὃ
515 1527 818 1582 Μασσαλιώτης
846 1529 889 1570 ἐκ
904 1532 977 1570 τοῦ
997 1527 1171 1569 ὠκεανοῦ
1190 1528 1254 1568 καὶ
1273 1531 1344 1580 τῆς
1373 1527 1448 1577 ἔξω
1467 1525 1680 1581 θαλάσσης

276 1594 455 1648 γλυκείας
484 1593 572 1634 κατ’
594 1593 715 1636 αὐτὸν
739 1595 780 1645 (e
795 1598 956 1648 regione
967 1595 1067 1648 Nili)
1101 1592 1223 1647 οὔσης
1249 1595 1393 1645 νομίζει
1424 1597 1680 1647 πληροῦσθαι

275 1659 346 1701 τὸν
365 1658 559 1712 ποταμόν.
579 1662 686 1713 Lyd.
700 1664 749 1700 cle
761 1678 881 1702 mens,
890 1662 967 1701 Iul.
981 1676 1012 1700 c.
1023 1667 1060 1701 2.
1074 1677 1112 1714 p.
1126 1667 1143 1700 1
1155 1667 1217 1701 12.
1232 1663 1414 1714 Denique
1424 1664 1450 1702 S
1461 1677 1482 1701 e
1493 1677 1548 1701 ne
1560 1677 1580 1700 o
1591 1677 1611 1700 a
1629 1663 1682 1701 ait

276 1727 460 1779 (Quaest.
473 1735 558 1766 nat.
579 1730 652 1774 IV,
671 1727 806 1780 2,21):
826 1720 1095 1779 Euthymenes
1107 1730 1387 1766 Massiliensis
1407 1730 1682 1767 testimonium

277 1794 403 1831 dicit.-
440 1793 682 1844 Navigari,
713 1796 869 1845 inquit,
888 1796 1147 1832 Atlanticum
1163 1809 1288 1832 mare.
1325 1793 1425 1832 Inde
1446 1793 1566 1831 Nilus
1577 1795 1684 1844 fluit

278 1861 423 1904 maior,
444 1861 642 1908 quamdiu
651 1861 820 1897 Etesiae
836 1869 992 1909 tempus
1009 1861 1252 1898 observant.-
1275 1867 1372 1897 tunc
1391 1862 1499 1898 enim
1517 1862 1682 1898 eiicitur

277 1937 390 1962 mare
413 1925 666 1962 instantibus
687 1927 832 1963 ventis.
881 1928 1012 1976 Quum
1041 1926 1287 1971 resederint,
1318 1933 1358 1962 et
1377 1927 1555 1975 pelagus
1584 1939 1682 1962 con-

276 1991 447 2040 quiescit
482 1990 693 2041 minorque
727 1991 984 2029 descendenti
1009 1991 1103 2028 inde
1130 1994 1192 2030 vis
1211 1992 1312 2029 Nilo
1334 1998 1405 2030 est.
1465 1992 1680 2028 Caeterum

277 2057 407 2094 dulcis
436 2057 565 2092 maris
593 2069 719 2106 sapor
749 2065 823 2105 est,
862 2066 900 2094 et
924 2059 1077 2095 similes
1106 2058 1306 2095 Niloticis
1344 2057 1513 2095 belluae.
1581 2057 1681 2106 Quis

275 2123 415 2160 audeat
440 2122 569 2158 omnia
593 2122 683 2170 ista,
713 2135 812 2172 quae
832 2129 872 2161 et
887 2124 1055 2174 Pytheas
1076 2129 1115 2161 et
1130 2124 1402 2174 Euthymenes
1419 2122 1681 2161 Massilienses

277 2193 581 2235 enarraverunt,
611 2189 756 2238 apertis
775 2190 886 2240 nugis
907 2190 1195 2228 adnumerare?
1252 2193 1308 2228 At
1329 2202 1379 2226 ex
1406 2188 1544 2226 eodem
1571 2190 1680 2227 fonte

275 2262 342 2293 aut
359 2268 410 2293 ex
424 2253 539 2292 simili
558 2253 729 2304 quodam
747 2255 843 2293 mihi
862 2256 1050 2306 originem
1066 2257 1213 2307 cepisse
1229 2256 1390 2295 videtur
1406 2255 1478 2293 ista
1496 2255 1543 2293 de
1555 2254 1682 2293 Chre-

275 2327 393 2368 mete,
412 2321 583 2359 maximo
604 2320 771 2370 quodam
794 2322 953 2359 Africae
976 2322 1101 2360 fluvio
1119 2323 1268 2371 notitia,
1299 2336 1414 2373 quem
1434 2323 1549 2359 etiam
1572 2321 1681 2360 Ari-

274 2388 497 2425 stoteles
534 2387 701 2425 fortasse
729 2387 812 2425 Nili
845 2388 1070 2426 bracchium
1106 2389 1390 2436 arbitrabatur,
1431 2401 1507 2439 quo
1533 2386 1680 2424 ducunt

275 2454 392 2491 verba
410 2451 557 2491 Νείλου
581 2448 634 2490 τὸ
664 2449 821 2504 ῥεῦμα
848 2449 902 2492 τὸ
931 2468 995 2506 πρ
1007 2455 1132 2494 ὥτον
1146 2453 1197 2506 *).
1254 2455 1462 2493 Caeterum
1480 2453 1609 2490 nescio
1627 2465 1678 2490 an

317 2559 354 2600 θθ)
378 2561 458 2593 Non
479 2564 594 2594 tamen
619 2561 827 2607 negligenda
851 2573 1000 2604 censeo,
1028 2575 1117 2607 quae
1140 2565 1183 2597 de
1206 2562 1467 2600 mutationibus,
1499 2571 1583 2604 quas
1606 2566 1679 2593 ter-

361 2626 420 2649 rae
443 2614 570 2648 faciem
592 2616 840 2660 fluminumque
864 2629 1002 2651 cursum
1024 2619 1060 2651 in
1078 2619 1136 2652 illa
1149 2619 1291 2652 Africae
1308 2621 1404 2660 parte
1422 2615 1568 2649 subiisse
1589 2626 1676 2653 vero

361 2669 472 2704 simile
491 2676 563 2713 est,
590 2671 771 2718 ingeniose
794 2672 984 2716 disputavit
1011 2674 1101 2708 Car.
1120 2673 1328 2707 Ritterus
1350 2671 1524 2705 Erdkunde
1545 2671 1629 2707 Vol.
1646 2673 1675 2706 I.

359 2736 393 2767 p.
418 2727 505 2759 1028
527 2737 578 2769 sq.
