1812 3158
448 374 670 417 LIBRUM
697 369 943 414 PRIMUM.
1000 369 1121 411 CAP.
1144 369 1223 410 111.
1454 357 1550 403 345

118 502 164 534 ut
182 495 235 533 sit
253 504 478 545 segregare,
496 492 759 542 distinguere,
779 494 822 528 et
837 487 896 527 ita
914 485 1087 538 denique
1108 479 1149 523 εἶ
1161 478 1364 536 λικρινέ
1369 494 1390 528 ς
1406 480 1557 533 legitur

119 562 227 615 apud
257 560 608 600 Aristotelem
637 558 685 596 de
696 563 877 608 generat.
892 562 934 593 *et
949 555 1098 593 interit.
1117 552 1175 598 II,
1196 554 1243 590 3:
1270 548 1338 590 καὶ
1357 545 1462 603 ἄκρα
1481 546 1558 600 μὲν

119 628 186 669 καὶ
217 624 661 681 εἷλικρινέστατα,
690 626 771 679 πῦρ
792 622 859 665 καὶ
876 623 949 677 γῆ·
981 619 1088 675 μέσα
1112 616 1242 659 δὲκαὶ
1270 614 1560 671 μεμιγμένα

118 697 300 748 μᾶλλον,
329 693 442 749 ὕδωρ
467 694 535 735 καὶ
551 691 658 749 -ἀήρ,
700 691 1124 746 Theophrastum
1157 688 1206 726 de
1227 700 1356 726 eauss.
1378 688 1560 737 plantar.

121 765 174 814 V,
196 769 232 814 3,
253 769 292 804 2.
315 778 355 817 p.
368 765 463 812 541,
484 763 554 802 ubi
578 763 634 802 ait
650 776 824 802 uvarum
846 757 1034 815 (καπνίου
1057 753 1256 808 ἀμπέλου)
1278 756 1454 794 colorem
1477 767 1563 794 esse

121 846 253 885 neque
282 833 440 882 album,
478 845 610 884 neque
635 837 790 879 atrum,
829 828 900 868 sed
923 841 977 867 ex
999 827 1090 866 albo
1110 831 1151 864 et
1170 831 1259 863 atro
1285 824 1563 872 commixtum,

119 900 177 939 ita
205 907 252 940 ut
279 901 461 940 fumosus
497 905 699 952 appareat.
765 898 904 938 Verba
932 896 1033 934 haec
1061 900 1178 933 sunt:
1220 889 1280 932 Τὸ
1305 893 1455 946 χρῶμα
1482 891 1566 932 τῶν

119 964 310 1021 βοτρύων
342 964 435 1008 οὔτε
463 964 590 1019 μέλαν
620 963 711 1007 οὔτε
740 961 883 1006 λευκὸν
912 961 1010 1016 ἔχει,
1056 959 1162 1002 ἀλλὰ
1194 960 1424 1008 καπνῶδες·
1464 956 1566 1001 ὅθεν

122 1034 190 1075 καὶ
218 1033 292 1088 τὴν
321 1034 599 1089 προσηγορίαν
626 1032 751 1086 ἔσχεν.
799 1030 897 1073 Ἐὰν
926 1024 1000 1072 οὖν
1026 1027 1152 1086 μικρά
1180 1044 1243 1078 τις
1272 1025 1471 1082 ἔναλλαγὴ
1500 1024 1568 1081 γέ-

122 1117 254 1156 νηται,
288 1102 402 1143 δοκεῖ’
419 1100 762 1156 μεταβεβληκέναι
790 1098 866 1153 τὴν
897 1094 1047 1153 χρόαν·
1090 1096 1305 1151 οὐδέτερον
1335 1093 1377 1137 δ’
1404 1095 1569 1150 εἱλικρι-

123 1168 190 1218 νὲς
220 1167 312 1211 οὔτε
340 1167 388 1210 τὸ
414 1169 542 1222 μέλαν
572 1167 664 1211 οὕτε
689 1166 747 1210 τὸ
766 1165 909 1209 λευκὸν
937 1165 1040 1219 ἔχει·
1097 1164 1179 1208 Διὸ
1218 1165 1286 1207 καὶ
1323 1161 1450 1205 ἐνιότε
1484 1164 1568 1204 τῶν

123 1236 315 1292 βοτρύων
342 1234 576 1292 ἑτεροχροοί
599 1251 723 1285 τινες,
764 1233 802 1276 οἳ
828 1233 904 1287 μὲν
934 1234 990 1282 εἷς
1017 1231 1064 1275 τὸ
1094 1232 1256 1284 λευκόν,
1298 1231 1336 1274 οἳ
1362 1230 1407 1285 δ’
1434 1231 1492 1279 εἷς
1518 1228 1567 1272 τὸ

122 1304 250 1358 μέλαν
275 1307 433 1358 μᾶλλον
462 1303 759 1352 ἀποκλίνοντες.
817 1305 978 1344 Neuter
1004 1304 1129 1356 igitur
1159 1304 1273 1342 color
1289 1304 1334 1342 in
1351 1301 1462 1341 hisce
1477 1301 1571 1341 uvis

123 1388 290 1427 prorsus
311 1374 518 1414 distinctus
537 1379 717 1427 apparet.
774 1372 932 1412 Eodem
953 1373 1074 1425 plane
1097 1371 1220 1411 modo
1239 1371 1415 1424 positum
1436 1376 1496 1409 est
1521 1369 1573 1408 de

125 1445 264 1483 colore
292 1443 400 1496 apud
431 1442 863 1495 Theophrastum
895 1441 943 1479 de
964 1441 1083 1480 color.
1115 1440 1148 1492 §.
1173 1443 1240 1479 18.
1271 1453 1314 1492 p.
1338 1442 1442 1478 880:
1476 1438 1572 1477 Τῶν

127 1509 173 1551 δὲ
197 1506 432 1565 χρωμάτων
460 1508 578 1550 οὐδὲν
606 1505 765 1563 δρῶμεν
794 1506 1002 1563 εἱλικρινὲς
1030 1503 1117 1548 οἷόν
1147 1506 1270 1556 ἔστιν,
1303 1504 1408 1546 ἀλλὰ
1437 1502 1574 1545 πάντα

127 1576 353 1633 κεκραμένα
381 1574 534 1633 ἑτέροις
562 1578 788 1630 eodemque
815 1591 935 1616 sensu
961 1578 1081 1629 paulo
1111 1583 1204 1616 ante
1229 1577 1264 1629 ᾗ.
1287 1574 1352 1615 14.
1382 1579 1577 1627 posuerat

127 1648 422 1686 substantivum
439 1646 536 1685 inde
554 1646 782 1685 derivatum
803 1642 1042 1698 εἷλικρίνεια.
1082 1645 1233 1684 Xeno
1243 1643 1416 1696 phont.
1449 1643 1576 1693 Cyro-

123 1715 247 1765 paed.
267 1715 383 1762 VIII,
405 1715 443 1762 5,
465 1713 539 1752 14:
568 1711 654 1752 ,Καὶ
680 1709 747 1751 διὰ
776 1707 824 1752 τὸ
853 1709 1044 1764 εἶλικρινῆ
1073 1709 1223 1751 ἕκαστα
1252 1706 1352 1751 εἶναι
1378 1706 1430 1750 τὰ
1450 1710 1574 1764 φῦλα,

129 1778 234 1822 πολύ
262 1782 421 1834 μᾶλλον
446 1773 497 1833 ἦν
522 1779 648 1832 δῆλα,
689 1778 757 1819 καὶ
786 1775 906 1821 ὁπότε
934 1794 997 1827 τις
1025 1777 1335 1833 εὐτακτοίη“καὶ
1365 1775 1406 1818 εἶ’
1427 1792 1489 1825 τις
1515 1774 1574 1830 μὴ

130 1845 304 1903 πράττοι
332 1846 379 1889 τὸ
407 1843 776 1902 προσταττόμενον.
834 1849 1036 1900 Singulae
1060 1856 1220 1887 turmae
1239 1849 1406 1899 penitus
1427 1847 1585 1885 distim

130 1925 222 1957 ctae
250 1925 368 1955 erant
399 1924 438 1955 et
465 1925 714 1968 segregatae.
773 1916 856 1955 Sed
883 1923 924 1956 et
951 1915 1228 1968 metaphorico
1255 1930 1377 1955 sensu
1394 1915 1576 1968 ponitur,

130 1984 472 2039 quemadmodum
489 1979 690 2038 καθαρός,
719 1990 765 2023 ut
785 1985 837 2023 sit
856 1987 1046 2024 sincerus.
1104 1985 1167 2023 Ita
1184 1984 1291 2037 apud
1311 1984 1578 2023 Platonem

128 2054 287 2093 Phileb.
322 2053 358 2104 §.
378 2055 444 2094 53.
473 2067 513 2105 p.
536 2057 590 2093 79
632 2052 824 2092 Stallb.
855 2048 919 2092 ὅτι
949 2048 1122 2105 σμικρόν
1147 2065 1192 2092 τε
1218 2048 1378 2093 τούτων
1406 2049 1578 2092 ἕκαστον

129 2118 223 2175 παρ’
245 2116 342 2173 ἣμῖν
361 2116 488 2161 ἔνεστι
511 2119 577 2160 καὶ
599 2121 758 2175 φαῦλον
787 2118 854 2159 καὶ
873 2117 1036 2172 οὐδαμῆ
1066 2116 1260 2172 οὗδαμῶς
1288 2118 1496 2174 εἱλικρινὲς
1515 2116 1578 2159 ὅν.

131 2187 273 2241 (Alios
301 2189 410 2227 locos
446 2202 499 2227 ex
535 2190 762 2228 Platone
809 2187 992 2228 laudavit
1030 2189 1263 2228 Creuzer
1298 2189 1352 2228 ad
1381 2187 1579 2231 Plotin.

131 2269 174 2308 p.
188 2253 303 2308 265).
359 2255 601 2295 Aeschin.
634 2258 828 2296 Socrat.
858 2256 1032 2296 Axioeh.
1054 2256 1169 2295 c.17.
1201 2270 1241 2308 p.
1266 2258 1317 2296 55
1354 2255 1417 2294 ed.
1443 2255 1579 2294 Neo—

131 2322 279 2376 phyt.
308 2324 433 2361 Duc.
465 2320 610 2376 (1814.
632 2321 713 2375 8.):
742 2320 846 2364 ὥστε
877 2320 951 2364 οὐκ
979 2322 1036 2369 εἷς
1062 2320 1251 2363 θάνατον
1280 2319 1366 2363 ἀλλ’
1390 2321 1447 2370 εἷς
1466 2319 1579 2362 ἀθα-

131 2389 278 2431 νασίαν
303 2386 590 2441 μεταβάλλεις,
622 2383 655 2431 ὦ
677 2388 844 2443 Ἀξίοχε,
875 2388 971 2432 οὐδὲ
992 2388 1206 2445 ἀφαίρεσιν
1237 2387 1338 2438 ἕξεις
1364 2392 1448 2431 τῶν
1477 2387 1579 2444 ἀγα-

133 2460 248 2507 θῶν,
298 2453 394 2497 ἀλλ’
429 2454 759 2512 εἶλικρινεστέραν
796 2457 870 2511 τὴν
905 2454 1132 2499 ἀπόλαυσιν
1146 2490 1157 2509 ,
1205 2455 1302 2499 οὐδὲ
1331 2457 1580 2513 μεμιγμένας

132 2526 279 2582 θνητῷ
307 2521 465 2577 σώματι
492 2522 568 2572 τὰς
586 2520 758 2578 ἡδονάς,
789 2523 875 2566 ἀλλ’
897 2523 1103 2580 ἀκράτους
1125 2522 1295 2567 ἁπασῶν
1323 2522 1575 2581 ἀλγηδόνων.

133 2594 256 2634 Adde
284 2593 422 2633 Ethic.
446 2595 690 2635 Nicomach.
709 2596 777 2645 X,
799 2598 846 2645 6,
868 2595 916 2634 4:
948 2590 1133 2647 ἄγευστοι
1163 2589 1276 2642 ὄντες
1302 2590 1454 2648 ἡδονῆς
1483 2592 1578 2635 εἱλι-

135 2663 297 2716 κρινοῧς
325 2660 392 2702 καὶ
422 2659 656 2716 ἐλευθερίου
687 2660 751 2701 ἐπὶ
779 2659 854 2709 τὰς
873 2658 1108 2713 σωματικὰς
1124 2661 1436 2718 καταφεύγουσι.
1466 2664 1578 2703 con-

136 2730 200 2769 fer
217 2737 429 2782 praeterea
448 2729 499 2769 de
516 2731 704 2770 vocabuli
722 2730 1094 2783 significationibus:
1121 2731 1389 2771 Ruhnken.
1405 2731 1458 2771 ad
1475 2731 1578 2771 Xe-

138 2810 201 2835 no
212 2797 388 2850 phont.
418 2797 644 2837 Memorab.
678 2800 740 2849 H,
770 2803 811 2847 2,
841 2802 881 2838 3.
919 2799 991 2838 ubi
1016 2799 1162 2851 legitur
1190 2796 1403 2854 εἰλικρινὴς
1440 2795 1579 2838 ἀδικία

138 2866 313 2915 iniuria,
343 2879 448 2918 quae
464 2868 509 2905 in
524 2869 746 2918 propatulo
769 2875 838 2915 est,
866 2867 1094 2906 meridiana
1113 2869 1200 2908 luce
1219 2869 1384 2917 clarior,
1405 2890 1461 2898 -—
1489 2866 1577 2906 Fi-
