1774 3198
404 409 623 451 LIBRUM
654 406 982 447 SECUNDUM.
1041 404 1157 447 CAP.
1174 404 1240 449 111
1441 399 1533 444 531

96 524 170 562 cfr.
204 522 241 571 §.
262 527 331 562 25.
367 543 416 550 -—
446 519 612 575 γλυκέος
638 517 791 568 ὕδατος
815 517 985 560 ἔλαττον
1015 523 1061 561 F.
1093 523 1164 574 qui
1186 526 1278 574 ponz
1304 517 1443 576 διόπερ
1464 522 1537 561 ad-

98 591 157 629 dit
182 605 237 630 τε.
297 590 378 628 Pro
403 586 571 629 ἔλαττον
599 589 712 628 dedit
733 588 845 628 Cam.
868 584 1036 636 ὕδατος.
1056 611 1112 620 --
1142 585 1290 638 ῗσάζειν
1313 601 1390 641 pro
1410 590 1537 629 verbo

96 658 212 697 finito
239 659 283 697 A.
306 657 428 697 Alex.
451 659 559 697 Cam.
584 659 624 696 S.
644 658 731 697 Cas.
753 660 821 711 qui
840 665 975 699 tamen
993 658 1036 696 in
1054 647 1313 710 marginey—9.
1335 653 1470 706 ῖσάζει.

210 731 276 765 31.
309 723 600 778 πεπερασμένοι
622 739 696 778 pro
718 722 998 780 πεπειράμενοι
1024 727 1070 765 Ρ.
1130 726 1216 764 Etsi
1243 725 1346 764 bene
1368 726 1538 765 indicari

96 800 241 845 potest,
272 807 351 846 quo
371 793 469 832 haec
488 807 554 832 res
575 794 853 844 experimento
871 794 1038 847 probari
1059 800 1190 845 queat,
1217 793 1389 845 ingenue
1405 801 1539 834 tamen

95 863 272 900 fatemur
299 875 373 900 nos
401 863 576 910 nescire,
609 875 689 913 quo
717 863 997 914 experimento
1025 875 1120 900 usus
1145 861 1379 901 Aristoteles
1405 862 1450 901 id
1474 861 1540 901 di·

95 929 250 968 dicerit.
311 929 433 980 Quod
456 929 602 968 deinde
623 930 674 968 de
693 930 791 968 vino
813 930 949 969 adiicit
973 931 1118 969 falsum
1149 941 1254 976 esse,
1285 943 1368 967 non
1388 935 1447 968 est
1465 936 1539 969 cur

94 998 214 1048 longa
233 997 501 1049 disputatione
521 997 855 1038 demonstremus.
872 1020 923 1025 —
953 995 1130 1050 λέγωμεν
1150 1010 1225 1048 pro
1243 993 1407 1049 λέγομεν
1422 999 1471 1036 F.
1483 998 1535 1036 Η.

96 1064 218 1103 Alex.
239 1066 292 1103 A.
316 1064 428 1103 Cam.
449 1066 494 1103 P.
516 1066 556 1104 S.
575 1066 660 1105 Cas.
674 1086 725 1093 —-
757 1063 901 1117 πάσχει
919 1079 962 1105 τε
979 1079 1056 1117 pro
1079 1061 1126 1103 δέ
1139 1066 1187 1103 F.
1205 1087 1258 1092 —-
1277 1078 1369 1103 τινα
1384 1061 1538 1112 ’ὕδατος

95 1127 286 1182 σύμμιξίν
311 1131 410 1171 εἶσιν
424 1133 588 1171 inverso
609 1132 765 1184 ordine,
797 1134 943 1172 omisso
961 1133 1130 1172 articulo
1150 1138 1190 1170 et
1213 1138 1365 1171 mutato
1391 1129 1481 1172 ἐστί
1493 1134 1536 1173 iu

94 1198 176 1238 εἶσί
190 1202 238 1239 F.
270 1201 343 1239 cfr.
358 1200 414 1238 -ad
434 1201 468 1248 Ι,
491 1203 528 1249 3,
553 1204 592 1238 1.
614 1223 670 1230 —-
701 1213 812 1247 τινος
830 1213 906 1252 pro
926 1213 1018 1240 τινα
1039 1201 1147 1239 cam.
1170 1197 1259 1239 Cas.

207 1271 273 1307 32.
303 1265 346 1306 ἓν
366 1263 505 1313 ἄλλοις
523 1271 679 1321 καιροῖς
695 1265 971 1321 οἰκειοτέροις,
1001 1268 1044 1306 in
1065 1273 1208 1319 quarto
1231 1268 1423 1307 nimirum
1443 1271 1535 1308 Me-

92 1335 426 1386 teorologicorum
454 1336 572 1375 libro.
595 1359 650 1364 -———
678 1333 754 1387 μὲν
782 1327 854 1375 οὖν
880 1332 1061 1381 τούτων,
1100 1335 1239 1373 addito
1268 1327 1340 1374 οὖν
1364 1337 1416 1375 Ν.
1425 1366 1437 1384 ,
1467 1338 1536 1389 qui

91 1415 189 1440 mox
211 1404 357 1442 τοῦτον
375 1404 543 1454 praebet
558 1418 634 1455 pro
649 1405 862 1444 τοσοῦτον.
881 1424 937 1431 ——
955 1417 1016 1456 γρ.
1050 1400 1293 1456 οἴκειοτέραν
1325 1403 1415 1441 Cas.
1443 1406 1535 1443 Bas.

92 1491 148 1500 -—-
166 1467 330 1522 λέγομεν
347 1483 425 1522 pro
446 1468 622 1522 λέγωμεν
642 1475 689 1511 F.
714 1495 765 1501 ——-
796 1473 869 1522 τῆς
886 1466 1102 1522 θαλάττης
1125 1465 1312 1523 ἁλμυρᾶς
1327 1466 1536 1523 ὑπαρχού-

94 1550 169 1589 σης
189 1538 327 1576 addito
350 1538 532 1590 epitheto
546 1540 598 1577 F.
617 1562 670 1567 ——
701 1538 782 1578 αἰεί
797 1551 874 1590 pro
897 1535 962 1577 ἀεί
988 1539 1101 1577 Cam.
1121 1540 1164 1576 P.
1186 1539 1271 1577 Cas.
1299 1545 1345 1577 ut
1365 1541 1417 1588 ΙΙ,
1438 1543 1478 1589 2,
1497 1543 1534 1580 9.

91 1607 142 1652 H,
166 1609 206 1651 3,
227 1606 294 1644 48.
310 1627 366 1634 —
395 1606 534 1644 Verba
556 1604 621 1644 καὶ
639 1605 788 1658 γίνεται
808 1606 960 1644 omittit
976 1608 1010 1644 E
1034 1629 1090 1635 —-
1119 1603 1162 1644 ἓν
1178 1607 1236 1660 τῷ
1253 1600 1411 1661 ῧομένῳ
1425 1607 1536 1646 refer

92 1671 144 1709 ad
165 1669 265 1711 ἄλλο
286 1670 555 1725 γεγενημένον.
578 1692 634 1702 —·
663 1670 732 1712 διὰ
759 1670 807 1712 τὸ
835 1668 967 1725 βάρος
997 1673 1135 1712 addito
1159 1674 1329 1712 articulo
1350 1674 1471 1713 Alex.
1492 1674 1532 1712 A

95 1739 208 1776 Cam.
229 1740 274 1777 P.
298 1740 339 1777 S.
359 1740 445 1779 Cas.
468 1727 526 1768 -’
550 1735 782 1793 ὓφῦσταται
805 1747 948 1793 aperto
976 1741 1126 1780 mendo
1151 1740 1443 1793 typographico
1467 1741 1536 1791 A„

93 1806 202 1857 quod
223 1812 358 1845 tamen
381 1807 532 1859 repetit
560 1810 630 1847 Er.

205 1877 272 1913 33.
303 1871 385 1913 οὔτ’
413 1873 599 1914 ἐπιλείπει
628 1890 682 1915 sc.
710 1871 963 1928 ἧθάλαττα.
993 1899 1048 1906 ——
1075 1891 1138 1930 γρ.
1170 1873 1305 1929 ὥσπερ
1329 1873 1422 1916 οὔτε
1445 1878 1533 1916 cas.

93 1938 229 1993 ὥσπερ
260 1938 356 1981 οῦδὲ
384 1940 423 1981 οἲ
453 1942 634 1994 ποταμοί
658 1945 712 1982 Η.
731 1944 786 1982 Ν.
815 1949 856 1982 et
879 1957 1016 1995 margo
1040 1946 1086 1984 F.
1112 1957 1212 1996 quae
1232 1950 1292 1983 est
1308 1946 1534 1997 explicatio,

0 2022 1 2036 ¹
34 2025 39 2028 ·
94 2029 146 2037 -
167 2004 296 2060 ἢτοΐς
310 2005 452 2057 τόποις
472 2017 608 2050 verte:
634 2012 722 2049 nisi
739 2011 1000 2063 singulorum
1026 2013 1210 2050 locorum
1236 2015 1418 2052 ratione.
1474 2016 1534 2054 Ita

91 2076 198 2128 apud
227 2076 661 2130 Theophrastum
692 2080 856 2118 Hister.
885 2079 1075 2129 plantar.
1105 2081 1235 2127 VIII,
1267 2083 1286 2118 1
1301 2109 1312 2128 ‚
1333 2084 1358 2118 6
1388 2095 1427 2132 p.
1449 2083 1533 2120 256

93 2144 240 2182 dicitur
264 2142 383 2198 χώρα
401 2142 717 2199 αὐχμωδεστὲρα
737 2150 824 2192 τοῖς
841 2141 992 2192 τόποις.
1011 2168 1066 2174 -
1094 2142 1119 2198 ’ἢ
1138 2152 1231 2184 ante
1248 2143 1390 2193 τόποις
1412 2148 1535 2187 omit-

92 2217 183 2249 tunt
201 2212 251 2249 E.
280 2212 400 2250 Alex.
419 2214 491 2252 fol.
514 2217 691 2262 98‚a.—-
725 2210 890 2260 ἀνάξιον
905 2227 982 2265 pro
1003 2209 1155 2265 ἀνάγκη
1177 2213 1230 2252 N.
1253 2233 1304 2241 -—
1335 2212 1536 2264 διαμένειν
1582 2238 1587 2243 ·

93 2291 169 2330 pro
192 2278 319 2317 verbo
343 2280 455 2317 finito
475 2281 528 2319 N.
542 2303 598 2309 —
628 2277 720 2318 ἀλλ’
744 2275 771 2331 ἢ
789 2277 916 2331 μόνον
935 2280 1073 2318 addito
1090 2276 1115 2330 ἢ
1136 2281 1184 2318 F.
1202 2280 1256 2318 N.

207 2345 275 2384 34.
301 2343 546 2396 μεταβάλλει
564 2361 641 2399 pro
657 2343 983 2398 συμμεταβάλλει
1000 2349 1047 2386 F.
1066 2347 1118 2385 H.
1136 2347 1189 2386 N.
1206 2369 1257 2375 -—
1276 2342 1533 2401 ὑφιστάμενα

93 2426 170 2464 pro
190 2408 381 2452 κατιόντα
401 2415 457 2452 Η.
477 2415 530 2453 N.

207 2483 271 2518 35.
301 2479 396 2532 θείη
417 2495 492 2533 pro
511 2481 572 2535 θῇ
592 2483 641 2520 F.
672 2480 1026 2520 Schneiderus
1048 2484 1137 2521 vult
1151 2482 1277 2535 καθῇ.
1311 2483 1396 2521 Cfr.
1417 2484 1532 2522 Hist.

94 2546 271 2586 animal.
291 2550 402 2597 VIII,
423 2554 463 2589 2.
496 2552 642 2601 p.590‚
659 2562 707 2587 a:
739 2545 802 2588 ὅτι
832 2545 872 2587 δ’
893 2547 935 2587 ἓν
964 2550 1015 2603 τῇ
1044 2546 1239 2602 θαλάσσῃ
1267 2546 1440 2600 πότιμον
1470 2547 1532 2590 ἴν-

93 2629 176 2655 εστι
214 2615 280 2655 καὶ
309 2619 431 2656 τοῦτο
476 2616 717 2668 διηθεῖσθαι
756 2613 923 2656 δύναται
961 2613 1139 2669 φανερόν
1175 2615 1296 2655 ἐστιν.
1345 2613 1425 2668 ἤδη
1453 2614 1532 2670 γὰρ

94 2681 297 2737 εἰληφέναι
326 2681 475 2724 τούτου
505 2682 733 2735 συμβέβηκε
763 2688 917 2736 πεῖραν.
951 2681 1020 2722 ἐὰν
1042 2680 1120 2736 γάρ
1147 2695 1209 2730 τις
1237 2681 1401 2737 κήρινον
1428 2680 1535 2723 πλά-

95 2764 170 2796 σας
195 2749 340 2792 λεπτόν
370 2750 524 2805 ἀγγεῖον
555 2750 620 2790 καὶ
643 2749 864 2805 περιδῆσας
891 2753 1003 2805 καθῇ
1032 2750 1089 2797 εἷς
1115 2747 1190 2802 τήν
1223 2748 1439 2791 θάλατταν
1467 2764 1532 2791 κε-

94 2815 207 2868 νόν,·
230 2817 272 2858 ἓν
300 2819 411 2859 νυκτὶ
441 2819 506 2859 καὶ
536 2815 666 2876 ἡμέρα
697 2816 894 2871 λαμβάνει
923 2815 1075 2864 ὕδατος
1111 2819 1274 2870 πλῆθος
1310 2816 1377 2858 καὶ
1407 2820 1530 2859 τοῦτο

96 2884 283 2938 φαίνεται
307 2884 493 2939 πότιμον.
551 2887 671 2925 Adde
709 2887 910 2927 Aelian.
940 2888 1100 2980 Ηίἑιιζν.
1128 2887 1304 2926 animal.
1335 2886 1422 2933 lx,
1455 2887 1529 2924 64:

982 2948 1005 2981 3
