1774 3198
366 339 586 381 LIBRUM
616 337 939 378 SECUNDUM.
999 333 1208 376 CAP.1v.
1429 326 1527 370 543

91 459 162 498 sed
181 458 338 496 minore
357 455 471 507 copia
492 448 540 505 (ἣ
559 451 635 505 μὲν
655 448 783 506 ὑγροῦ
803 449 924 491 πλέον
945 448 1092 502 ἔχουσα
1117 450 1279 502 πλῆθος
1295 444 1530 500 ἀναθυμία-

93 524 205 578 σις);
245 524 446 578 posterior
482 528 699 561 ventorum
730 522 820 560 fons
853 526 911 559 est
939 525 1055 571 atque
1085 519 1197 570 origo
1207 548 1218 567 ,
1258 518 1373 570 prior
1401 519 1531 557 omnis

92 606 217 645 aquae
239 606 291 631 ex
310 596 403 630 aere
430 590 480 629 ad
498 597 648 629 terram
672 587 903 627 delabentis.

206 664 292 701 Aer
314 659 554 699 inferiorum
582 655 684 696 aeris
712 662 927 694 stratorum
940 683 952 704 ‚
981 668 1118 693 earum
1137 655 1288 693 scilicet
1307 655 1532 707 regionum,

94 744 194 782 quae
223 729 274 767 ad
303 741 458 767 summa
481 739 609 777 usque
637 724 835 763 montium
860 724 1063 761 cacumina
1080 737 1165 761 sese
1183 725 1456 775 protendunt,
1484 725 1550 781 ab¹

96 796 383 837 Aristotele
413 791 496 834 κατ’
523 789 663 844 ἓξοχήν
687 798 853 831 vocatus
872 787 951 844 ἀήρ
977 789 1109 843 (cfr.I‚
1130 788 1172 842 3)
1204 805 1255 829 ex
1275 798 1449 843 utroque
1462 793 1534 831 illo

94 878 249 917 vapore
270 869 434 903 constat.
496 862 593 900 lnde
610 875 700 899 cum
721 859 909 898 humidus
927 874 1056 911 vapor
1072 860 1124 898 sit
1138 854 1261 912 ὑγρὸς
1280 858 1345 898 καὶ
1361 857 1536 913 ψυχρός,

95 938 239 985 utpote
271 946 323 970 ex
357 945 458 983 aqua
499 929 756 981 progenitus:
807 929 930 967 siccus
961 935 1102 966 contra
1136 924 1292 981 θερμὸς
1319 926 1385 967 καὶ
1416 925 1538 982 ξηρός

96 997 198 1052 (ἔστι
226 996 303 1053 γὰρ
334 993 421 1037 οἷον
450 995 569 1051 πῦρ),
600 996 665 1035 hic
685 1001 755 1035 a'er
773 1002 833 1034 est
852 990 975 1048 ὗγρὸς
992 994 1057 1034 καὶ
1078 993 1249 1049 θερμός.
1289 997 1409 1035 Calor
1430 998 1537 1035 enim

96 1069 303 1120 praevalet
316 1097 327 1117 ,
358 1079 450 1105 cum
471 1065 573 1104 illud
603 1061 752 1118 ἀνάγον
773 1065 854 1117 πῦρ
876 1063 1044 1118 Ἰειοοεῑάειῐ
1067 1070 1107 1102 et
1125 1065 1179 1103 ita
1199 1065 1327 1116 frigus
1358 1060 1541 1118 (ψυχρό-

96 1134 217 1189 τητα)
245 1136 415 1174 exsulat.
1049 1170 1053 1177 N

210 1205 443 1255 Utrumque
469 1215 662 1254 vaporem
684 1207 724 1239 et
744 1213 868 1251 aquae
890 1212 942 1236 ex
963 1197 1058 1237 ae‘re
1087 1198 1306 1237 delabentis
1329 1205 1370 1238 et
1391 1206 1540 1238 vento—

97 1287 189 1312 rum
210 1286 294 1311 esse
313 1283 483 1316 causam,
505 1275 642 1320 patere
659 1268 754 1306 dicit
765 1267 998 1305 Aristoteles
1018 1280 1069 1304 ex
1086 1267 1335 1318 singulorum
1356 1267 1539 1307 locorum

98 1339 406 1391 meteorologica
428 1338 679 1386 conditione,
711 1337 803 1388 quia
826 1336 894 1374 ubi
917 1335 1074 1373 humidi
1102 1335 1352 1385 potissimum
1370 1349 1541 1387 vapores

98 1393 366 1460 generantur,
394 1406 546 1447 imbres
574 1404 911 1456 frequentissimi,
952 1403 1021 1441 ubi
1046 1403 1139 1441 sicci
1165 1404 1279 1442 venti
1307 1403 1543 1442 validissimi

97 1476 380 1528 reperiuntur:
410 1476 570 1513 elucere
593 1473 712 1511 etiam
730 1473 839 1521 inde,
859 1472 968 1522 quod
991 1472 1059 1510 alii
1077 1472 1172 1510 anni
1200 1471 1292 1509 sicci
1313 1477 1353 1509 et
1373 1472 1544 1520 ventosi,

99 1544 166 1582 alii
190 1543 347 1581 humidi
373 1544 454 1582 sint
481 1557 526 1582 ac
554 1541 747 1594 pluviosi.
805 1539 931 1577 Aliud
957 1546 1237 1591 argumentum
1266 1552 1342 1590 pro
1371 1539 1543 1578 veritate

100 1624 193 1649 suae
223 1610 404 1650 theoriae
421 1609 662 1648 Aristoteles
694 1622 747 1647 ex
766 1607 958 1659 singulari
987 1607 1270 1645 distributione
1296 1606 1543 1646 humiditatis

101 1684 142 1717 et
159 1678 354 1717 ariditatis
379 1679 423 1717 in
442 1677 539 1717 locis
560 1677 703 1716 vicinis
725 1689 804 1715 una
827 1678 1047 1726 eademque
1073 1675 1267 1727 temporis
1288 1675 1458 1727 periodo
1476 1689 1547 1714 re·-

101 1747 224 1797 petit:
257 1758 348 1783 nam
375 1746 408 1784 si
428 1747 489 1785 sol
507 1746 615 1784 solus
636 1751 739 1783 esset
764 1745 806 1782 in
825 1757 939 1782 causa
958 1742 1076 1781 huius
1094 1743 1373 1795 phaenomeni‚
1396 1751 1436 1782 et
1455 1744 1547 1782 uni-

101 1827 192 1852 cum
220 1808 482 1865 ὑποκείμενον
510 1818 602 1863 aet,
641 1826 802 1852 necesse
829 1812 942 1860 fore,
983 1818 1027 1850 ut
1054 1812 1124 1850 illa
1145 1808 1251 1860 loca,
1283 1824 1383 1864 quae
1405 1825 1548 1851 versus

102 1882 229 1919 solem
259 1881 428 1921 eundem
459 1882 608 1921 habent
626 1882 768 1929 situm,
798 1879 965 1919 eandem
988 1880 1107 1917 etiam
1131 1879 1328 1918 haberent
1348 1880 1548 1919 conditio-

102 1962 218 1997 nem,
249 1950 472 2002 eodemque
499 1957 685 2002 tempore
713 1955 845 1987 essent
868 1956 936 1986 aut
956 1946 1122 1986 humida
1150 1955 1220 1987 aut
1241 1948 1356 1987 sicca.
1416 1949 1548 1986 Acce-

103 2016 213 2065 dere,
244 2023 290 2055 ut
310 2018 364 2058 ita
383 2018 532 2067 dicam,
564 2018 847 2070 polaricam
879 2017 1174 2068 oppositionem
1199 2022 1420 2066 utrumque
1442 2016 1550 2054 inter

103 2098 312 2136 vaporem,
342 2085 392 2124 de
413 2100 490 2138 qun
510 2087 584 2126 csr.
607 2089 658 2136 H,
681 2086 722 2135 4,
743 2086 818 2124 14:
851 2083 917 2123 καὶ
939 2081 1064 2123 αὐτοῦ
1095 2082 1140 2122 δὲ
1167 2081 1316 2123 τούτου
1347 2080 1476 2122 αἴτιον
1500 2080 1548 2122 τὸ

106 2145 297 2203 ἑκατέραν
324 2153 585 2203 μεταπίπτειν
613 2152 672 2199 εἷς
699 2149 775 2204 τὴν
804 2154 878 2203 τῆς
907 2149 1102 2202 ἐχομένης
1133 2148 1275 2204 χώρας
1314 2147 1551 2201 ἀναθυμία-

107 2231 185 2267 σιν,
217 2213 303 2257 οἷον
331 2215 452 2270 ἡμὲν
482 2217 586 2274 ’ξηρὰ
614 2217 717 2259 κατὰ
746 2217 820 2271 τὴν
851 2218 1000 2258 οἷκειάν
1031 2215 1095 2271 ῥεῖ
1116 2215 1281 2271 χώραν,
1322 2213 1347 2269 ἦ
1379 2215 1422 2256 δ’
1446 2213 1550 2271 ὑγρὰ

106 2282 210 2335 πρὸς
237 2280 311 2337 τὴν
339 2289 598 2339 γειτνιῶσαν,
629 2283 654 2339 ἢ
682 2286 748 2326 καὶ
777 2286 833 2333 εἷς
861 2288 944 2325 τῶν
973 2283 1114 2339 πόρρω
1142 2284 1231 2325 τινὰ
1260 2282 1389 2325 τόπον
1419 2282 1553 2325 ἀπεώ-

110 2354 195 2404 σθη
227 2347 306 2392 {ma
337 2350 598 2404 πνευμάτων,
636 2349 703 2393 ote*
732 2351 773 2393 δ’
809 2350 912 2405 αὕτη
949 2351 1025 2403 μὲν
1060 2350 1231 2404 ἔμεινεν,
1268 2349 1293 2405 ἦ
1324 2350 1367 2392 δ’
1390 2350 1551 2392 ἐναντία

108 2417 259 2459 ταύτὸν
289 2418 484 2472 ἐποίησεν.
545 2423 678 2472 Quam
695 2422 912 2473 polaricam
933 2422 1228 2473 oppositionem
1252 2418 1551 2474 (ἀντιπερίστα-

111 2501 174 2527 σιν
205 2496 403 2527 vocarunt
437 2487 711 2541 Peripatetici)
758 2491 922 2527 omnino
956 2490 999 2527 in
1036 2490 1369 2541 explicationibus
1401 2496 1552 2527 amasse

110 2556 372 2594 Aristotelem
391 2569 681 2608 saepenumero
701 2558 779 2595 iam
802 2555 1121 2596 observavimus.
1142 2557 1453 2596 Ost-‚Alffeteorol
1470 2565 1550 2594 vet.

116 2619 186 2662 Gr.
199 2631 239 2660 et
249 2620 371 2661 Rom.
399 2623 562 2662 Introd.
592 2632 677 2661 not.
700 2629 767 2664 21.
799 2638 837 2676 p.
860 2628 982 2676 9sqq.
1042 2626 1257 2676 Comparat
1276 2624 1553 2676 phaenomena

113 2688 193 2728 huc
225 2692 465 2743 pertinentia
497 2705 588 2730 cum
618 2692 798 2743 corporis
826 2692 989 2731 humani
1023 2693 1300 2743 facultatibus,
1338 2699 1384 2731 ut
1413 2706 1552 2745 saepe-

114 2770 283 2797 numero
309 2759 443 2798 facere
470 2760 572 2797 solet
605 2758 820 2811 (imprimis
840 2763 890 2810 H,
911 2758 953 2813 8)
983 2761 1026 2798 iu
1052 2760 1161 2799 hisce
1192 2760 1551 2813 disquisitionibus:

116 2831 207 2876 post
222 2825 355 2876 ipsum
374 2834 506 2867 autem
526 2841 626 2879 prae
645 2829 810 2867 caeteris
828 2829 961 2868 secere
977 2829 1113 2879 Stoici,
1134 2830 1246 2869 cuius
1265 2829 1327 2868 rei
1343 2829 1553 2868 innumera
