1774 3198
377 379 603 420 LIBRUM
631 378 962 419 SECUNDUM.
1022 380 1139 420 cAP.
1159 381 1269 422 vm.
1298 439 1309 446 .
1452 375 1546 420 611

100 493 224 533 dori
262 491 387 533 Chii
416 504 462 532 ea
487 493 533 532 in
561 506 608 532 re
633 498 793 531 secutus
819 498 879 532 est
903 493 1165 541 sententiam,
1201 507 1321 546 quam
1350 499 1549 551 exposuit,

100 562 245 600 melius
284 575 404 613 quam
443 559 766 600 Plutarchus
808 561 917 612 apud
959 562 1254 602 Eusebium
1289 565 1547 620 Praeparat.

99 629 309 681 Evangel.
331 630 407 679 ΙΙΙ,
429 631 494 678 15,
524 630 719 668 Seneca
750 627 922 680 Quaest.
943 637 1090 669 natur.
1119 631 1193 679 VI,
1218 634 1270 672 19
1300 646 1392 673 cum
1421 635 1547 677 dicat:

103 697 319 750 Quomodo
346 700 392 736 in
414 697 527 736 dolio
550 698 764 735 cantantis
782 710 865 734 vox
887 697 966 735 illa
985 711 1068 754 per
1089 705 1224 737 totum
1245 713 1340 740 cum
1360 703 1551 755 quadam

101 765 359 803 discussione
376 766 596 816 percurrit
620 777 674 803 ac
691 772 876 812 resonat,
906 773 948 803 et
967 773 1059 805 tam
1078 767 1228 805 leviter
1234 777 1379 819 mota,
1409 779 1551 812 tamen

100 834 268 876 circuit,
299 846 386 871 non
406 835 498 871 sine
523 839 645 871 tactu
669 832 756 870 eius
779 833 1056 885 tumultuque,
1086 848 1167 886 quo
1188 836 1356 875 inclusa
1375 847 1459 878 est.-
1486 843 1550 879 sic

99 901 398 952 speluncarum
415 900 488 939 sub
511 908 630 939 terra
644 900 920 951 pendentium
937 904 1120 940 vastitas
1137 900 1268 941 habet
1285 904 1390 944 ae'ra
1408 921 1527 947 suum
1533 925 1548 957 ;

100 982 223 1020 quem
241 959 371 1007 simul
385 969 497 1007 alius
514 982 690 1019 superne
702 967 892 1006 incidens
903 970 1132 1019 percussit,
1143 972 1292 1022 agitat
1309 986 1393 1012 non
1409 976 1548 1027 aliter,

101 1050 233 1087 quam
252 1036 354 1087 ina,
384 1038 434 1076 de
458 1034 607 1088 quibus
626 1036 759 1087 paulo
795 1043 894 1074 ante
923 1036 1071 1083 retuli,
1109 1039 1263 1075 inania
1290 1040 1429 1080 indito
1456 1044 1548 1082 cla-

100 1118 215 1142 more
233 1112 475 1143 sonuerunt.
534 1105 620 1144 Cfr.
651 1104 790 1155 Virg.
811 1103 920 1142 Aen.
941 1105 1019 1152 IV,
1040 1104 1136 1144 490.
1167 1105 1240 1154 VI,
1264 1109 1361 1147 256.
1395 1109 1546 1150 Ovid.

98 1173 275 1210 Metam.
294 1173 385 1221 VII,
405 1175 502 1212 206.
546 1172 741 1210 Lucan.
777 1168 980 1211 Phar-cal.
1008 1174 1092 1219 III,
1119 1172 1215 1211 418.
1277 1175 1405 1215 Clau
1417 1178 1546 1218 dian.

97 1240 232 1291 Rapt.
253 1235 450 1291 Proserp.
468 1238 504 1288 I,
524 1243 592 1278 10.
651 1239 941 1278 Beckmann
970 1237 1023 1277 ad
1041 1238 1256 1279 Aristot.
1288 1243 1339 1281 cle
1359 1246 1546 1285 mirabil.

97 1309 323 1358 auscultat.
355 1321 390 1346 c.
416 1309 511 1345 106.
542 1318 583 1358 p.
605 1306 689 1345 214
710 1320 772 1358 sq.
820 1307 974 1345 Alex.
1009 1306 1066 1345 ab
1097 1308 1387 1349 Humboldt
1421 1314 1547 1352 Essa&

91 1375 264 1427 politiq.
282 1389 355 1412 sur
375 1374 412 1412 le
431 1387 627 1426 royaume
647 1374 698 1412 de
710 1375 755 1413 Ia
768 1375 971 1413 Nouvelle
983 1372 1195 1427 Espagne.
1206 1376 1302 1416 Vol.
1314 1380 1385 1419 III.
1398 1391 1437 1430 p.
1450 1384 1543 1420 318.

98 1439 278 1494 Voyage
299 1455 388 1480 aux
406 1443 497 1495 re'g.
517 1442 712 1494 equinox.
742 1443 863 1480 Tom.
881 1444 935 1482 Π.
965 1455 1006 1493 p.
1031 1442 1126 1482 194.
1167 1444 1243 1482 IV.
1272 1458 1313 1496 p.
1335 1450 1405 1486 23.

210 1513 278 1549 39.
302 1511 478 1561 σεισμῶν
498 1507 725 1562 γενομένων
745 1509 914 1562 praebet
932 1507 991 1548 Ν.
1011 1531 1067 1540 --
1096 1506 1143 1549 τὸ
1167 1506 1281 1562 ὕδωρ
1303 1510 1434 1553 αἴτιον
1454 1530 1544 1556 mu-

95 1583 177 1616 tato
197 1577 343 1616 ordine
359 1579 407 1616 E.
418 1600 476 1607 -
491 1578 597 1616 Cum
615 1578 696 1616 iam
715 1577 870 1616 dudum
887 1577 1109 1616 monuisset
1129 1580 1201 1616 Ko
1213 1592 1235 1616 e
1246 1579 1327 1632 nig
1338 1595 1545 1624 mannus

98 1645 253 1696 Geogr.
277 1645 458 1684 Aristot.
487 1659 529 1697 p.
553 1649 621 1685 90.
651 1651 738 1683 not.
768 1645 866 1684 226.
900 1645 1160 1685 scribendum
1190 1660 1275 1685 esse
1310 1644 1404 1688 ἀλλ’
1439 1646 1491 1690 ἂν
1517 1649 1543 1704 ἢ

96 1710 139 1760 ἐξ
167 1709 362 1763 ἐπιπολῆς
389 1708 416 1764 ἢ
447 1708 792 1763 &mumdum
821 1713 983 1752 mireris
1010 1714 1054 1752 in
1084 1716 1130 1753 B.
1168 1715 1318 1754 iterum
1348 1730 1546 1769 apparere

96 1780 290 1820 vitiosum
314 1779 417 1818 illud
435 1772 462 1834 ᾗ
484 1782 573 1819 loco
602 1781 750 1833 prioris
768 1776 809 1833 ἦ.
824 1778 887 1809 “--
909 1778 952 1828 ἐξ
979 1788 1072 1820 ante
1100 1779 1294 1835 ἐπιπολῆς
1324 1786 1474 1825 omittit
1493 1790 1543 1828 E.

99 1871 152 1878 —-
193 1844 374 1899 βιάζεται
403 1862 480 1901 pro
509 1846 701 1904 βιάζηται
729 1848 851 1888 Alex.
889 1870 946 1878 ——-
997 1846 1036 1888 οἱ
1065 1845 1206 1901 ἄνεμοι
1239 1853 1323 1891 τῶν
1352 1851 1545 1906 κυμάτων

97 1921 250 1956 mutato
271 1915 414 1954 ordine
435 1918 483 1956 F.
515 1917 584 1969 qui
602 1911 749 1956 de‘inde
767 1931 861 1956 cum
886 1918 939 1956 H.
965 1916 1022 1956 N.
1046 1918 1158 1957 Cam.
1200 1917 1299 1959 εἰσίν
1327 1934 1404 1972 pro
1435 1920 1544 1964 ἐστίν

98 1976 264 2023 οιῌὶῧεῐ
294 1982 386 2037 (cfr.
404 1984 455 2024 ad
474 1986 508 2035 Ι,
530 1987 568 2035 3,
589 1983 643 2037 1),
671 1985 744 2024 sed
764 1986 893 2024 verba
909 1984 1009 2026 εἰσὶν
1032 1982 1142 2024 αἴτια
1159 1986 1203 2025 in
1222 1989 1403 2040 margine
1418 1993 1544 2043 ponit.

96 2053 191 2091 Huc
218 2052 397 2104 pertinet
420 2053 602 2104 quaestio
634 2053 980 2104 Aristotelis,
1021 2067 1094 2092 cur
1120 2055 1166 2092 in
1194 2054 1380 2095 litoribus
1413 2058 1545 2099 undae

98 2134 388 2173 saepenumero
406 2122 519 2173 prius
539 2121 777 2170 adveniant,
805 2135 926 2173 quam
946 2122 1070 2161 venti.
1098 2121 1305 2160 Problem.
1318 2125 1483 2176 XXIII,
1503 2131 1542 2167 2.

99 2202 140 2240 p.
164 2193 259 2238 931,
277 2202 312 2227 a.
353 2192 419 2227 28.
448 2191 490 2240 p.
511 2188 607 2236 934,
626 2188 665 2228 b.
696 2190 773 2228 cfr.
801 2189 975 2238 XXIII,
998 2192 1064 2227 11.
1088 2192 1154 2226 12.
1185 2201 1226 2238 p.
1247 2192 1344 2239 932,
1366 2191 1406 2231 b.
1437 2195 1546 2232 Fue-

99 2261 208 2305 runt,
238 2257 308 2307 qui
333 2262 555 2295 statuerent
578 2256 730 2295 Oceani
751 2254 988 2294 fluminibus
1009 2262 1154 2296 ventos
1174 2259 1390 2308 provocari
1413 2273 1543 2311 posse.

100 2337 144 2362 v.
165 2337 200 2362 c.
259 2337 300 2362 v·
331 2323 606 2362 Lindenau
631 2324 674 2362 in
701 2337 744 2363 v.
766 2323 901 2363 Zach
930 2325 1115 2363 Monatl.
1142 2324 1416 2375 Cot-respond.
1448 2328 1544 2368 Vol.

100 2393 217 2432 ΧΙΠ.
247 2405 288 2443 p.
314 2391 410 2430 451.
430 2412 486 2419 —-
525 2391 687 2430 Deinde
707 2392 805 2444 γοῦν
833 2404 908 2444 pro
928 2387 1005 2444 γάρ
1026 2393 1075 2431 F.
1099 2413 1153 2421 —-
1183 2388 1272 2430 ἐστί
1293 2405 1355 2439 τις
1380 2394 1545 2434 inverso

101 2459 245 2499 ordine
269 2460 320 2497 H.
344 2457 399 2498 N.
429 2460 503 2510 τῆς
528 2460 600 2511 γῆς
629 2456 738 2510 ἐστιν
763 2473 841 2511 pro
866 2457 930 2506 τίς
958 2456 1066 2498 ἔστιν
1093 2461 1143 2498 F.

217 2526 285 2565 40.
326 2523 402 2576 μὲν
432 2523 559 2579 ἄμφω
587 2528 719 2566 ταῦτα
746 2526 987 2579 transposita
1015 2526 1210 2566 exhibent
1236 2529 1283 2566 F.
1313 2550 1370 2557 --
1397 2528 1544 2581 γίνεται

102 2598 178 2646 pro
196 2593 353 2647 γίνηται
374 2595 493 2633 Alex.
524 2607 603 2645 quo
634 2595 923 2646 aliquantulum
952 2594 1141 2634 firmatur
1168 2595 1545 2648 Koenigmanni

104 2663 344 2712 coniectura,
375 2661 425 2700 de
448 2675 524 2713 qua
550 2661 645 2700 vide
665 2662 715 2700 ad
736 2664 772 2713 §.
791 2667 860 2702 20.
922 2678 923 2682 ¹

217 2731 286 2770 41.
330 2731 533 2769 Articulus
559 2736 651 2768 ante
680 2733 787 2769 σεῖον
816 2730 931 2769 deest
958 2729 1067 2782 apud
1095 2730 1211 2770 Alex.
1257 2751 1313 2760 --
1354 2728 1428 2781 μέν
1453 2738 1545 2771 ante

107 2793 214 2844 ὅλως
242 2799 394 2837 omittit
422 2800 470 2837 F.

218 2867 285 2905 42.
315 2866 451 2905 Verba
470 2861 633 2919 ἀθρόαν
658 2890 764 2904 .....
784 2861 1012 2916 πνεύματος
1039 2863 1186 2943 desu'pt
1211 2866 1254 2903 in
1273 2865 1362 2904 cod.
1383 2869 1430 2905 F.

1055 2924 1106 2960 39
