1774 3198
450 360 674 400 LIBRUM
704 358 1027 399 SECUNDUM.
1084 359 1201 399 GAP.
1220 359 1252 398 Ι.
1475 350 1568 394 503

135 477 330 515 Iustius
348 474 416 527 *):
446 487 591 512 mare
610 473 893 512 Ponticum
922 471 1132 510 dulcius
1162 484 1307 523 quam
1336 478 1565 521 caetera,

134 551 194 582 est
223 543 302 581 hoc
330 555 492 595 quoque
522 541 773 590 testimonio,
803 539 919 592 quod
933 541 974 577 si
993 540 1039 577 in
1060 536 1238 577 Pontum
1258 539 1486 590 velpaleae
1502 541 1571 578 vel

133 613 255 663 ligna
283 625 356 648 seu
386 622 659 662 quaecunque
689 608 782 646 alia
813 607 1012 646 natantia
1033 607 1277 658 proieceris,
1295 606 1424 659 foras
1441 614 1564 646 extra

132 680 314 716 Pontum
322 675 527 732 feruntur
544 678 591 714 in
610 673 923 727 Propontidem,
945 682 1073 726 atque
1093 675 1140 712 in
1157 670 1287 725 mare,
1313 674 1426 726 quod
1442 675 1566 712 alluit

131 747 265 784 Asiae
294 759 432 791 oram;
463 757 557 782 cum
576 750 733 782 constet
761 744 807 781 in
827 743 1009 781 Pontum
1036 742 1221 793 influere·
1239 743 1371 780 maris
1401 756 1565 794 aquam.

132 827 216 851 non
240 814 409 865 effluere
441 813 492 850 de
511 814 658 851 Ponto.
713 813 886 850 Meatus
914 811 1048 859 enim,
1069 811 1164 861 *qui
1187 810 1296 847 solus
1323 810 1372 848 de
1396 807 1564 848 Oceano

129 888 317 930 receptas
339 893 473 932 aquas
495 881 542 917 in
559 882 698 917 maria
718 886 861 917 nostra
890 878 1164 924 transmittit,
1193 878 1240 914 in
1250 876 1372 928 freto
1395 884 1458 915 est
1479 878 1565 916 Ga-

129 949 294 1004 ditano,
323 948 436 999 quod
455 948 719 997 Hispaniam
730 945 1009 1001 Africamque
1029 946 1252 984 interiacet
1269 952 1311 982 et
1329 946 1419 983 sine
1438 944 1564 983 dubio

130 1015 354 1053 inundatio
377 1015 472 1067 ipsa
481 1028 562 1065 per
582 1015 866 1064 Hispaniense
886 1020 927 1051 et
943 1011 1207 1052 Gallicanum
1221 1014 1372 1052 littora
1390 1013 1436 1050 in
1460 1014 1566 1064 Zyr-

129 1083 301 1121 rhenum
318 1082 486 1134 prodit,
514 1082 611 1120 inde
629 1081 937 1119 Hadriaticum
956 1093 1075 1118 mare
1090 1080 1223 1132 facit,
1248 1093 1299 1118 ex
1318 1093 1397 1131 quo
1417 1079 1567 1118 dextra

127 1152 174 1188 in
193 1150 496 1198 Parthenium,
525 1149 646 1187 laeva
665 1149 713 1185 in
727 1149 893 1186 Ionium
912 1154 952 1184 et
971 1147 1165 1185 directim
1195 1149 1243 1185 in
1259 1146 1446 1198 Aegeum
1464 1160 1565 1197 per-

122 1219 216 1269 git,
251 1224 379 1268 atque
397 1218 459 1254 ita
479 1215 720 1268 ingreditur
741 1216 936 1253 Pontum.
996 1215 1115 1265 Quae
1136 1216 1273 1267 igitur
1297 1215 1413 1252 ratio
1426 1211 1563 1268 facit,

126 1294 171 1323 ut
187 1286 366 1323 rivatim
387 1298 526 1336 aquae
542 1284 592 1322 de
612 1283 747 1321 Ponto
757 1282 920 1333 fluant,
948 1296 1041 1320 cum
1048 1281 1167 1337 foris
1185 1281 1409 1332 influentes
1429 1294 1563 1333 aquas

124 1347 284 1391 Pontus
303 1353 531 1410 accipiat?
572 1350 658 1390 Sed
672 1357 837 1388 constat
860 1356 1043 1401 utraque
1061 1350 1186 1397 ratio,
1207 1362 1309 1387 nam
1325 1349 1565 1398 superficies

124 1422 254 1459 Ponti
276 1427 455 1471 propter
480 1419 635 1457 nimias
665 1431 820 1469 aquas,
859 1430 944 1468 qua
973 1417 1023 1455 de
1052 1423 1169 1454 terra
1197 1415 1334 1454 dulces
1362 1416 1563 1466 influunt,

110 1486 246 1543 sorae
265 1489 399 1540 effluit
411 1502 424 1524 :
453 1486 644 1524 deorsum
663 1499 760 1523 vero
782 1487 893 1524 intro
910 1485 1054 1538 pergit
1074 1483 1270 1530 influxio.
1328 1482 1446 1520 Unde
1459 1496 1562 1533 pro-

124 1554 268 1594 batum
290 1562 364 1602 est,
389 1555 606 1599 natantia,
636 1566 758 1604 quae,
787 1561 834 1592 ut
848 1565 976 1605 supra
998 1550 1112 1599 dixi,
1139 1551 1359 1588 iaciuntur
1383 1551 1430 1588 in
1448 1551 1561 1588 Pon-

125 1631 236 1670 tum,
259 1620 394 1671 foras
418 1622 527 1672 pelli
536 1634 553 1667 ‚·
587 1623 626 1658 si
644 1634 742 1658 vero
775 1620 964 1658 columna
985 1618 1202 1665 deciderit,
1227 1618 1454 1669 introrsum
1481 1618 1564 1655 mi·

125 1692 241 1730 nari.
297 1691 355 1728 Et
374 1689 451 1727 hoc
474 1702 599 1741 saepe
627 1701 705 1726 usu
725 1688 953 1741 probatum
972 1693 1050 1734 est,
1081 1691 1127 1722 ut
1143 1686 1354 1737 graviora
1373 1699 1563 1736 quaeque

124 1760 170 1796 in
187 1756 330 1813 fundo
354 1756 630 1807 Propontidis
650 1755 710 1794 ad
728 1756 858 1794 Ponti
886 1754 1097 1792 interiora
1113 1752 1346 1803 pellantur.
1368 1774 1424 1780 —
1451 1753 1561 1791 Haec

125 1826 427 1866 Macrobius
445 1822 513 1876 **).
587 1824 654 1862 De
683 1823 803 1862 Ponti
827 1822 938 1874 aquis
969 1821 1012 1859 in
1039 1818 1329 1872 Propontidem
1351 1819 1559 1858 influenti-

124 1894 198 1933 bus
225 1893 290 1932 adi
320 1899 530 1946 praeterea
566 1890 807 1941 Marsigli
848 1890 1040 1926 Histoire
1071 1886 1276 1938 physique
1313 1886 1363 1925 de
1395 1887 1440 1930 la
1471 1901 1559 1924 mer

120 1976 162 2014 p.
192 1961 244 2000 45
285 1967 326 2000 et
366 1960 623 2000 Beaufort
653 1958 926 1997 Karamania
956 1969 1004 1993 or
1033 1968 1062 1993 a
1092 1953 1214 2010 brief
1233 1954 1488 2005 description
1511 1952 1569 2009 of

121 2029 190 2067 the
209 2028 341 2068 Soutlt
358 2029 490 2067 Coast
510 2025 566 2082 of
578 2026 876 2065 Asia-Minor
905 2022 1097 2076 (London
1126 2021 1248 2074 1817)
1277 2035 1316 2074 p.
1340 2025 1408 2061 39.
1430 2025 1497 2061 86.

235 2101 298 2136 13.
326 2092 393 2135 διὰ
413 2092 460 2134 τὸ
490 2096 571 2134 τῶν
600 2094 746 2132 omisso
766 2106 809 2131 τε
827 2092 938 2131 Cam.
960 2092 1007 2129 P.
1029 2089 1070 2128 S.
1091 2091 1178 2130 Cas.
1201 2091 1321 2129 Alex.
1350 2090 1420 2129 fol.
1441 2093 1553 2139 92,a.

122 2185 178 2191 —
205 2165 326 2203 τοῦτο
356 2161 566 2213 συμβαίνει
594 2162 756 2199 inverso
786 2159 928 2208 ordine
957 2159 1010 2198 N.
1041 2180 1097 2187 -
1139 2153 1186 2196 τὸ
1214 2152 1400 2203 Εὔξεινον
1427 2158 1473 2195 Ρ.
1510 2164 1555 2196 ut

166 2306 200 2351 *)
232 2308 274 2340 In
296 2306 388 2340 libro
412 2307 457 2339 de
480 2307 626 2339 Ponto
649 2303 845 2337 Euxino.
884 2303 950 2336 cfr.
973 2300 1265 2336 Wernsdorf
1285 2302 1328 2333 de
1351 2302 1552 2335 Carminibus

213 2366 336 2397 Avieni
358 2363 397 2396 iu
421 2366 511 2395 Poe't.
531 2364 642 2395 Latin.
658 2363 772 2394 minor.
795 2361 881 2395 Vol.
891 2360 939 2394 V.
957 2359 1108 2392 Part-11.
1133 2370 1167 2402 p.
1178 2357 1243 2392 661
1261 2368 1314 2400 sq.

169 2441 222 2486 **)
247 2444 346 2488 Quae
361 2441 471 2478 verba
489 2451 568 2474 cum
581 2442 758 2474 Meieorol.
770 2445 833 2472 vet.
846 2440 906 2472 Gr.
916 2444 947 2470 et
958 2440 1055 2471 Rom.
1065 2437 1132 2479 XI,
1143 2436 1197 2470 56.
1212 2441 1289 2472 not.
1301 2435 1355 2470 96.
1373 2422 1406 2478 p
1421 2434 1488 2472 248
1498 2447 1551 2480 sq.

214 2499 396 2544 explicare
429 2507 601 2539 conarer,
645 2501 718 2530 tres
750 2506 792 2530 ea
818 2499 963 2539 propter
986 2503 1109 2528 causas
1134 2497 1329 2526 memoratu
1351 2491 1552 2537 dignissima

213 2556 303 2590 dixi.
332 2556 388 2598 Et,
415 2555 508 2599 quod
533 2553 576 2586 ad
599 2551 750 2596 primum
774 2550 898 2585 attinet
912 2555 1155 2596 argumentum
1171 2549 1242 2583 iam
1260 2549 1437 2591 conferas,
1461 2560 1550 2593 quae

213 2611 366 2646 diximus
390 2613 435 2645 ad
460 2612 488 2654 I,
506 2613 562 2653 12,
580 2611 644 2643 18:
670 2609 708 2642 in
731 2607 878 2642 secundi
900 2606 1094 2654 argumenti
1119 2604 1364 2649 explicationis
1390 2604 1550 2650 gratiam,

183 2682 192 2687 ·
214 2681 303 2714 quae
327 2669 370 2702 ad
397 2670 433 2711 I,
459 2666 523 2709 14,
545 2668 590 2700 28
613 2665 829 2700 monuimus:
865 2675 956 2708 quae
980 2664 1024 2697 de
1048 2660 1153 2696 tertio
1177 2661 1272 2704 dixi,
1305 2661 1483 2696 sufficiunt
1505 2663 1549 2695 ad

214 2726 445 2760 refellendam
465 2736 502 2759 v.
518 2723 636 2757 Hoff
640 2722 673 2756 ii
695 2721 911 2766 opinionem,
936 2720 1068 2764 duplex
1082 2720 1120 2752 in
1134 2717 1234 2752 fretis
1249 2717 1379 2751 flumen
1402 2719 1550 2752 alterum

214 2782 315 2816 alteri
338 2781 551 2826 impositum,
575 2790 718 2824 prorsus
742 2777 903 2825 negantis
929 2777 1045 2811 Gesch.
1067 2777 1126 2809 der
1147 2777 1186 2809 V
1182 2777 1394 2818 erti‘nderung.
1414 2774 1482 2817 aus
1490 2777 1549 2808 der

215 2840 397 2882 Erdoberfl.
421 2839 504 2873 Vol.
522 2838 548 2871 Ι.
573 2849 605 2881 p.
619 2838 686 2872 158
705 2848 757 2880 sq.
781 2835 828 2870 ΙΙ.
850 2847 884 2879 p.
898 2835 951 2870 Vl
967 2845 1018 2877 sq.
