1812 3158
271 331 364 375 348
485 340 932 382 COMMENTARIUS
959 342 1021 382 IN
1042 343 1448 386 METEOROLOG.

270 451 486 488 eminentes
505 457 651 500 terrae,
672 463 700 488 a
718 450 862 502 quibus
881 453 1106 490 conteritur
1123 460 1162 490 et
1180 453 1452 504 disgregatur.
1507 457 1564 495 Et
1582 458 1672 495 licet

268 514 508 553 Aristoteles
536 518 718 566 superius
746 517 929 555 videatur
958 519 1000 555 in
1030 531 1202 556 causam
1229 517 1430 557 adducere
1465 522 1673 562 radiorum

268 596 420 632 quoque
438 582 700 635 rffieaeionem
718 583 779 621 ad
792 583 1044 634 superficiem
1065 592 1208 630 terrae,
1236 586 1285 623 id
1302 585 1428 639 affert
1437 587 1576 637 potius
1596 589 1672 626 du·-

268 647 441 685 bitando
463 661 512 685 ex
532 650 722 698 opinione
745 650 1139 695 mathematicorum,
1170 665 1288 702 qaam
1313 666 1360 689 ex
1380 655 1556 703 propria
1580 669 1674 692 sen-

267 716 421 751 tentia.-
449 714 624 763 reflexio
647 729 822 767 namque
848 718 988 765 potius
1017 725 1077 754 est
1103 718 1425 767 mathematica,
1455 734 1579 770 quam
1598 735 1674 758 na-

266 780 418 817 turalis
439 794 579 827 causa,
612 785 714 832 qaia
728 783 784 835 fit
797 797 871 835 per
893 785 1028 822 lineas
1048 792 1086 820 et
1110 785 1280 836 angulos
1310 784 1517 835 radiosa-s,
1546 795 1673 825 nata-

264 846 372 883 rales
394 860 485 884 vero
515 848 752 886 considerat
778 857 909 887 motus
930 863 1145 899 corporum
1163 858 1203 888 et
1224 864 1363 888 eorum
1383 852 1673 890 alternationes

265 926 315 950 ex
342 915 524 951 naturali
550 927 694 952 causa.-
747 915 818 953 An
839 930 933 954 vero
959 917 1168 974 sufficiant
1193 931 1342 954 causae
1368 919 1536 964 caloris,
1566 921 1681 970 qaas'

263 977 328 1017 hic
357 988 395 1017 et
419 981 465 1017 in
492 981 660 1018 secundo
693 981 741 1019 de
773 983 880 1020 coelo
916 982 1042 1036 affert
1067 983 1240 1020 Aristot.
1271 985 1376 1021 satis
1403 985 1464 1021 ibi
1492 985 1683 1023 diximuffi

265 1043 322 1097 (p.
335 1042 457 1098 445),
483 1046 553 1084 ubi
573 1049 696 1084 etiam
719 1049 768 1086 de
790 1051 1001 1087 radiorum
1018 1050 1240 1099 reflexione
1264 1048 1390 1088 locuti
1406 1065 1566 1089 samus:
1593 1066 1673 1089 non

262 1113 343 1149 erit
363 1119 501 1150 tamen
520 1113 574 1150 ab
595 1127 640 1150 re
659 1114 824 1164 aliquid
841 1116 958 1153 etiam
976 1117 1018 1152 in
1037 1118 1273 1165 praesentia
1292 1130 1399 1154 nanc
1417 1117 1588 1155 breviter
1606 1132 1673 1156 re-

259 1186 399 1230 petere.
458 1179 665 1229 Quomodo
699 1182 808 1218 enim
835 1189 965 1219 motus
994 1182 1093 1218 solis
1113 1189 1248 1230 potest
1269 1182 1404 1220 ae'rem
1426 1181 1672 1231 calefacere,

262 1259 353 1283 cum
371 1247 435 1283 sol
451 1246 502 1282 sit
519 1260 641 1298 supra
660 1247 821 1293 lunam,
851 1256 890 1285 et
909 1248 1044 1284 ae'rem
1069 1261 1149 1284 non
1176 1256 1324 1298 tangat
1337 1248 1359 1285 P
1412 1249 1535 1287 Actio
1564 1252 1670 1287 enim

263 1312 467 1349 naturalis
486 1311 544 1359 fit
565 1326 645 1361 per
673 1321 930 1362 contactum,
967 1322 1011 1351 ut
1037 1313 1143 1351 dixit
1164 1313 1408 1351 Aristoteles
1433 1317 1478 1352 in
1495 1317 1670 1363 secundo

261 1379 310 1416 de
324 1380 591 1430 generatione
611 1386 651 1415 et
662 1382 948 1430 corruptione:
967 1377 1019 1417 Se
1037 1393 1132 1417 vero
1153 1386 1399 1430 contangunt
1420 1395 1480 1429 ea,
1500 1396 1671 1433 qaorum

261 1455 437 1483 extrema
456 1447 502 1482 in
519 1459 638 1482 unum
659 1446 872 1484 concidant
882 1460 898 1492 ;
929 1444 1020 1497 (cfr.
1043 1459 1141 1496 quae
1165 1459 1281 1497 supra
1303 1446 1353 1483 ad
1376 1448 1418 1496 Ι,
1444 1452 1491 1496 2,
1522 1453 1549 1487 2
1581 1462 1671 1486 mo-

260 1508 435 1564 nuimus)
465 1511 557 1549 ideo
578 1511 672 1548 licet
691 1513 755 1549 sol
776 1514 832 1549 sit
861 1525 1010 1562 corpus
1037 1512 1231 1558 solidum,
1261 1526 1348 1549 cum
1376 1522 1512 1551 tamen
1535 1514 1671 1552 ae'rem

260 1593 339 1616 non
357 1585 524 1629 tangat,
552 1591 632 1615 non
646 1585 786 1627 potest
805 1576 922 1616 illam
941 1577 1189 1629 calefacere,
1220 1592 1335 1629 neque
1353 1578 1571 1631 discerpere
1591 1594 1670 1618 saa

258 1645 466 1683 soliditate
477 1661 490 1682 .-
519 1645 630 1695 ignis
647 1657 739 1681 vero
753 1646 976 1695 permixtio
997 1659 1044 1683 ex·
1061 1654 1172 1683 mota
1189 1646 1299 1683 caeli
1315 1646 1358 1683 in
1375 1644 1472 1695 ae’re}
1480 1659 1559 1683 non
1578 1659 1671 1684 ma-

257 1713 320 1763 gis
334 1712 393 1764 fit
412 1714 458 1749 in
477 1718 659 1761 aestate,
692 1724 818 1762 qaam
836 1713 879 1749 in
901 1710 1052 1758 hieme;
1081 1726 1208 1762 quare
1228 1713 1348 1749 etiam
1372 1714 1417 1750 in
1441 1711 1585 1763 hieme·
1600 1713 1671 1750 de-

260 1778 371 1815 beret
396 1778 514 1815 calor
533 1780 745 1828 generari,
776 1778 886 1829 quod
907 1792 987 1816 non
1003 1778 1077 1825 fit.
1132 1779 1361 1816 Praeterea
1382 1779 1421 1814 si
1439 1779 1549 1829 ignis
1568 1792 1671 1828 per-

259 1845 406 1881 mixtio
427 1851 466 1880 et
483 1851 613 1881 motas
630 1842 730 1880 solis
749 1844 1001 1895 calefaciunt
1020 1842 1123 1881 hanc
1137 1844 1310 1894 primam
1328 1843 1435 1881 ae'ris
1451 1846 1669 1894 regionem,

260 1923 363 1961 quae
392 1916 454 1946 est
481 1910 599 1946 circa
628 1923 726 1955 nos,
764 1923 864 1959 opus
885 1918 966 1957 est,
996 1917 1040 1947 ut
1067 1907 1323 1959 calefaciant
1343 1909 1465 1958 prius
1492 1909 1668 1946 mediam

259 1975 365 2013 aeris
383 1976 613 2026 regionem,
642 1977 737 2026 quia
752 1990 822 2028 per
843 1976 954 2013 illam
973 1982 1013 2013 et
1028 1989 1103 2012 nos
1125 1975 1242 2012 calor
1262 1975 1413 2012 transit
1425 1989 1438 2011 .-
1467 1982 1516 2012 at
1533 1975 1668 2011 media

259 2042 366 2080 aeris
392 2043 510 2093 regio
538 2055 690 2091 semper
711 2049 772 2079 est
784 2041 971 2093 frigida,
1000 2050 1043 2080 ut
1066 2041 1190 2078 sentit
1207 2039 1453 2078 Aristoteles
1481 2047 1522 2077 et
1541 2054 1668 2090 prae-

258 2112 372 2160 cipue
387 2111 433 2146 in
452 2116 608 2146 aestate
617 2122 633 2155 ;
661 2108 752 2146 ideo
773 2116 812 2146 et
832 2109 979 2158 pluvia
1008 2114 1048 2145 et
1071 2105 1292 2158 grandines
1321 2105 1381 2144 ibi
1405 2114 1665 2157 generantur.

259 2179 308 2215 Si
326 2191 419 2215 vero
441 2176 558 2214 dicas
580 2175 693 2226 quod
708 2177 750 2212 in
770 2182 928 2213 aestate
955 2175 1068 2225 ignis
1090 2174 1264 2210 maxime
1289 2172 1374 2210 ae'ri
1391 2174 1667 2223 permiscetur,

259 2247 355 2295 quia
373 2244 439 2281 sol
453 2245 629 2293 propius
642 2241 789 2291 fertur
817 2243 879 2280 ad
895 2254 990 2287 nos,
1020 2240 1107 2278 ideo
1125 2242 1171 2278 vi
1187 2247 1319 2277 motus
1337 2239 1436 2276 solis
1455 2240 1562 2290 ignis
1580 2241 1668 2276 ae'ri

258 2318 356 2348 tunc
382 2311 560 2347 maxime
576 2310 849 2359 permiscetur
858 2321 875 2354 ;
904 2307 1006 2344 idem
1032 2306 1190 2343 accidet
1217 2305 1406 2350 dubium,
1437 2319 1515 2356 quo
1533 2312 1664 2354 pacto

256 2377 340 2425 sol,
367 2391 455 2413 cum
480 2377 538 2412 sit
564 2376 807 2427 longinquus
837 2374 892 2412 ab
922 2375 1034 2425 igne,
1062 2386 1190 2423 neque
1211 2370 1322 2409 illam
1342 2378 1503 2423 tangat,
1532 2371 1665 2419 possit

258 2443 373 2480 illam
402 2442 659 2488 distrahere,
700 2451 735 2479 et
765 2441 850 2479 ae'ri
880 2441 1130 2478 commiscere
1160 2445 1200 2475 et
1229 2452 1300 2476 cur
1324 2451 1403 2475 non
1432 2434 1662 2484 calefaciat
1718 2479 1720 2481 ‚

249 2511 372 2558 prius
393 2508 570 2545 mediam
589 2508 695 2546 aeris
712 2510 932 2559 regionem,
964 2520 1091 2558 qaam
1109 2504 1220 2554 hane,
1250 2518 1352 2555 quae
1367 2511 1422 2540 est
1444 2503 1562 2538 circa
1579 2514 1661 2538 nos.

255 2576 376 2613 Ae'ris
395 2589 490 2613 vero
512 2576 739 2612 attenuatio
763 2583 801 2612 et
830 2574 1085 2625 disgregatio
1108 2586 1134 2609 a
1154 2573 1198 2610 vi
1220 2578 1349 2607 motus
1374 2568 1586 2605 circularis
1610 2567 1659 2605 ob

256 2655 467 2679 occursum
483 2641 543 2679 ad
549 2643 761 2679 eminentes
778 2648 816 2677 et
828 2640 980 2678 solidas
996 2648 1128 2677 terrae
1133 2645 1272 2686 partes
1288 2648 1370 2672 non
1387 2642 1445 2670 est
1465 2635 1507 2671 in
1528 2647 1660 2682 caasa,

255 2721 328 2745 cur
350 2707 422 2746 ae'r
443 2709 580 2759 magis
603 2709 649 2745 in
669 2714 830 2745 aestate
847 2718 966 2759 quam
986 2706 1033 2742 in
1049 2704 1175 2742 hieme
1192 2699 1370 2739 calescat
1377 2713 1393 2745 ;
1424 2702 1519 2750 quia
1538 2700 1660 2737 huius

255 2775 377 2825 modi>
388 2782 518 2812 motus
539 2781 576 2810 et
594 2773 717 2811 haias
730 2771 839 2810 modi
856 2785 1043 2809 occursus
1062 2782 1144 2806 non
1161 2769 1291 2806 minus
1300 2766 1359 2814 fit
1380 2766 1517 2818 hyeme
1540 2780 1660 2817 quam
