1820 3158
350 383 441 426 134
504 366 801 431 ExcERPTA
822 390 902 428 Ex
924 388 1217 428 COMMENT.
1240 388 1423 437 ALEX„
1447 390 1478 427 1.
1489 389 1634 427 PHIL.

464 503 563 541 cst.
595 502 628 539 I.
687 496 811 538 “Ocra
855 511 906 536 τε
945 495 1167 547 θείημεν
1215 493 1366 548 ἀέρος
1402 492 1548 535 ἐἶναι
1596 494 1747 536 κοινὰ

342 566 486 618 πάθη
529 564 612 605 καὶ
649 561 866 614 ὕδατος]
916 559 1045 602 Κοινὰ
1074 560 1171 615 λέγει
1209 560 1326 613 πάθη
1358 559 1474 615 ἀέρος
1509 561 1574 601 καὶ
1600 559 1748 609 ὕδατος

342 631 415 684 τὴν
445 629 522 685 ἶριν
550 630 616 670 καὶ
642 627 715 682 τὴν
734 626 832 670 ἅλω.
866 626 965 669 ὅθεν
993 624 1049 675 ῶς
1075 627 1369 668 ἓπιτοπλεῖστον
1396 624 1513 668 ὗετοῢ
1538 625 1752 679 μέλλοντος

342 699 626 749 κατενεχθῆναι
656 695 829 750 γίνονται
842 694 910 748 ³5⁶),
951 694 1016 734 καὶ
1047 694 1167 747 δηλοῖ
1188 691 1364 746 μάλιστα
1390 690 1512 748 ῆῖρις
1537 691 1608 733 τὸν
1635 689 1750 732 ὗετὸν

341 761 541 815 ε’σόμενον.
590 761 652 803 διὸ
682 763 747 804 καὶ
775 759 796 803 ὃ
826 758 996 813 ποιητὴς
1030 757 1154 801 ὗετῶν
1188 757 1331 812 μάντιν
1359 762 1491 801 καλῶν
1519 757 1644 812 αὐτήν
1662 756 1752 811 ΨΚ),

341 827 414 869 οὐκ
442 827 536 869 ἄνευ
561 831 640 870 τῶν
669 825 915 883 πραγμάτων
943 829 1000 882 τῷ
1029 826 1202 882 ἐπιθέτῳ
1226 825 1440 880 χρήσεται·
1471 823 1548 881 ῗρις
1568 825 1613 866 δὲ
1636 824 1752 877 ἐκλή-

339 897 399 947 θη
427 893 538 949 παρὰ
564 894 610 936 τὸ
634 894 842 950 ἀγγέλλειν,
873 893 1006 947 ἐπειδὴ
1038 894 1103 934 καὶ
1131 890 1154 946 ἢ
1185 890 1296 947 παρὰ
1328 897 1412 939 τοῖς
1437 894 1551 940 θεοῖς
1578 888 1655 946 ἶρις
1683 888 1751 944 ἄγ-

339 958 452 1013 γελός
479 960 598 1002 ἐστιν.
629 960 737 1009 ἅλως
765 961 809 1001 δὲ
839 959 992 1013 ἐκλήθη
1022 958 1090 1000 διὰ
1116 958 1162 1000 τὸ
1193 958 1358 1000 ἐοικέναι
1385 955 1552 1015 ἆλωνίᾳ·
1582 957 1647 998 καὶ
1674 955 1750 1011 γὰρ

341 1023 472 1080 ὥσπερ
503 1023 526 1080 ἦ
554 1025 706 1069 ἅλωνία
731 1025 947 1082 περιφερὴς
976 1025 1043 1066 διὰ
1068 1024 1115 1067 τὸ
1147 1023 1277 1082 κύκλῳ
1308 1023 1403 1072 τοὺς
1435 1022 1538 1076 βόας
1573 1022 1643 1064 τὸν
1679 1024 1752 1076 δη-

338 1092 559 1146 μητριακὸν
578 1091 657 1150 ***)
698 1092 852 1148 καρπὸν
890 1091 1228 1147 καταθραύοντας
1265 1092 1331 1133 καὶ
1370 1090 1645 1144 διακρίνοντας
1680 1088 1751 1130 τὸν

338 1158 492 1212 καρπὸν
533 1157 610 1200 ἀπὸ
649 1163 721 1213 τῆς
760 1157 943 1211 καλάμης
970 1157 1051 1211 ᾧ),
1093 1156 1222 1205 οὕτως
1249 1158 1315 1198 καὶ
1342 1154 1368 1210 ἦ
1399 1155 1506 1204 ἅλως
1533 1154 1634 1209 αὕτη
1663 1155 1753 1210 περὶ

339 1222 504 1277 σελήνην
533 1226 715 1279 γινομένη
745 1222 983 1278 κυκλοτερής
1011 1223 1130 1264 ἐστιν.
1190 1226 1389 1276 Olymp.

440 1290 518 1332 Ἐν
547 1289 623 1340 οἷς
649 1290 826 1345 τὰμὲν
855 1289 1179 1344 ἀποροῦμεν,
1209 1292 1308 1330 τῶν
1337 1287 1378 1329 δ’
1404 1285 1750 1343 ἒφαπτόμεθά

337 1371 452 1398 τινα
488 1357 699 1413 τρόπον]
750 1358 854 1412 Περὶ
880 1355 954 1409 μὲν
982 1354 1058 1410 γὰρ
1086 1358 1167 1396 τῶν
1202 1355 1243 1396 ἓν
1272 1355 1430 1403 τούτοις
1455 1353 1670 1408 γινομένων
1698 1352 1750 1393 τὰ

336 1421 411 1474 μὲν
439 1419 680 1478 ἀποροῦμεν,
711 1420 796 1464 οἷον
823 1423 912 1477 περὶ
936 1424 1011 1463 τοῦ
1040 1425 1124 1469 πῶς
1153 1419 1230 1476 ἶρις
1256 1421 1422 1475 γίνεται,
1453 1419 1519 1461 διὰ
1539 1420 1581 1460 τί
1603 1419 1649 1461 τὸ
1678 1423 1752 1472 τῆς

338 1487 551 1543 θαλάσσης
587 1486 700 1543 ὕδωρ
741 1486 945 1542 ἁλμυρόν,
994 1491 1074 1530 τῶν
1104 1488 1147 1529 δὲ
1177 1485 1445 1542 ἕφαπτόμεθά
1472 1503 1560 1528 τινα
1586 1486 1748 1541 τρόπον,

339 1550 424 1595 οἷον
460 1557 549 1611 περὶ
587 1558 660 1608 τῆς
687 1558 768 1596 τῶν
805 1557 935 1609 νεφῶν
976 1552 1207 1601 συστάσεως
1246 1554 1311 1594 καὶ
1339 1554 1427 1607 περὶ
1457 1557 1529 1605 τῆς
1556 1553 1611 1601 εἷς
1636 1552 1749 1608 ὕδωρ

338 1618 470 1661 αὐτῶν
496 1624 742 1674 μεταβολῆς·
783 1621 848 1661 καὶ
875 1619 966 1674 γὰρ,
996 1620 1031 1661 εἷ
1057 1619 1113 1673 μὴ
1144 1618 1190 1661 τὸ
1220 1618 1381 1674 ἀκριβὲς
1409 1619 1527 1659 εἰπεῖν
1554 1620 1642 1674 περὶ
1670 1623 1751 1660 τῶν

337 1685 530 1728 τοιούτων
559 1686 721 1740 ἔχομεν,
761 1684 853 1726 ἀλλ’
888 1685 935 1727 οὐ
963 1685 1092 1739 πάντη
1123 1686 1164 1727 ἐν
1194 1684 1332 1742 ἀγνοίᾳ
1368 1687 1440 1738 τῆς
1465 1683 1650 1738 γενέσεως
1677 1684 1751 1725 αὖ-

337 1756 417 1794 τῶν
440 1753 569 1806 ε’σμέν.
625 1756 770 1794 Alex.

438 1817 544 1860 Ἔτι
580 1819 632 1860 δὲ
668 1820 785 1873 περὶ
822 1820 1085 1872 κεραυνῶν
1122 1815 1366 1864 πτώσεως
1402 1818 1485 1857 καὶ
1514 1817 1750 1872 πρηστή-

339 1899 440 1938 ρων
476 1886 561 1926 καὶ
598 1883 871 1940 τυφώνων]
914 1882 1062 1924 Ἰστέον
1091 1880 1152 1923 ὅτι
1178 1880 1204 1935 ἢ
1234 1881 1445 1935 καπνώδης
1479 1882 1750 1935 ἀναθυμίασις

336 1947 362 2001 ἢ
381 1948 424 1990 ἔκ
441 1954 513 1990 τοῦ
538 1950 683 2005 νέφους
711 1948 1040 2004 ἔκπυρηνιζομένη
1070 1948 1136 1989 καὶ
1164 1947 1387 2001 θλιβομένη
1418 1948 1485 1988 διὰ
1511 1947 1585 2001 τὴν
1613 1950 1746 2000 ψῦξιν,

337 2012 362 2066 ἢ
390 2015 490 2069 αὐτὴ
520 2015 624 2056 καθ’
653 2008 780 2070 αὓτὴν
808 2015 1043 2070 ἐκκρίνεται,
1071 2012 1218 2067 ἢμετὰ
1244 2013 1410 2066 ἀτμίδος
1436 2014 1502 2054 καὶ
1527 2013 1631 2055 καθ’
1657 2012 1748 2055 ἑκά-

337 2096 452 2136 τερον
479 2081 632 2124 τούτων
661 2082 940 2138 ἐκπυρωθεῖσα
959 2086 1066 2122 ποιεῖ
1078 2079 1150 2121 τὸν
1168 2078 1381 2132 κεραυνόν·
1413 2074 1530 2127 οὗτος
1549 2080 1594 2120 δὲ
1616 2079 1749 2127 διττός

338 2146 457 2188 ἔστιν·
475 2146 500 2201 ἢ
519 2147 594 2203 γὰρ
616 2147 789 2191 οῧκέστι
813 2146 1022 2195 καυστικὸς
1050 2145 1145 2187 οὐδὲ
1162 2146 1349 2198 μελαίνει,
1381 2143 1427 2187 ὅν
1447 2159 1570 2200 φησιν
1590 2143 1611 2186 ὃ
1631 2163 1748 2199 ποιη-

337 2212 410 2266 τὴς
446 2213 642 2269 ἀργῆτα
679 2212 932 2267 κεραυνόν
954 2213 1056 2268 ††),
1093 2211 1118 2267 ἢ
1141 2215 1240 2254 καίει
1268 2213 1333 2253 καὶ
1361 2211 1534 2265 μελαίνει
1563 2210 1610 2253 ὃν
1638 2215 1752 2253 καλεῖ

337 2279 538 2331 ψολοέντα
556 2281 681 2336 -Η-ῒ).
712 2280 759 2323 οὗ
787 2279 892 2323 πάνυ
921 2280 963 2322 δ’
988 2281 1071 2322 ἐστὶ
1099 2278 1311 2327 καυστικὸς
1338 2276 1360 2321 ὅ
1390 2276 1581 2334 κεραυνὸς
1604 2277 1670 2319 διὰ
1698 2277 1744 2318 τὸ

380 2433 416 2477 ἦ)
439 2438 616 2471 Meieorol.
640 2445 705 2471 vet.
736 2440 785 2480 X,
808 2436 865 2472 49.
895 2449 930 2481 p.
954 2436 1021 2471 205
1037 2447 1094 2480 sq.

380 2499 431 2543 **)
456 2505 555 2536 Iliad.
579 2505 697 2547 xvn,
720 2503 928 2538 547—550.

379 2566 456 2611 ***)
478 2568 561 2603 Ald.
585 2566 831 2614 δημιτριακόν.

378 2635 422 2676 †)
446 2634 519 2669 cfr.
548 2636 707 2678 Heyne
732 2640 767 2668 et
793 2635 916 2668 Voss
943 2634 986 2666 ad
1010 2631 1181 2679 virgil.
1209 2634 1326 2672 Georg.
1353 2629 1380 2671 I,
1409 2629 1483 2664 178.
1530 2628 1745 2671 Ruhkopf

422 2690 465 2722 ad
488 2691 647 2724 Senec.
678 2693 812 2732 Quaest.
837 2696 906 2723 nat.
930 2690 959 2732 Ι,
982 2692 1016 2723 2.
1045 2700 1080 2732 p.
1104 2690 1160 2721 22.

378 2752 449 2797 ††)
474 2755 546 2788 Cfr.
570 2759 746 2789 Meteoroz.
774 2756 835 2797 ΙΙΙ,
861 2758 891 2789 1.

377 2816 474 2858 †††)
503 2814 647 2851 Ψολοεὶς
670 2813 835 2860 κεραυνός
857 2817 934 2858 plus
958 2817 1065 2849 semel
1092 2814 1181 2858 apud
1204 2814 1448 2846 Homerum
1471 2811 1641 2854 ocem-it,
1677 2812 1738 2845 sed
