1774 3184
223 326 537 386 ET‘OLYMP.
568 333 630 374 IN
662 330 837 372 ARIST.
862 295 1194 371 METEOROL.
1226 327 1334 367 LIB.
1358 327 1386 366 1.
1458 319 1549 363 191

110 462 214 489 σατο
232 445 449 501 γενομένου
471 442 597 486 αὐτοῦ
618 443 709 498 περὶ
737 439 810 495 τὴν
839 439 970 497 ἀρχὴν
999 441 1072 482 τοῦ
1097 441 1344 495 ἲσημερινοῦ,
1368 438 1432 483 ὅτι
1450 439 1555 482 πάν-

111 532 194 563 τως
223 515 382 567 καὶτῆς
412 509 728 564 διακεκαυμένης
745 509 869 567 μέρος
897 514 1041 564 κρατεῖ
1046 527 1060 562 ‚-
1088 506 1180 562 ἢτὸ
1202 507 1471 563 ἀλεθέστερον
1499 509 1556 551 εἷ-

112 589 200 625 πεῖν
221 583 439 638 γέγραπται
458 586 546 629 τοῖς
566 581 756 627 παλαιοῖς
773 576 820 620 τό
837 575 965 620 ποσόν
976 574 1016 634 *)
1036 580 1110 632 τῆς
1129 575 1378 633 φαινομένης
1395 580 1557 632 παραλ-

113 650 266 700 λάξεως
294 651 422 699 λοξῶς
449 652 523 702 τῆς
551 646 800 703 φαινομένης
827 646 976 700 ἐποχῆς
1003 643 1109 700 πρὸς
1136 643 1210 699 τὴν
1239 643 1381 699 ἀληθῆ
1408 644 1557 700 ἐποχὴν

114 718 220 762 καθ’
256 718 426 761 ἕκαστον
455 719 591 769 κλῖμα.
637 716 703 756 καὶ
734 714 778 758 ἐκ
807 712 956 756 τούτου
982 716 1140 767 μᾶλλον
1169 706 1304 769 εὗρεν,
1345 711 1408 755 ὅτι
1437 713 1480 774 ἓν
1507 716 1559 770 τῇ

115 785 406 842 διακεκαυμένη
445 782 549 841 ζώνῃ
588 783 740 839 ἐγένετο
779 781 982 837 κομήτης·
1027 780 1093 824 ὅτε
1121 780 1199 837 γὰρ
1228 781 1354 837 μέγας
1381 780 1562 836 κομήτης

113 852 136 897 ὁ
166 853 378 910 γενόμενος
407 852 510 909 πρὸς
537 851 611 894 τὸν
641 852 683 893 ἒν
705 850 850 904 Ἀχαΐα
879 850 1057 905 σεισμὸν·
1074 851 1141 893 καὶ
1170 848 1246 904 τὴν
1274 852 1349 891 τοῦ
1382 847 1562 903 κύματος

113 922 266 979 ἔφοδον
295 921 479 977 (εἰκότως
497 936 574 976 γαρ
602 919 823 974 μέλλοντος
849 920 1035 974 γίνεσθαι
1064 921 1230 972 σεισμοῦ
1261 918 1327 959 καὶ
1359 920 1562 960 κατακλυ-

115 994 221 1045 σμοῦ
251 988 381 1046 ἐφάνη
411 988 537 1044 μέγας
565 1004 758 1042 κομήτης,
790 986 848 1029 δι’
873 986 920 1029 ὃν
942 985 1072 1041 πολλὴ
1102 1003 1153 1068 ην
1174 1004 1199 1040 η
1222 984 1481 1066 καπνώδης
1460 1002 1562 1027 ανα-

114 1058 340 1141 θυμιάσις)
377 1056 560 1099 ἐνταῦθα
585 1054 864 1112 σφοδρότατοι
894 1054 1075 1110 ἐγένοντο
1106 1052 1247 1106 ἄνεμοι
1286 1054 1354 1096 καὶ
1383 1051 1562 1109 υπόγειοι

115 1127 182 1168 καὶ
213 1125 406 1181 ἀπόγειοι.
452 1123 520 1167 διὰ
547 1124 624 1177 μὲν
650 1122 748 1172 τούς
782 1120 995 1178 ὑπογείους
1022 1122 1179 1178 γέγονεν
1209 1119 1230 1164 ὃ
1263 1121 1442 1176 σεισμός.
1494 1121 1564 1163 διὰ

117 1194 162 1236 δὲ
182 1193 278 1249 τοὺς
296 1192 506 1248 ἀπογειόυς
535 1190 729 1246 ἀλλήλοις
757 1191 801 1241 ἐξ
829 1191 1022 1234 ἐναντίων
1045 1189 1317 1242 πνεύσαντας,
1348 1190 1563 1247 έκορυφώ-

115 1266 175 1316 θη
197 1259 222 1316 ἣ
241 1260 440 1303 θάλασσα
469 1260 535 1302 καὶ
565 1258 729 1344 ἐπήρθη
761 1262 818 1309 εις
844 1258 957 1314 ὕψος
983 1259 1188 1315 μέγιστον.
1217 1256 1303 1301 εἶτα
1332 1257 1565 1313 ἀπολήξαν-

115 1346 186 1379 τος
223 1326 297 1371 τοῦ
336 1326 476 1384 ἑτέρου
514 1331 596 1371 τῶν
637 1327 797 1383 ἀνέμων
838 1327 1072 1412 ἓφημμένος
1112 1324 1318 1370 ε’παυσατο
1350 1324 1371 1370 ὃ
1402 1325 1563 1381 ἄνεμος,

115 1396 181 1438 ε’πὶ
209 1396 359 1439 ἐκεῖνον
388 1397 569 1452 ἐξημέθη
599 1396 648 1440 τὸ
667 1395 780 1454 ὕδωρ
810 1397 877 1438 καὶ
895 1396 1051 1452 γέγονεν
1071 1393 1329 1450 επικλυσμός.
1372 1394 1483 1438 οὐδὲ
1486 1394 1564 1451 γὰρ

117 1463 402 1519 κατακλυσμὸς
440 1464 516 1507 ἀπ’
549 1464 668 1508 ὖετοῢ
696 1466 859 1521 γίνεται.
918 1468 1071 1518 Olym
1081 1481 1120 1519 p.
1149 1467 1221 1506 fol.
1244 1470 1309 1516 13,
1329 1480 1364 1506 a.

229 1537 303 1585 VI,
323 1539 364 1575 8.
424 1534 510 1576 Καὶ
539 1538 662 1576 τοῦτο
691 1532 797 1590 πρὸς
816 1530 1105 1589 Ἱπποκράτην.
1156 1533 1349 1573 Δείκνυσι
1377 1529 1480 1586 γάρ,
1512 1528 1568 1579 ὡς

118 1601 182 1642 ἐπὶ
209 1599 407 1656 ἄρχοντος
424 1600 626 1651 Εὖκλεοῢς
645 1603 707 1655 **)
738 1602 889 1656 ἐγένετο
922 1598 1105 1654 κομήτης
1130 1598 1235 1654 πρὸς
1260 1597 1412 1655 ἄρκτον
1438 1598 1568 1654 μηνὸς

118 1669 399 1723 γαμηλιῶνος,
429 1668 638 1711 τουτέστιν
664 1666 782 1723 ήλίου
813 1666 931 1716 ὄντος
960 1667 1003 1710 ἒν
1030 1673 1117 1716 τοῖς
1142 1667 1293 1716 νοτίοις
1317 1665 1471 1722 μέρεσι.
1507 1671 1568 1725 τῷ

119 1739 342 1790 γαμηλιῶνι
375 1734 452 1791 γὰρ
480 1737 578 1790 μηνὶ
604 1735 647 1778 ἓν
675 1733 866 1792 ὓδροχόῳ
894 1735 1004 1778 ἔστιν
1024 1732 1045 1776 ὃ
1067 1733 1194 1789 ἣλιος.
1234 1738 1323 1784 πῶς
1353 1730 1426 1777 οὖν
1450 1732 1569 1789 ἡλίου

120 1802 241 1852 ὄντος
267 1803 310 1844 ἐν
341 1809 429 1852 τοῖς
454 1804 605 1853 νοτίοις
626 1804 758 1860 γέγονε
786 1802 994 1859 κομήτης;
1024 1794 1228 1846 ἀδύνατοι)
1253 1802 1331 1860 γὰρ
1359 1800 1414 1852 ὥς
1440 1802 1569 1858 ἔλεγεν

115 1869 398 1925 Ἱπποκράτης.
430 1871 640 1926 γαμηλιὼν
667 1872 712 1914 δὲ
742 1872 897 1928 ἐλέγετο
924 1871 1006 1926 μὴν
1035 1869 1139 1927 παρ’
1166 1868 1405 1926 Ἀθηναίοις
1433 1870 1500 1913 διὰ
1519 1870 1567 1913 τὸ

120 1938 214 1981 κατ’
238 1939 387 1981 ἐκεῖνον
407 1938 479 1980 τὸν
500 1939 642 1996 καιρὸν
662 1938 821 1995 γάμους
839 1940 1125 1983 ἐπιτελεῖσθαι.
1158 1938 1324 1996 εὔλογον
1340 1938 1419 1996 γάρ
1438 1938 1567 1998 ᾤοντο

117 2006 212 2050 τότε
240 2007 434 2063 σπείρειν,
466 2006 533 2050 ὅτε
555 2009 622 2050 καὶ
647 2005 672 2063 ἦ
701 2011 752 2063 γῆ
777 2007 1003 2064 ἀρδεύεται.
1035 2007 1260 2063 ἐπιτήδειος
1285 2007 1364 2065 γὰρ
1385 2006 1406 2050 ὃ
1428 2007 1570 2065 καιρός

121 2074 225 2131 πρὸς
246 2078 412 2131 καρπῶν
432 2074 594 2129 γένεσιν.
654 2080 858 2132 Olymp.
886 2081 960 2119 fol.
981 2083 1048 2130 13,
1065 2079 1106 2118 b.
1489 2094 1498 2114 ι

234 2147 316 2194 VI,
345 2149 411 2184 10.
472 2144 557 2184 Καὶ
583 2144 627 2187 ἐκ
647 2148 730 2187 τῶν
750 2147 840 2202 περὶ
857 2144 930 2188 τὸν
945 2145 1072 2202 μέγαν
1098 2144 1282 2200 κομήτην
1298 2143 1569 2201 Ὠρίωνα*“)

124 2209 464 2272 συμβεβηκότων,
495 2210 566 2267 ἐφ’
591 2211 707 2262 &aab
731 2211 752 2256 ὃ
775 2212 942 2268 σεισμός
965 2215 1033 2256 καὶ
1060 2211 1086 2267 ἢ
1109 2217 1183 2256 τοῦ
1214 2211 1395 2267 κύματος
1420 2211 1571 2268 ἔφοδος

169 2368 205 2410 *)
230 2366 353 2402 Πεσόν
376 2368 459 2403 Ald.

171 2426 228 2468 **)
253 2427 306 2459 Ita
321 2425 435 2460 Aldus
459 2428 686 2463 consentiens
711 2441 792 2464 cum
814 2429 938 2465 codice
962 2429 1188 2464 Morelliano.
1221 2430 1417 2464 Perversus
1441 2439 1570 2463 acce-n-

216 2489 274 2517 tus
300 2482 385 2517 inde
412 2489 535 2527 natus,
587 2487 682 2529 quod
718 2486 914 2521 minuscula
948 2486 1052 2521 litera
1083 2487 1250 2520 utebatur
1276 2486 1404 2520 scriba.
1453 2487 1570 2531 Saepe

215 2551 307 2576 vero
329 2541 395 2574 sub
419 2540 626 2576 minusculis
649 2543 774 2578 litteris
797 2545 942 2578 nomina
962 2543 1106 2588 propria
1129 2545 1240 2578 latere
1255 2543 1375 2578 docuit
1402 2544 1570 2579 Sohae-

215 2598 347 2632 ferus
381 2599 424 2631 ad
455 2599 754 2634 Plutarchum
789 2601 950 2645 pluribus
978 2600 1080 2636 locis.
1135 2602 1189 2635 Ita
1230 2613 1293 2636 ex.
1319 2611 1372 2647 gr.
1403 2600 1441 2635 in
1465 2605 1567 2636 Dion.

162 2651 164 2653 μ
217 2665 248 2688 c.
263 2656 308 2689 25
332 2655 560 2689 scribendum
585 2668 664 2690 esse
690 2662 751 2692 καὶ
764 2654 916 2702 Πρῶτος
931 2657 1000 2700 μὲν
1015 2654 1038 2691 'o‘
1057 2655 1280 2703 κυβερνήτης
1296 2658 1382 2703 (non
1399 2655 1571 2702 πρῶτος).

219 2710 292 2748 Adi
314 2713 418 2746 Tom.
441 2713 503 2748 IV.
529 2725 563 2757 p.
590 2715 670 2748 312.
704 2715 750 2750 V.
774 2727 808 2760 p.
832 2716 912 2750 339.
936 2713 1017 2750 445.
1041 2714 1121 2751 459.
1159 2728 1164 2732 ·

175 2776 253 2820 ***)
278 2779 411 2814 Mirum
437 2782 610 2826 loquendi
639 2794 776 2830 genus:
828 2783 898 2817 nisi
934 2785 1087 2819 fortasse
1126 2785 1352 2820 scribendum
1389 2782 1457 2820 τὸν
1488 2780 1570 2819 κατ’

220 2831 382 2881 Ὠρίωνα.
433 2838 564 2873 Similis
591 2847 708 2876 tamen
739 2847 792 2875 est
817 2852 925 2882 usus,
963 2841 1107 2876 nomina
1129 2843 1314 2886 locorum,
1345 2841 1406 2876 ubi
1433 2841 1570 2887 proelia
