1812 3158
22 85 31 133 ,τε

419 379 640 420 LmRUM
662 378 902 419 PRIMUM.
961 347 1081 417 cAp.
1099 378 1191 420 vn.
1419 366 1514 412 405

89 502 323 541 auctorem,
353 494 507 544 quippe
524 492 765 544 falsarium
778 522 789 541 ‚
823 499 954 543 putat
979 491 1143 529 saeculo
1170 490 1323 528 vixisse
1341 489 1518 541 fabellis

88 568 129 597 et
146 558 511 610 superstitionibus
538 573 623 597 non
642 561 729 597 iam
748 559 966 608 delectata,
996 557 1171 609 ideoque
1187 570 1269 595 non
1289 557 1517 604 addidisse,

89 625 275 677 lapidem
298 641 383 665 esse
403 627 519 665 caelo
542 626 764 677 delapsum.
811 627 927 665 Unde
945 639 1042 664 vero
1061 622 1271 674 delapsum
1284 626 1518 675 putaverit,

87 696 173 732 nisi
191 708 241 733 ex
262 695 379 732 caelo
401 695 469 732 vel
484 693 612 738 ae're?
667 691 850 733 Aliunde
871 695 981 732 enim
1000 694 1085 731 nisi
1105 692 1221 729 illinc
1241 692 1354 730 nihil
1378 691 1518 730 delabi

87 763 134 799 in
162 762 350 799 tellurem
372 770 524 813 potest.
590 763 710 801 N'ota
739 776 831 799 vero
871 757 913 799 ἓν
939 756 1070 813 Αἰγὸς
1106 763 1305 810 ποταμοῖς
1337 774 1423 798 esse
1455 758 1522 797 ad

88 827 202 880 Aeg
216 842 238 866 o
250 841 270 865 s
289 826 502 883 flumen
510 843 527 875 ;
567 843 651 867 non
682 830 792 867 enim
808 829 986 883 flumini
1009 828 1185 878 illapsus
1204 829 1327 880 lapis,
1354 829 1431 866 sed
1451 828 1517 864 ia·-

87 897 171 933 cuit
191 897 238 933 in
253 896 338 934 solo
350 912 363 934 :
391 898 454 933 sic
472 893 688 935 Plinius
711 898 874 935 Histor.
895 902 989 934 nat.
1007 897 1055 944 H,
1071 896 1122 934 59
1150 908 1239 932 eum
1258 895 1364 933 dicit
1378 895 1518 945 fuisse

87 963 157 1000 ad
171 963 345 1015 Aegos
362 961 572 1014 flumen
599 964 890 1016 magnitudine
909 962 1039 1011 veliis,
1067 961 1338 1014 Diogenes
1358 962 1518 1000 Lae'r-

86 1031 195 1067 tius
211 1031 267 1076 II,
290 1032 341 1069 10
362 1029 450 1084 περὶ
461 1028 593 1084 Αἰγὸς
611 1028 797 1082 ποταμόν
809 1027 847 1084 *)
870 1037 911 1067 et
928 1029 1124 1068 similiter
1144 1028 1299 1067 Philo
1310 1044 1330 1066 s
1343 1038 1389 1067 tr
1399 1043 1427 1067 a
1438 1037 1517 1067 tus

89 1097 135 1135 V
131 1098 177 1135 it.
199 1095 390 1150 Apollon.
416 1101 547 1150 eran.
569 1095 612 1148 I,
635 1103 675 1138 2.
719 1099 889 1136 Primus
914 1096 1017 1134 inter
1035 1098 1276 1147 superstites
1295 1098 1517 1149 scriptores

84 1162 206 1202 huius
239 1163 393 1216 lapidis
424 1168 613 1204 meminit
646 1166 780 1204 Aris
794 1173 842 1202 to
854 1161 1008 1202 teles:
1044 1164 1121 1201 sed
1146 1171 1399 1202 memorarat
1430 1166 1517 1201 iam

86 1234 160 1282 qui
188 1241 271 1270 tum
298 1236 432 1283 ipsum
457 1235 596 1280 vixit,
643 1234 920 1284 Diogenes
957 1231 1348 1282 Apolloniates
1391 1230 1517 1280 (vide

84 1295 229 1338 Stob.
258 1298 404 1352 Eelog.
418 1300 540 1352 phys.
573 1303 612 1349 I,
636 1302 704 1340 25.
734 1314 776 1352 p.
798 1302 878 1339 508
911 1299 974 1337 ed.
996 1296 1206 1336 Heeren
1223 1295 1307 1350 '‘²‘);
1350 1298 1517 1337 Theo-

84 1365 144 1403 do
158 1375 244 1404 ret
265 1367 336 1407 Gr.
361 1367 438 1422 aff
457 1383 542 1409 cur.
574 1369 647 1418 IV,
666 1382 706 1421 p.
725 1370 822 1407 797.
852 1367 912 1425 ed.
938 1369 1022 1405 Ha
1034 1364 1096 1418 l.).
1155 1367 1261 1404 Rem
1277 1366 1518 1417 Anaxago-

84 1447 174 1471 ram
180 1434 442 1485 fabulantur
453 1437 724 1487 praedixisse
745 1433 939 1487 (Diogen.
959 1434 1107 1475 Lae'rt.
1132 1431 1239 1471 Plin.
1263 1433 1305 1471 ll.
1326 1446 1382 1472 cc.
1411 1433 1517 1472 Am-

84 1503 208 1540 mian.
234 1504 472 1540 Marcellin.
501 1504 544 1541 ll.
574 1517 632 1541 cc.
671 1511 710 1540 et
751 1505 973 1541 Tzetzes
1005 1501 1189 1540 Chiliad.
1214 1499 1304 1552 ***).
1359 1502 1517 1553 Nempe

83 1582 331 1620 consequens
350 1570 448 1620 suit
465 1571 761 1621 Anaxagorae
784 1567 964 1619 placitis
988 1581 1038 1606 ex
1058 1568 1141 1605 sole
1172 1567 1353 1619 aliisque
1383 1568 1518 1606 caele-

82 1636 216 1674 stibus
248 1637 495 1687 corporibus
523 1638 770 1675 violentiore
806 1643 921 1674 motu
946 1649 1065 1686 posse
1098 1635 1269 1686 aliquid
1294 1634 1518 1685 abruptum

86 1703 229 1741 delabi
235 1717 252 1750 ;
281 1704 389 1742 unde
415 1712 523 1742 nata
540 1701 720 1756 fabula,
752 1704 879 1755 quasi
899 1702 961 1740 ad
977 1702 1116 1754 Aegos
1134 1703 1300 1752 flumen
1323 1716 1518 1741 casurum

84 1770 270 1820 lapidem
287 1772 575 1823 Anaxagoras
595 1771 769 1810 dixerit.
830 1770 939 1810 Vide
969 1770 1003 1808 S
1010 1770 1024 1806 i
1036 1767 1051 1807 l
1059 1783 1080 1807 e
1092 1784 1119 1807 n
1130 1784 1207 1807 um
1236 1770 1354 1820 apud
1381 1771 1484 1808 Dio
1495 1792 1518 1799 -

78 1851 196 1888 gen.
228 1838 408 1879 Laie‘rt.
436 1842 498 1890 H,
521 1841 586 1878 11.
623 1837 910 1877 Plutarch.
939 1837 1151 1888 Lysandr.
1184 1837 1249 1876 12.
1286 1838 1362 1877 ubi
1389 1839 1438 1877 de
1468 1852 1515 1877 eo

126 2004 163 2048 *)
190 2006 309 2040 Verba
333 2006 423 2040 haec
445 2010 548 2049 sunt3
593 2007 679 2047 φασὶ
704 1999 744 2038 δ’
769 2000 884 2039 αὔτδν
914 2002 1005 2048 [τὸν
1027 1999 1301 2049 Ἀναξαγόραν]
1327 2003 1516 2048 προειπεῖν

171 2059 241 2105 τὴν
262 2066 346 2107 περὶ
371 2059 487 2106 Αἰγὸς
515 2059 683 2105 ποταμόν
713 2061 910 2106 γενομένην
932 2058 998 2094 τοῦ
1019 2058 1129 2095 λίθου
1151 2058 1314 2106 πτῶσιν,
1346 2057 1390 2095 ὃν
1416 2061 1516 2097 εἶπεν

172 2117 212 2151 ἐκ
235 2115 296 2151 τοῦ
318 2114 421 2162 ἡλίου
442 2118 653 2154 πεσεῖσθαι.

126 2205 184 2249 **)
213 2205 386 2251 Διογενής
407 2202 636 2250 κισοηροειδῆ
657 2204 702 2241 ταὶ
729 2204 859 2250 ἄστρα,
888 2203 1079 2241 &amalae
1106 2203 1143 2241 δὲ
1172 2204 1263 2241 αὗτιὶ
1288 2204 1424 2250 νομίζει
1452 2203 1516 2240 τοῦ

173 2260 324 2306 κόσμου,
348 2261 442 2296 εἶναι
466 2260 503 2295 δὲ
531 2258 705 2306 διάπυρα.
746 2263 1095 2305 Συμπεριφίρεσθαι
1119 2260 1156 2296 δὲ
1180 2263 1254 2296 τοῖς
1278 2263 1445 2307 φανεροῖς
1471 2260 1516 2295 ἆ-

174 2328 293 2362 στροις
317 2314 468 2361 α’φανεῒς
491 2316 634 2357 λίθους,
663 2322 723 2352 καὶ
740 2314 827 2361 παρ’
846 2313 940 2351 adro·
963 2315 1060 2352 τοῦτ’
1077 2314 1304 2361 α’νωνύμους·
1331 2319 1515 2352 πίπτοντα

175 2370 212 2407 δὲ
237 2369 413 2407 πολλάκις
438 2372 496 2407 ἐπὶ
523 2371 588 2416 τῆς
611 2373 676 2418 γῆς
700 2376 942 2419 σβέννυσθαι·
974 2370 1148 2418 καθάπερ
1172 2375 1238 2408 τόν
1263 2372 1302 2408 ἐν
1317 2371 1428 2419 Αἰγὸς
1450 2386 1516 2407 πο-

173 2431 303 2471 ταμοῖς
325 2426 498 2473 πυρωδῶς
524 2431 792 2472 κατενεχθέντα
817 2428 951 2474 ἀστέρα
976 2431 1155 2475 πέτρινον.
1184 2430 1319 2474 Quodsi
1337 2431 1514 2464 Heeren

174 2486 263 2520 dixit
287 2487 378 2519 hanc
402 2486 609 2519 senteutiam
635 2498 655 2519 a
679 2487 843 2524 nemine..
876 2491 1123 2530 praetercpmm
1158 2498 1177 2520 a
1209 2487 1404 2521 Stobaeo
1438 2498 1515 2521 esse

176 2542 388 2587 expositam,
415 2554 457 2577 ea
482 2543 518 2576 in
541 2555 581 2577 re
606 2547 726 2586 aperie
741 2543 851 2575 falsus
866 2548 931 2575 est.
957 2543 1021 2576 cfr.
1036 2544 1270 2578 Plutarch.
1287 2545 1513 2578 Plac.Ph1'los.

175 2602 219 2642 ll,
245 2603 298 2637 13.
333 2601 439 2633 Tom.
468 2600 530 2634 IV.
559 2612 595 2644 p.
617 2600 695 2634 576.
720 2599 956 2644 VVyttenb.
982 2601 1016 2634 8.

131 2690 188 2711 *²¹¹*
240 2692 273 2724 lI
322 2693 344 2724 8
368 2694 409 2724 2:

191 2689 207 2734 >
285 2692 408 2780 ’Ὁ9δέ
432 2759 471 2791 γε
496 2743 745 2790 Κλαζομένιος
770 2742 889 2780 πάλιν
915 2741 1156 2790 ,Ἀναξαγόρας

310 2800 367 2841 Ἐξ
391 2799 545 2848 οὐρανοῦ
568 2803 750 2848 προέφησε
774 2800 901 2836 λίθους
922 2800 1194 2846 κατενεχθῆναι

312 2854 368 2893 Ἑν
390 2858 568 2904 ποταμοῖς
592 2858 668 2893 τοῖς
690 2856 757 2903 τῆς
775 2853 890 2904 Αἰγὸς
911 2855 1073 2902 (Θρᾴκης
1099 2855 1137 2895 δὲ
1161 2857 1268 2895 τοῦτο
1291 2858 1414 2903 πόλις)
