1774 3198
297 348 388 403 418
510 354 954 395 COMMENTARIUS
980 354 1039 393 IN
1062 355 1468 394 METEOROLOG.

408 470 468 514 ¹2:
497 464 652 502 τοιοῦτο
681 460 727 501 δέ
753 459 893 509 Α.,Εῐ·.
921 463 1078 501 τοιοῦτο
1109 462 1172 500 δεῖ·
1196 463 1304 500 cam.
1336 482 1385 490 --
1415 460 1461 502 τὸ
1482 470 1570 504 ante
1588 462 1695 516 γινό-

294 545 413 582 μενον
434 531 649 567 delevimus
669 541 757 566 cum
777 529 885 566 E.N.
898 529 949 567 A.
1004 529 1109 567 Vide
1133 528 1204 565 G6
1217 529 1387 578 ttling.
1406 529 1466 566 l.1.
1483 550 1538 556 --
1565 531 1697 569 Verba

295 592 496 647 ἡτοιαύτη
510 595 753 632 omisitCam.
770 615 819 622 —·
841 591 900 632 τὰ
929 592 1078 632 ἕνδεὸ
1091 591 1239 644 εμένα
1267 590 1432 645 ἄστρα
1459 601 1550 632 suut
1566 597 1698 635 stenae

294 662 407 709 fixae,
427 667 471 698 ut
486 661 589 711 apud
619 658 876 698 Plutarch.
901 660 1108 709 Lysandr.
1131 664 1195 698 12.
1219 662 1420 702 TomIII.
1450 674 1490 711 p.
1514 661 1605 698 144.
1637 662 1699 699 ed.

294 729 512 766 Hutten:
543 723 594 764 τὰ
621 723 722 764 κατὰ
751 722 821 764 τὸν
850 721 1022 774 οὐρανὸν
1051 722 1279 776 ἐνδεδεμένα
1304 722 1484 776 σώματα.
1525 729 1702 777 Empe-

295 794 470 831 docles
497 791 604 843 apud
634 791 888 831 Plutarch.
917 793 1031 829 Plae.
1044 792 1154 841 phil.
1173 793 1226 839 II,
1252 796 1301 830 13
1326 792 1449 830 dixit:
1478 789 1551 838 τὰς
1573 789 1701 830 ἀπλα-

294 863 372 904 νεῖς
401 856 568 910 ἀστέρας
594 856 858 896 συνδεδέσθαι
880 860 936 911 τῷ
955 854 1203 911 κρυστάλλῳ.
1232 855 1390 896 Arist.
1415 858 1463 895 de
1485 859 1592 896 coelo
1611 861 1662 907 Π,
1677 848 1707 896 8

295 925 349 962 ait
375 938 456 962 non
484 925 590 975 ipsos
619 926 792 975 planetas
816 925 992 973 moveri,
1021 924 1090 962 sed
1108 924 1292 975 sphaeras
1311 937 1477 974 eumque
1496 924 1544 962 iis
1573 920 1703 975 ἄστρα

296 987 526 1039 ἐνδεδεμένα
553 994 637 1035 τοῖς
665 987 834 1035 κύκλοις.
893 991 956 1027 De
977 990 1153 1040 sphaeris
1177 991 1280 1028 enim
1307 990 1391 1028 istis
1417 990 1501 1039 ipse
1531 990 1584 1028 ait
1611 985 1703 1027 ἑκά-

297 1067 369 1106 στη
400 1059 551 1107 σφαῖρα
580 1057 696 1105 σῶμα
724 1052 904 1106 τυγχάνει
936 1052 993 1093 ὅν.
1025 1056 1050 1094 l.
1074 1057 1100 1095 l.
1130 1057 1183 1104 II,
1201 1060 1251 1094 12
1275 1062 1372 1093 extr.
1404 1055 1702 1094 cleomedes

296 1123 465 1159 Meteor.
485 1124 516 1169 I,
538 1126 643 1171 3.⁴p.
671 1124 718 1158 15
748 1121 877 1160 Balf.
907 1121 1031 1158 utitur
1059 1121 1190 1159 eadem
1213 1117 1491 1172 significatione
1512 1121 1703 1159 vocabulo

296 1183 601 1238 ἐμπεριεχόμενα
631 1183 773 1238 ἄστρα.
831 1187 1071 1236 Oppositum
1098 1188 1336 1225 vocabulum
1357 1194 1415 1225 est
1443 1184 1704 1237 ἕκδεδεμένος.

295 1253 366 1290 cfr.
398 1253 446 1289 de
473 1253 580 1290 coelo
609 1255 667 1298 Π,
689 1255 728 1291 7.
760 1265 798 1302 p.
821 1254 924 1299 289,
943 1265 989 1289 a:
1018 1254 1089 1290 τοῦ
1118 1250 1158 1290 δ’
1185 1250 1301 1303 ἀέρος
1329 1249 1405 1291 ὑπὸ
1435 1251 1507 1303 τὴν
1536 1254 1607 1292 τοῦ
1636 1267 1707 1291 κυ-

296 1318 430 1355 κλικοῦ
470 1314 654 1366 σώματος
693 1321 867 1369 σφαῖραν
896 1313 1010 1362 ὄντος
1038 1314 1186 1369 ἀνάγκη
1218 1316 1438 1369 φερομένης
1469 1317 1616 1369 ἐκείνης
1645 1317 1705 1356 ε’κ-

296 1381 609 1434 θερμαίνεσθαι,
639 1382 703 1421 καὶ
731 1379 859 1434 ταύτῃ
886 1379 1084 1431 μάλιστα,
1114 1375 1139 1435 ᾗ
1167 1379 1188 1422 ὃ
1219 1381 1329 1434 ἥλιος
1356 1381 1565 1434 τετύχηκεν
1597 1382 1706 1422 ἐκδε-

296 1445 465 1497 δεμένας.
497 1445 558 1486 διὸ
581 1445 629 1498 δὴ
658 1444 943 1498 πλησιάζοντός
966 1462 1007 1486 τε
1029 1446 1152 1487 αὐτοῦ
1179 1448 1243 1487 καὶ
1264 1446 1492 1499 ἀνίσχοντος
1520 1449 1585 1488 καὶ
1604 1446 1705 1502 ’ὑπὲρ

295 1508 401 1563 ἡμᾶς
439 1510 554 1558 ὄντος
590 1511 733 1564 γίνεται
763 1509 787 1563 ἡ
816 1509 1033 1566 θερμότης.
1100 1516 1144 1553 In
1177 1515 1238 1553 his
1268 1511 1288 1554 ὅ
1318 1512 1430 1566 ’ἥλιος
1458 1513 1707 1566 ε’κδεδεμένος

296 1575 506 1629 τετύχηκεν
533 1579 632 1616 nihil
658 1579 766 1616 aliud
800 1580 1007 1630 significat,
1048 1580 1122 1618 nisi
1149 1582 1292 1629 solem,
1331 1588 1538 1632 postquam
1574 1583 1706 1632 aliquo

296 1644 394 1682 caeli
421 1646 570 1694 inuloco
595 1645 804 1695 aliquando
825 1652 1000 1689 moratus
1030 1646 1159 1698 (quasi
1187 1645 1460 1698 ἐνδεδεμένος)
1492 1654 1596 1694 erat,
1629 1648 1708 1685 iam

295 1712 462 1761 amplius
484 1711 526 1749 in
546 1724 615 1748 suo
636 1711 778 1748 itinere
797 1712 1028 1762 procedere.
1087 1712 1199 1751 Patet
1218 1713 1310 1750 inde
1329 1711 1590 1752 Aristotelem
1608 1715 1709 1752 bene

296 1778 491 1814 censuisse
508 1791 589 1814 non
607 1790 653 1814 eo
675 1783 855 1827 tempore
876 1779 1092 1831 maximum
1119 1779 1256 1816 sentiri
1275 1780 1443 1817 calorem
1457 1809 1468 1828 ‚
1498 1794 1574 1831 quo
1600 1793 1708 1817 sum-

296 1855 399 1878 mam
422 1843 669 1880 altitudinem
690 1844 747 1879 sol
769 1850 902 1881 nactus
926 1845 976 1881 sit
997 1840 1109 1894 (ὅταν
1128 1842 1377 1894 ε’κδεδεμένος
1393 1844 1609 1897 φαίνηται),
1638 1846 1707 1884 sed

296 1907 412 1958 paulo
455 1915 544 1957 post
573 1912 580 1944 (
591 1903 686 1945 ὅταν
715 1906 964 1957 ἐκδεδεμένος
990 1908 1271 1959 μεθ’ίστηται),
1312 1924 1427 1960 quam
1457 1911 1708 1949 animadver-

296 1974 444 2010 sionem
473 1986 635 2023 prorsus
658 1987 747 2011 cum
767 1975 907 2012 nostris
926 1975 1266 2012 observationibus
1286 1982 1582 2015 consentaneam
1615 1975 1706 2027 (cfr.

297 2040 474 2076 Kfimtz
496 2039 713 2076 Lehrbuch,
734 2039 1070 2078 derMeteorol.1.
1090 2053 1128 2090 p.
1148 2038 1218 2091 85)
1248 2039 1366 2078 addas
1386 2041 1505 2079 velim
1525 2042 1586 2087 iis,
1609 2055 1707 2092 quae

297 2105 509 2142 Meteorol.
531 2114 606 2142 vet.
629 2106 698 2142 Gr.
722 2113 760 2142 et
778 2107 955 2143 Roman.
985 2106 1059 2153 XI,
1082 2106 1146 2142 51.
1178 2118 1219 2156 p.
1241 2110 1334 2144 212.
1365 2108 1514 2146 monui.
1542 2128 1592 2133 —-
1624 2121 1707 2146 τοι-

298 2171 408 2208 οὗτοι
438 2184 511 2220 pro
542 2161 651 2208 οὗτοι
680 2172 726 2209 Ε.
745 2168 799 2208 A.
823 2173 889 2209 Er.
913 2174 1006 2221 Bag.
1038 2169 1147 2208 tales.

409 2240 473 2274 13.
511 2231 531 2274 ὃ
558 2234 604 2274 δέ
626 2250 701 2287 pro
726 2232 747 2274 ὃ
771 2233 820 2287 δή
849 2238 898 2275 A.
925 2239 1032 2276 Cam.
1057 2239 1124 2275 Er.
1159 2240 1208 2266 '—
1237 2241 1282 2277 In
1301 2240 1562 2289 sequentibus,
1589 2253 1707 2290 prae-

297 2306 403 2339 terea
424 2302 530 2351 quod
549 2299 709 2341 πάντων
731 2317 803 2354 pro
826 2298 1010 2342 ἁπάντων
1040 2303 1228 2342 exhibent
1254 2301 1310 2342 A.
1331 2306 1436 2344 Cam.
1458 2308 1525 2344 Er.
1548 2312 1587 2343 et
1607 2309 1711 2344 ποιεῖ

297 2380 371 2417 pro
391 2371 514 2405 ποιεῖν
541 2370 587 2405 Ε.
599 2397 611 2416 ,
644 2382 742 2420 quae
762 2370 915 2408 leviora
933 2376 1043 2418 sunt,
1074 2370 1234 2419 insignis
1255 2377 1312 2408 est
1331 2372 1506 2410 lectionis
1525 2372 1705 2409 varietas.

296 2432 496 2471 Nimirum
527 2440 617 2484 post
646 2433 796 2485 κίνησις
822 2437 868 2474 Α.
899 2436 1007 2474 Cam.
1035 2438 1102 2474 Er.
1127 2437 1173 2474 P.
1197 2438 1236 2475 S.
1255 2437 1341 2476 Cas.
1367 2437 1516 2475 addunt
1543 2431 1705 2474 ἀνάπτει

298 2503 336 2534 et
358 2505 446 2548 post
474 2496 678 2549 ἐκριπίζειν
706 2502 746 2538 Η
780 2506 819 2538 et
838 2515 972 2552 margo
994 2502 1078 2540 cod.
1105 2502 1147 2539 F.
1183 2499 1281 2554 ἀέρα
1309 2501 1372 2540 καὶ
1403 2499 1609 2551 διακρίνειν
1639 2498 1704 2538 διὰ

296 2559 342 2600 τὸ
361 2566 434 2601 τοῦ
458 2561 603 2603 κύκλου
620 2563 793 2616 μέγεθος
813 2573 852 2604 et
867 2568 920 2605 ita
939 2569 981 2606 in
1000 2582 1071 2606 suo
1094 2569 1210 2606 etiam
1233 2569 1381 2618 reperit
1400 2565 1602 2603 Accora
1615 2567 1702 2606 mb.

295 2641 336 2677 p.
356 2630 434 2668 475
464 2636 503 2667 et
522 2637 720 2681 tamquam
746 2633 901 2672 litterae
924 2634 1207 2672 correctionem
1223 2633 1400 2684 protulit,
1431 2631 1555 2668 edidit
1579 2633 1701 2680 Cam„

294 2692 337 2729 in
365 2696 539 2744 margine
565 2698 719 2734 notavit
747 2698 833 2735 Cas.
859 2700 952 2748 Bag.
985 2706 1024 2736 et
1039 2699 1185 2749 facere
1206 2700 1285 2736 tale
1307 2697 1475 2746 aliquid
1502 2695 1558 2747 (et
1580 2697 1703 2745 exuf-

287 2756 429 2808 flare)
468 2765 507 2796 et
537 2760 579 2798 in
605 2762 803 2810 margine:
851 2764 905 2801 al.
935 2771 976 2800 ec
1003 2765 1188 2801 excitare
1225 2763 1358 2800 a'e'rem
1391 2771 1429 2799 et
1462 2763 1701 2813 disgregare
