1774 3198
303 364 392 409 532
514 372 960 412 COMMENTARIUS
987 373 1047 411 IN
1075 373 1479 412 METEOROLOG.

301 481 340 523 εἷ’
360 497 419 529 τις
449 481 599 534 ἄγγειον
628 479 670 520 ἐκ
701 484 824 535 κηροῦ
853 479 1021 533 ποιήσας
1049 483 1182 521 κοῖλον
1210 482 1276 522 καὶ
1306 481 1447 522 λεπτὸν
1483 484 1623 536 καθείη
1664 484 1703 530 ἐς

300 547 371 600 τὴν
399 546 631 596 θάλατταν,
673 544 828 603 ἐξάψας
854 545 1004 597 ποθέν,
1041 544 1141 587 ὥστε
1175 546 1452 599 ἀνιμήσασθαι
1490 547 1700 599 δύνασθαι,

301 612 442 659 νυκτὸς
474 612 518 652 δὲ
547 610 786 665 διελθούσης
822 613 886 652 καὶ
915 609 1067 667 ἡμέρας
1103 612 1265 666 ἀρύεται
1302 614 1574 667 πεπλησμένον
1610 618 1704 668 γλυ-

300 678 386 725 κέος
412 693 454 719 τε
483 678 547 717 καὶ
575 678 745 730 ποτίμου
773 676 922 726 ὕδατος
948 678 1096 730 μεστὸν
1125 677 1235 719 αὐτό.
1291 682 1414 719 Plin.
1433 685 1544 721 Hist.
1563 691 1701 721 natur.

300 747 468 793 XXXI,
490 750 563 784 37:
592 744 697 783 Item
716 746 917 784 demissae
943 749 1127 785 reticulis·
1147 750 1192 784 in
1211 761 1325 785 mare
1345 762 1552 785 concavae
1572 762 1592 784 e
1612 762 1705 785 cera

294 813 412 862 pilae
427 812 495 849 vel
509 826 610 850 vasa
636 814 785 849 inania
811 811 1006 850 obturata
1033 813 1188 850 dulc-em
1212 816 1326 850 intra
1348 827 1390 850 se
1409 815 1603 864 colligunt
1628 813 1706 851 Ῐια-

299 892 464 917 morem.
523 879 631 915 Nam
663 881 708 916 in
733 887 847 915 terra
871 880 1038 916 marina
1065 892 1179 928 aqua
1204 866 1357 928 argilla
1373 882 1587 929 percolata
1615 880 1706 917 dul-

300 946 431 982 cese-it.
448 966 501 971 —
530 945 634 982 Vasa
650 943 747 982 haec
770 944 813 981 in
830 957 938 982 mare
959 944 1142 992 demissa,
1172 951 1216 983 ut
1232 946 1387 987 dulcem
1407 946 1511 982 intra
1530 958 1570 982 se
1595 944 1707 982 colli-

300 1017 391 1062 gant
410 1010 634 1059 humorem,
665 1010 969 1061 clepsydrae
999 1010 1252 1049 vocabantur.
1283 1010 1419 1049 Probi.
1438 1013 1487 1058 II,
1509 1012 1546 1048 1.
1577 1002 1707 1047 Aliam

298 1077 439 1127 procul
458 1076 577 1114 dubio
595 1077 645 1113 de
664 1089 784 1127 aquae
804 1077 979 1115 marinae
998 1081 1136 1115 natura
1154 1078 1377 1129 opinionem
1396 1076 1531 1114 habuit
1549 1075 1708 1114 Theo-

298 1141 544 1193 phrastus
573 1142 621 1178 de
648 1156 761 1180 caus.
787 1143 975 1191 plantar.
999 1144 1054 1190 ΙΙ,
1089 1145 1135 1191 5,
1162 1147 1201 1182 2.
1239 1158 1277 1195 p.
1299 1146 1389 1191 399,
1428 1156 1518 1180 cum
1540 1141 1707 1180 diceret:

299 1203 324 1258 ἦ
347 1205 390 1246 δὲ
408 1203 596 1246 θάλαττα
614 1205 744 1246 πολλὰ
773 1206 840 1246 καὶ
866 1211 1036 1246 παντοῖα
1063 1204 1164 1259 φύει.
1200 1208 1269 1247 καί
1296 1207 1401 1247 ἐστιν
1433 1205 1564 1260 ὥσπερ
1599 1205 1707 1261 ζῴων

299 1287 337 1312 τι
365 1270 474 1324 γένος
499 1270 541 1311 ἓν
569 1270 671 1326 αὐτῇ
700 1272 766 1312 καὶ
795 1275 944 1326 φυτῶν.
976 1270 1082 1312 ‘'Ooa
1112 1270 1154 1312 δ’
1179 1272 1220 1312 ἓν
1248 1276 1298 1326 τῇ
1328 1271 1526 1323 ammi&
1563 1271 1707 1323 δένδρα

297 1335 470 1389 μέγεθος
496 1335 637 1387 ἔχοντα
655 1338 721 1377 καὶ
741 1337 894 1392 καρπὸν
910 1336 1090 1390 τυγχάνει
1116 1336 1205 1391 (cfr.
1217 1342 1378 1377 Histor.
1385 1339 1573 1388 plantor.
1593 1340 1662 1387 IV,
1683 1344 1706 1377 9

298 1405 432 1455 ibique
459 1411 593 1442 notam
627 1405 994 1456 Schneideri),
1038 1403 1127 1456 περὶ
1162 1400 1315 1443 τούτων
1346 1402 1417 1443 οὒκ
1446 1401 1494 1443 ἄν
1521 1418 1582 1449 τις
1611 1401 1708 1448 ἴσως

304 1467 473 1520 ἀποδοίη
503 1472 553 1523 τῇ
581 1467 768 1523 θαλάττῃ
804 1468 878 1522 τὴν
903 1467 1078 1523 τροφήν,
1110 1467 1200 1508 ἀλλ’
1226 1468 1420 1520 ἐνδέχεται
1447 1467 1616 1520 πότιμον
1645 1467 1709 1507 ἕλ-

303 1550 382 1575 κειν
413 1533 454 1575 ἒν
483 1538 533 1589 τῇ
559 1538 608 1589 γῇ
632 1533 705 1582 τὰς
732 1533 859 1590 ῥίζας,
890 1535 962 1588 τὴν
984 1535 1026 1575 δὲ
1054 1533 1265 1575 θάλατταν
1297 1534 1454 1586 ἀβλαβῆ
1482 1532 1553 1586 τὴν
1580 1533 1709 1587 περιέ-

297 1615 451 1652 χουσαν
467 1597 578 1651 εἶναι,
607 1600 794 1654 καθάπερ
825 1602 890 1641 καὶ
918 1600 963 1642 τὸ
994 1599 1104 1655 ὕδωρ
1135 1605 1220 1648 τοῖς
1248 1599 1437 1652 ἐνύδρως.
1477 1598 1599 1639 Ἀλλὰ
1618 1598 1708 1639 τοὺ-

299 1682 380 1707 των
408 1667 481 1718 μὲν
506 1666 595 1722 πέρι
626 1666 742 1720 λόγος
761 1666 903 1721 ἕτερος.
932 1668 997 1708 καὶ
1018 1665 1094 1708 ὅσα
1116 1666 1164 1720 ὁὴ
1185 1665 1284 1721 πρὸς
1313 1665 1415 1721 αὐτῇ
1443 1669 1493 1720 τῇ
1522 1663 1708 1719 θαλάττῃ

300 1731 452 1787 φύεται,
491 1733 640 1787 χρῆταί
663 1749 748 1781 πως
773 1736 822 1788 τῇ
851 1731 1036 1788 ἇλμυρίδι
1065 1731 1165 1787 πρὸς
1192 1731 1418 1774 εὗσθένειαν
1449 1733 1513 1772 καὶ
1541 1730 1709 1786 τροφήν.

300 1801 342 1838 Si
370 1801 475 1838 enim
505 1801 688 1850 eandem,
735 1815 850 1851 quam
877 1802 1201 1839 Aristoteles
1237 1800 1434 1838 habuisset
1461 1800 1708 1845 sententiam,

299 1867 441 1916 procul
466 1867 584 1904 dubio
616 1867 778 1905 dixisset
807 1868 848 1904 in
875 1868 1104 1905 alimentum
1115 1877 1123 1909 j
1142 1867 1358 1905 absorberi*
1379 1873 1530 1904 tantum
1558 1878 1708 1903 meram

299 1944 452 1982 aquam,
463 1932 634 1983 relinqui
653 1939 788 1971 contra
811 1932 1002 1983 quidquid
1018 1932 1165 1970 terreni
1186 1938 1225 1969 et
1242 1933 1354 1970 salini
1371 1933 1581 1969 admistum
1598 1938 1708 1968 esset.

298 1998 418 2039 Adde
445 1998 575 2036 Schol.
597 1999 801 2036 Farnesin.
825 1997 956 2036 Stob.
979 1998 1123 2047 Eelog.
1147 1999 1319 2037 Tom.H.
1339 2011 1381 2048 p.
1399 1997 1478 2035 445
1495 2012 1550 2048 sq.
1571 2019 1625 2026 —-
1653 1995 1709 2041 εἷς

299 2058 509 2102 θάλατταν
529 2064 670 2101 omisso
691 2064 858 2108 articulQ
873 2066 920 2102 F.
939 2084 992 2090 —-
1019 2059 1044 2114 ἢ
1065 2064 1136 2113 τῆς
1154 2060 1363 2114 θαλάττης
1381 2063 1514 2102 addito
1532 2059 1556 2114 ἢ
1575 2064 1709 2113 inepte

257 2164 262 2168 .
303 2129 413 2167 Cam.
426 2151 481 2158 --
495 2143 534 2168 τι
550 2118 660 2167 addit
676 2132 725 2168 F.
746 2131 799 2168 ita
815 2136 862 2167 ut
879 2120 978 2167 &ero
998 2130 1123 2167 simile
1139 2130 1188 2167 sit
1207 2129 1504 2178 Camotium‚
1536 2129 1602 2179 qui
1623 2130 1708 2167 fere

299 2201 521 2233 constanter
541 2195 702 2237 exhibet
722 2196 910 2234 lectiones
938 2195 1081 2234 codicis
1101 2197 1148 2234 F.
1179 2191 1202 2246 ἢ
1224 2210 1312 2244 cum
1333 2210 1370 2234 τι
1390 2196 1624 2234 confudisse.
1655 2214 1707 2222 ——-

299 2256 500 2313 παρεισιὸν
528 2274 603 2311 pro
629 2258 676 2300 τὸ
701 2258 777 2314 γὰρ
801 2258 921 2300 εἷσιόν
944 2261 1061 2299 habet
1081 2261 1199 2299 Alex.
1227 2261 1324 2300 Aldi
1351 2262 1420 2300 fol.
1443 2266 1508 2311 98,
1532 2275 1568 2301 a.

409 2329 474 2364 36.
506 2323 775 2378 διηθούμενον
794 2341 866 2379 pro
889 2323 940 2365 δι’
966 2323 1107 2378 ἠθμοῦ
1125 2327 1243 2367 Alex.
1265 2328 1373 2367 Cam.
1390 2330 1435 2368 P.
1448 2330 1488 2366 S.
1503 2328 1588 2365 Cas.
1609 2339 1706 2376 pro-

298 2391 415 2429 bante
446 2391 626 2431 Schnei
638 2394 759 2432 dero
777 2394 922 2444 Eclog.
936 2392 1050 2443 phys.
1069 2395 1147 2441 IX,
1163 2398 1198 2432 6.
1217 2408 1256 2444 p.
1273 2395 1366 2433 143.
1395 2389 1705 2443 διηθμούμενον,

297 2457 403 2508 quod
420 2459 584 2509 propius
603 2460 772 2507 accedit,
802 2459 963 2497 exhibet
987 2462 1038 2496 A.
1070 2480 1124 2487 —
1178 2461 1313 2500 Verba
1341 2461 1474 2498 πλεῖον
1501 2455 1574 2514 χεὶρ
1606 2454 1705 2495 ἕλκει

233 2565 237 2571 ,
297 2520 342 2562 τὸ
374 2518 553 2576 ἁλμυρόν
579 2521 604 2575 ἢ
632 2522 678 2564 τὸ
707 2516 876 2575 πότιμον
903 2525 1100 2575 aliquanto
1129 2526 1291 2565 brevius
1320 2527 1423 2564 dicta
1448 2530 1558 2562 sunt:
1586 2525 1707 2561 Pota-

296 2589 365 2629 bili
387 2591 491 2628 enim
511 2603 609 2642 aqua
630 2593 719 2642 plus
739 2591 923 2629 deorsum
949 2591 1069 2630 trahit
1092 2593 1429 2646 salsahintellige:
1458 2589 1612 2640 quando
1631 2603 1706 2640 pa-

291 2670 379 2695 rem
399 2656 574 2694 eiusdem
595 2658 697 2695 vasis
723 2663 876 2708 partem
898 2659 1081 2708 complet.
1141 2659 1204 2696 Sic
1225 2659 1326 2696 aeris
1347 2656 1578 2706 gravitatem
1610 2669 1707 2693 con-

291 2723 522 2761 firmaturus
546 2723 594 2759 de
615 2723 730 2761 caelo
754 2724 838 2772 IV,
866 2724 903 2762 4.
931 2737 970 2774 p.
993 2728 1095 2772 311,
1115 2725 1139 2761 b
1157 2726 1230 2761 ait:
1261 2725 1421 2773 σημεῖον
1450 2718 1491 2759 (5'
1517 2718 1577 2759 ὅτι
1605 2718 1706 2760 ἕλκει

290 2789 424 2827 πλεῖον
453 2782 474 2826 ὅ
506 2785 783 2839 πεφυσημένος
813 2783 936 2832 ἀσκὸς
962 2790 1036 2826 τοῦ
1063 2789 1196 2835 κενοῦ,
1236 2801 1313 2837 quo
1333 2787 1490 2825 deloco
1517 2788 1592 2826 cfr.
1611 2790 1706 2826 Me-
1737 2827 1741 2830 ,
