1812 3158
289 325 386 367 344
435 313 443 323 ”
505 330 952 372 COMMENTARms
977 330 1038 370 IN
1060 331 1467 371 METEOROLOG.

401 447 465 480 12.
507 442 584 480 Pro
613 438 783 491 λέγωμεν
815 442 864 480 Ε.
890 440 942 478 Η.
972 437 1133 491 λέγομεν
1159 445 1205 477 ut
1227 452 1360 490 supra.
1388 463 1444 470 —
1481 438 1595 495 μέχρι
1622 444 1694 494 τῆς

289 504 455 559 σελήνης
485 508 529 545 Ρ.
554 507 594 544 S.
625 506 714 545 cas.
741 502 874 557 φαμὲν
902 500 998 544 εἶναι
1027 506 1144 555 σῶμα
1173 501 1307 558 ἕτερον
1344 507 1391 544 Ε.
1421 507 1573 557 quicum
1603 509 1697 547 facit

288 577 378 624 Bag.
409 574 574 611 dicimus
598 585 679 610 esse
708 585 849 620 corpus
876 572 1055 610 alterum.
1087 572 1172 610 Cas.
1201 571 1363 623 praebet
1389 568 1516 625 πυρός
1540 587 1582 611 τε
1608 574 1697 626 περὶ

289 636 406 690 ἀέρος
426 644 564 689 aperto
584 637 696 676 vitio.
753 638 852 676 Cum
880 651 1015 675 omnes
1046 637 1162 676 codd.
1192 644 1232 675 et
1259 638 1351 676 edit.
1380 637 1420 675 h.
1443 639 1468 677 l.
1489 638 1700 678 exhibeant

289 702 510 756 εἰλικρινές,
541 704 724 755 equidem
745 717 818 742 cur
843 705 1068 755 scripserim
1095 701 1296 756 εἶλικρινές
1321 705 1453 755 paucis
1479 706 1613 744 verbis
1642 711 1701 744 est

287 769 555 808 indicandum.
616 771 725 808 Miro
750 769 866 808 modo
893 770 1044 821 duplex
1072 770 1326 818 vocabulum,
1355 772 1523 809 alterum
1545 785 1699 822 asperO,

289 836 460 873 alterum
487 836 568 874 leni
597 837 740 887 spiritu
772 836 995 888 praeditum
1030 843 1275 875 commentus
1307 843 1365 875 est
1393 835 1592 877 Passov.
1621 839 1700 876 lex.

289 901 469 954 Utraque
487 902 604 940 lectio
621 903 664 940 in
683 902 798 940 codd.
815 903 1135 951 Aristotelis,
1158 902 1514 954 Theophrasti,
1532 905 1702 942 Xeno-

290 967 506 1019 phontis
520 995 530 1015 ,
559 969 726 1007 aliorum
759 969 1096 1020 deprehenditur,
1122 970 1248 1008 veluti
1275 969 1318 1007 in
1345 969 1497 1008 duobus
1527 968 1703 1008 Procli

291 1033 406 1071 codd.
439 1035 557 1074 Tom.
577 1035 610 1073 Ι.
640 1048 679 1086 p.
705 1038 803 1084 135,
832 1035 900 1072 ubi
921 1042 1054 1075 tamen
1077 1036 1371 1074 Cr'euzerus
1401 1037 1587 1087 praetulit
1609 1034 1704 1075 εἴλι-

291 1101 459 1150 κρινοῦς.
518 1101 795 1139 Derivandum
817 1107 875 1138 est
890 1101 938 1138 ab
956 1098 1023 1151 ἕλη
1036 1127 1048 1149 ,
1078 1098 1160 1152 ε’ίλη
1176 1116 1231 1136 =
1251 1098 1349 1140 ἀλέα
1374 1104 1484 1140 calor
1500 1103 1593 1141 solis
1613 1101 1702 1155 (cfr.

292 1165 505 1204 dictionem
541 1163 642 1217 πρὸς
668 1163 740 1216 τὴν
769 1164 875 1217 ἑίλην
904 1163 1103 1219 θέρεσθαι
1140 1170 1322 1215 apricam·
1358 1168 1464 1219 apud
1498 1169 1705 1206 Lucian.

292 1233 520 1281 Lexiplzan.
552 1234 668 1271 Tom.
691 1234 742 1271 ΙΙ.
772 1246 814 1283 Ρ.
838 1237 932 1271 320.
963 1225 1024 1270 ed.
1052 1233 1340 1271 Hemsterh.
1370 1235 1510 1274 Reiz.
1540 1235 1630 1273 satis
1653 1235 1706 1272 il-

292 1298 499 1347 lustratam
529 1311 552 1335 a
578 1300 835 1349 Berglero
865 1298 916 1336 ad
944 1298 1244 1349 Alciphron.
1275 1301 1382 1349 Epp.
1411 1301 1451 1349 I,
1483 1305 1545 1339 12.
1573 1314 1612 1351 p.
1635 1300 1704 1341 48.

294 1364 512 1402 Pierson
532 1364 583 1402 ad
600 1364 819 1403 Mnerid.
850 1379 890 1416 p.
914 1364 1010 1411 403,
1029 1378 1064 1403 a.
1095 1365 1156 1402 ed.
1177 1363 1334 1417 Koch)
1364 1367 1572 1412 vocabulo,
1599 1366 1707 1417 quod

292 1433 435 1482 procul
463 1431 584 1470 dubio
613 1431 731 1469 radix
763 1437 820 1469 est
847 1431 1065 1470 verborum
1092 1427 1224 1481 ἣλιος,
1266 1429 1395 1477 σέλας.
1457 1433 1581 1471 Recte
1606 1432 1707 1471 hanc

295 1498 575 1549 etymologiam
604 1502 835 1548 proponunt
861 1498 1032 1547 Etymol.
1060 1511 1198 1546 magn.
1225 1511 1267 1548 p.
1290 1501 1386 1547 299,
1413 1501 1463 1536 58
1494 1496 1575 1550 (ed.
1594 1499 1707 1550 Lips.

294 1577 336 1616 p·
352 1567 433 1604 270
451 1565 543 1615 sq.).
585 1563 757 1614 Etymol.
782 1563 888 1601 Gud.
918 1576 958 1614 p.
981 1563 1158 1603 166.‘ed.
1180 1564 1352 1612 Sturz‚
1380 1563 1710 1604 Phavorinus

295 1644 335 1682 p·
357 1630 436 1670 574
455 1643 511 1681 sq.
546 1636 591 1668 ut
615 1643 696 1667 non
725 1628 946 1667 audiendus
973 1629 1024 1668 sit
1053 1629 1233 1668 Gramm.
1263 1630 1369 1682 apud
1396 1625 1710 1669 Matthaeu‘m

296 1698 475 1738 Lection.
488 1698 720 1747 Mosquens.
741 1696 803 1744 II,
823 1698 890 1744 79,
918 1695 985 1745 qui
1011 1696 1126 1746 plura
1150 1702 1287 1734 contra
1307 1697 1533 1748 disputavit.
1578 1698 1709 1736 Etiam

296 1763 390 1801 Val
401 1763 497 1800 ken
509 1776 593 1800 aer
624 1763 846 1801 comment.
874 1763 971 1800 Mss.
992 1761 1043 1799 ad
1058 1761 1089 1799 P
1101 1775 1158 1799 au
1169 1762 1208 1800 li
1223 1764 1302 1812 Ep.
1317 1764 1386 1802 ad.
1408 1764 1579 1802 Corinth.
1591 1765 1622 1809 I,
1637 1766 1671 1814 5,
1684 1767 1709 1803 8

297 1828 402 1879 apud
434 1829 664 1866 Creuzer
699 1827 750 1864 ad
778 1827 967 1865 Plotin.
998 1827 1046 1864 de
1067 1829 1281 1876 pulcritud.
1309 1842 1351 1879 p.
1371 1832 1455 1867 266
1483 1830 1710 1881 obloquitur

297 1894 363 1932 isti
382 1893 666 1945 etymologiae,
693 1882 1014 1942 vocabulumque
1033 1893 1247 1943 repetitum
1267 1907 1349 1931 esse
1368 1901 1499 1932 censet
1514 1895 1562 1932 ab
1582 1894 1709 1944 εἷλεΐν,

299 1958 407 2007 ῗλεῖν,
438 1965 484 1998 ut
500 1959 666 2010 proprie
680 1959 730 1996 sit
748 1957 878 1996 cribro
892 1966 1127 2007 purgatum.
1157 1959 1214 1997 At
1230 1972 1453 2010 perperam.
1511 1961 1711 2011 Significat

299 2027 405 2064 enim
423 2025 663 2064 vocabulum
682 2024 870 2075 proprie,
899 2025 1005 2074 quod
1021 2026 1153 2063 calore
1180 2027 1274 2063 solis
1299 2026 1350 2063 ab
1371 2027 1711 2077 inquinationibus

295 2101 515 2141 purgatum
537 2099 612 2140 est,
641 2090 785 2128 deinde
801 2090 970 2142 quodvis
991 2099 1224 2142 purgatum.
1282 2092 1416 2142 Atque
1443 2092 1498 2130 ita
1522 2092 1599 2131 hoc
1621 2093 1711 2131 loco

298 2165 530 2210 usurpatum
554 2163 626 2206 est,
655 2162 699 2195 ut
713 2157 762 2195 sit
781 2169 1033 2208 synonymon
1052 2157 1238 2196 vocabuli
1262 2154 1468 2209 καθαρός,
1502 2172 1670 2210 quocum
1690 2172 1713 2198 a

298 2224 546 2276 philosophis
566 2237 682 2274 saepe
701 2223 961 2274 coniungitur,
981 2223 1108 2262 veluti
1126 2236 1148 2262 a
1170 2224 1353 2262 Proclo
1375 2225 1417 2262 in
1436 2223 1560 2263 Plat.
1578 2225 1711 2265 Ala-ib.

301 2305 334 2329 c.
350 2295 415 2331 11.
430 2291 593 2330 Tom.1.
612 2303 652 2341 p.
666 2290 732 2327 34.
759 2290 820 2327 ed.
841 2290 1332 2341 creuzer(Tom.11.p.
1346 2293 1397 2329 90
1417 2290 1710 2342 ed.cousin):

300 2353 390 2408 ἢτὸ
421 2353 661 2410 φαινόμενον
690 2352 836 2401 κάλλος
864 2352 1050 2409 καθαρόν
1079 2354 1162 2395 ἔστι
1200 2354 1264 2395 καὶ
1292 2353 1504 2407 εἰλικρινές.
1570 2357 1712 2407 Neque

301 2423 414 2463 aliter
435 2429 494 2462 est
511 2422 616 2474 apud
637 2422 980 2473 Chrysippum
1006 2422 1049 2460 in
1069 2422 1203 2460 Stob.
1222 2422 1361 2472 Eclog.
1375 2422 1495 2473 Phys.
1515 2423 1547 2470 1,
1566 2435 1604 2472 p.
1617 2422 1710 2471 446,

301 2491 369 2541 qui
395 2489 555 2528 aethera
580 2495 697 2528 vocat
720 2486 766 2527 τὸ
797 2483 1038 2540 ἀραιότατον
1067 2487 1132 2527 καὶ
1156 2485 1502 2540 εἰλικρινέστατον,
1531 2489 1646 2538 plane
1668 2494 1712 2526 ut

301 2557 448 2594 Plato
485 2558 586 2594 Tim.
609 2569 648 2606 p.
666 2557 790 2593 58D:
823 2551 939 2606 ἀέρος
966 2551 1012 2593 τὸ
1041 2551 1313 2606 εὐαγέστατον.
1369 2553 1468 2591 Inde
1495 2550 1711 2604 εἶλικρινεῖν

304 2627 361 2659 est
386 2635 565 2671 purgare
592 2622 635 2659 in
660 2622 763 2660 libro
792 2622 838 2658 de
855 2620 999 2658 mundo
1017 2622 1070 2670 V,
1094 2624 1169 2659 13:
1197 2617 1249 2666 τὰ
1273 2613 1370 2669 ὑπὲρ
1399 2614 1523 2668 αὐτὴν
1551 2616 1711 2670 εἱλικρι-

301 2689 437 2735 νεΐται,
464 2685 677 2726 Buther.
707 2687 814 2738 apud
843 2687 979 2725 Stob.
1013 2684 1098 2724 Ecl.
1120 2686 1209 2736 1,‚p.
1230 2687 1301 2722 16:
1327 2679 1493 2722 ἕκαστόν
1522 2681 1599 2723 ἀπὸ
1628 2686 1710 2724 τῶν

304 2747 435 2791 ἄλλων
463 2750 801 2805 εἷλικρινο-ὖμενον.
859 2754 1064 2790 Postremo
1089 2752 1175 2788 loco
1199 2750 1316 2800 paulo
1335 2749 1451 2788 latius
1485 2757 1709 2802 usurpatur,
