1780 3152
247 306 424 348 XXXII
750 305 1156 348 PRAEFATIO.

247 425 293 458 et
316 418 464 459 mundo
491 423 532 458 et
560 420 770 457 memoris.
802 415 953 457 venet.
986 420 1106 458 1640.
1135 422 1172 457 4.
1202 441 1255 448 -—
1296 416 1384 457 Iam
1412 417 1464 458 ad
1491 417 1652 459 Vico-

248 500 289 525 m
299 500 321 525 e
331 501 350 526 r
363 501 384 526 c
397 495 481 525 atu
495 500 534 525 m
563 485 808 524 accedimus.

357 554 490 594 Fran
505 553 636 593 cisci
664 550 1032 592 Vicomercati
1061 551 1389 595 Mediolanensis
1408 557 1455 594 in
1474 558 1654 607 quatuor

357 621 486 662 libros
514 619 769 660 Aristotelis
797 618 1228 674 Meteorologicorum
1256 625 1568 670 commentarii,
1611 626 1655 660 et

358 686 580 728 eorundem
614 686 816 727 librorum
844 700 868 727 e
895 700 1024 741 greco
1062 692 1109 727 in
1146 690 1323 730 latinum
1358 702 1443 742 per
1482 687 1656 728 eundem

357 758 586 795 conversio.
647 754 745 794 Cum
777 753 919 794 indice
958 756 1297 808 locupletissimo·
1354 756 1430 796 Ad
1462 756 1655 796 carolum

356 839 383 865 a
412 822 704 876 Lolharz’ngz'a
743 822 1015 862 cardinalem.
1071 821 1264 863 Venetiis
1304 824 1411 877 apud
1449 822 1657 875 Hierony-

354 906 469 932 mum
498 890 666 929 Scotum
697 892 815 930 1565.
845 888 919 929 fol.
950 889 1054 930 VIII
1083 899 1124 930 et
1153 894 1246 932 273.

245 961 333 1002 Iam
370 968 492 999 antea
528 957 679 1011 prodiit
722 960 827 997 1556
866 956 1044 998 Lutetiis
1074 958 1353 1008 Parisiorum,
1404 972 1527 1013 quam
1569 957 1659 998 edi-

245 1030 425 1076 tionem,
481 1039 574 1065 cum
613 1026 750 1079 priore
789 1038 954 1079 semper
993 1040 1094 1065 usus
1133 1039 1295 1074 essem,
1355 1026 1504 1066 deinde
1547 1039 1659 1067 com-

244 1097 392 1151 paravi
430 1095 628 1147 (utraque
667 1094 778 1132 enim
814 1093 858 1132 in
888 1091 1152 1135 Bibliotheca
1188 1091 1324 1146 Regia
1362 1092 1501 1134 Berol.
1542 1107 1660 1148 repe-

246 1166 381 1215 ritur)
440 1170 482 1201 et
516 1159 743 1201 adverbum
782 1168 902 1200 tenus
941 1175 1035 1200 cum
1070 1159 1144 1201 illa
1182 1162 1417 1201 consentire
1453 1159 1658 1211 intellexi,

245 1232 328 1271 nisi
368 1230 477 1284 quod
516 1242 667 1283 graeca
704 1228 832 1269 verba
868 1229 1007 1269 addita
1055 1237 1165 1269 sunt.
1250 1228 1384 1269 Index
1424 1227 1496 1268 ille
1544 1228 1660 1268 locu—

244 1297 499 1353 pletissimus
518 1327 530 1347 ,
589 1298 659 1351 qui
704 1297 748 1336 in
793 1295 930 1336 fronte
979 1294 1078 1336 libri
1123 1305 1492 1347 commemoratur,
1553 1294 1660 1336 nihil

246 1365 360 1405 aliud
398 1366 603 1415 continet,
656 1365 738 1404 nisi
768 1363 1026 1419 singularum
1055 1364 1427 1420 paragraphorum,
1473 1366 1517 1404 in
1558 1377 1660 1417 quas

245 1432 661 1473 Vicomercatus
713 1434 848 1485 capita
897 1433 1117 1483 dissecuit,
1167 1441 1422 1487 argumenta.
1497 1431 1661 1472 Vico-

245 1508 514 1540 mercatus
555 1501 663 1539 inter
702 1513 870 1550 omnes,
920 1503 991 1555 qui
1027 1500 1359 1556 Meteorologica
1395 1500 1663 1541 commentati

245 1575 363 1616 sunt,
406 1566 531 1621 longe
560 1574 624 1605 est
653 1567 916 1608 doctissimus
946 1577 987 1608 et
1015 1570 1229 1609 sanissimi
1257 1570 1404 1609 iudicii
1440 1570 1661 1621 interpres,

243 1638 368 1690 inque
398 1636 484 1675 suis
514 1634 820 1674 commentariis
850 1633 980 1675 multa
1009 1644 1093 1675 tam
1115 1637 1167 1676 ad
1189 1635 1510 1689 explicationem
1540 1649 1662 1689 quam

246 1705 299 1744 ad
329 1703 659 1743 emendationem
689 1703 951 1742 continentur
983 1710 1125 1742 nostra
1154 1704 1278 1743 etiam
1316 1712 1450 1744 aetate
1490 1703 1663 1744 utilissi-

245 1786 336 1821 ma,
370 1785 474 1825 quae
504 1771 812 1811 commentariis
841 1771 968 1820 meis,
1007 1771 1093 1810 suis
1121 1784 1306 1824 quaeque
1334 1770 1462 1821 locis,
1492 1772 1662 1811 inserui.

245 1863 298 1870 -
327 1837 415 1878 Alii
442 1846 787 1879 commentatores
818 1836 1040 1878 laudantur
1072 1841 1118 1877 in
1142 1838 1286 1878 indice
1312 1845 1551 1888 auctorum,
1591 1842 1666 1892 qui

247 1911 335 1948 mis
368 1907 581 1947 laboribus
604 1921 654 1947 ac
675 1905 1040 1947 lucubrationibus
1059 1907 1314 1946 Aristotelis
1336 1906 1467 1946 libro-s·
1495 1920 1546 1946 ac
1563 1906 1663 1960 pla·-

247 1975 477 2029 losopleiam
507 1980 653 2016 conati
680 1979 776 2016 sunt
805 1974 1046 2022 illustrare,
1089 1987 1211 2027 quem
1242 1973 1419 2014 confecit
1446 1973 1663 2014 Pascha-

246 2043 317 2084 lis
349 2042 541 2083 Gallus
572 2043 746 2092 Picto,
790 2042 955 2095 suisque
985 2041 1236 2082 editionibus
1265 2042 1423 2082 addidit
1453 2040 1665 2082 Casaubo-

247 2120 338 2161 nus,
368 2125 539 2163 quorum
560 2125 687 2151 unum
708 2119 863 2151 tantum
885 2122 951 2148 me
977 2123 1214 2163 comparare
1233 2124 1315 2150 non
1336 2111 1519 2164 potuisse
1539 2109 1664 2149 vehe-

246 2188 406 2219 menter
421 2169 682 2230 doleo5Hen
696 2181 863 2219 ricum
882 2177 915 2217 P
928 2176 1189 2227 ackerum,
1214 2179 1284 2228 qui
1302 2179 1469 2232 triginta
1490 2186 1663 2232 quatuor

246 2245 447 2287 lectiones
477 2249 520 2287 in
548 2246 783 2288 Aristotelis
812 2243 1142 2300 Meteorologica
1171 2246 1311 2287 edidit.
1328 2269 1376 2275 ——
1407 2246 1547 2286 Etiam
1566 2259 1663 2287 con-

247 2323 311 2354 tra
339 2314 464 2355 hosce
492 2314 653 2366 libros,
702 2315 888 2370 quamvis
919 2327 990 2354 eos
1020 2312 1103 2354 alia
1130 2313 1255 2368 longe
1285 2315 1445 2354 ratione
1479 2315 1663 2355 conscri—

247 2389 339 2436 ptos
369 2398 394 2423 a
422 2382 591 2438 reliquis
627 2383 747 2425 libris
784 2385 873 2438 ipse
909 2382 1111 2430 fateatur,
1162 2381 1452 2436 facilioresque
1492 2395 1584 2421 esse
1620 2389 1663 2421 et

248 2449 378 2489 multa
418 2454 630 2491 continere
658 2453 764 2492 scitu
794 2452 985 2506 digniora
1014 2465 1061 2491 ac
1089 2451 1358 2499 iucundiora,
1404 2447 1533 2489 multa
1568 2462 1662 2501 pro-

250 2515 344 2556 tulit
371 2517 566 2558 Petrus
597 2519 910 2559 Gassendus
938 2518 1190 2559 Emer-citat.
1213 2517 1430 2571 paradox.
1459 2516 1662 2556 advers-us·

249 2584 538 2624 Aris-toteleos
566 2585 906 2638 (Amstelaedam.
935 2590 1053 2626 1649.
1079 2586 1154 2638 8.),
1185 2593 1304 2638 atque
1333 2582 1508 2636 probare
1537 2597 1662 2624 cona-

251 2659 333 2701 tur,
364 2652 485 2691 sicuti
511 2653 553 2692 in
576 2652 745 2707 reliquis
775 2653 894 2694 libris
923 2655 982 2693 ita
1002 2663 1042 2694 et
1060 2655 1103 2693 in
1124 2651 1203 2700 his,
1233 2653 1453 2691 innumera
1482 2649 1660 2690 deficere

250 2718 322 2771 (V,
346 2722 385 2759 9.
416 2720 750 2774 p.121-123)‚
777 2722 996 2762 innumera
1017 2734 1110 2761 esse
1139 2717 1353 2783 superflua.
1375 2732 1423 2758 ac
1452 2718 1517 2761 bis
1546 2726 1659 2759 terve
