1820 3158
124 413 204 446 -ρ,
216 401 297 444 368,
311 400 344 434 b.
369 399 532 435 Bekk.-
586 400 750 440 LIB.11.
781 396 1028 439 CARVIII.
1053 390 1408 438 -p.351,B.cas.—-
1460 385 1551 428 121

124 517 191 556 43.
225 512 402 568 Ἐγένετο
433 513 478 554 δὲ
503 515 624 554 τοῦτο
640 511 720 553 ,καὶ
749 511 838 566 περὶ
860 509 1045 562 Ἀχαίαν·
1085 505 1162 557 ἔξω
1190 505 1264 560 μὲν
1290 502 1368 561 γὰρ
1395 498 1447 560 ἦν
1474 500 1545 545 νό-
1556 503 1609 543 43

125 597 215 632 τος,
256 581 338 622 ἐκεῖ
362 581 406 622 δὲ
436 579 597 636 βορέας,
626 579 815 634 νηνεμίας
844 577 889 619 δὲ
917 575 1144 632 γενομένης*
1167 575 1234 617 καὶ
1263 571 1426 630 ῥυέντος
1460 569 1556 613 εἷ’σω

124 652 200 690 τοῦ
228 647 378 702 ἀνέμου
408 647 558 704 ἐγένετο
584 646 631 690 τό
651 664 693 689 τε
713 650 833 700 κῦμα.
851 645 918 687 καὶ
942 641 963 686 ὃ
985 642 1149 697 σεισμὸς
1177 640 1276 696 ἅμα,
1307 641 1373 683 καὶ
1397 642 1556 694 μᾶλλον

127 715 195 757 διὰ
231 715 278 758 τὸ
320 714 394 770 τὴν
430 715 646 758 θάλατταν
683 713 740 768 μὴ
770 712 926 755 διδόναι
956 708 1152 766 διαπνοὴν
1184 713 1243 767 τῷ
1274 705 1353 751 ὑπὸ
1379 707 1456 762 τὴν
1483 709 1556 762 γῆν

127 781 353 840 ὡρμημένῳ
391 782 613 837 πνεύματι,
658 781 752 824 ἀλλ’
787 779 1091 837 ἀντιφράττειν·
1145 775 1445 831 ἇποβιαζόμενα
1481 772 1558 830 γὰρ

126 845 282 906 ἄλληλα
310 850 357 894 τὸ
384 851 459 905 μὲν
489 854 648 905 πνεῦμα
675 848 747 892 τόν
776 847 940 903 σεισμὸν
969 847 1167 902 ἐποίησεν,
1208 844 1234 901 ἦ
1265 844 1309 888 δ’
1334 841 1559 891 ὑπόστασις

123 922 198 960 τοῦ
227 917 408 974 κύματος
435 916 507 961 τὸν
534 916 830 970 κατακλυσμόν.
889 917 957 961 44.
996 913 1119 957 Κατὰ
1146 913 1271 969 μέρος
1299 912 1345 954 δὲ
1371 912 1550 968 γίνονται
1560 911 1614 977 44

126 986 166 1027 σῖ
195 988 351 1040 σεισμοὶ
380 989 453 1040 τῆς
476 990 572 1041 γῆς,
600 987 667 1028 καὶ
687 983 881 1032 πολλάκις
899 983 963 1024 ἐπὶ
990 982 1135 1036 μικρὸν
1166 980 1306 1032 τόπον,
1335 979 1373 1022 οἱ
1432 978 1445 994 ²
1468 977 1560 1021 ἅνε-

125 1070 196 1107 μοι
226 1053 273 1096 οὗ
304 1053 409 1097 κατὰ
435 1053 579 1109 μέρος·
628 1052 731 1095 κατὰ
767 1051 892 1107 μέρος
930 1049 1028 1103 μέν,
1065 1047 1165 1091 ὅταν
1194 1049 1237 1090 αἶ
1263 1045 1561 1102 ἀναθυμιάσεις

127 1121 171 1162 αἱ
199 1121 304 1163 κατὰ
329 1121 402 1164 τὸν
429 1120 556 1163 τόπον
586 1119 710 1163 αὐτὸν
749 1119 817 1161 καὶ
854 1116 926 1160 τὸν
964 1121 1194 1173 γειτνιῶντα
1223 1116 1476 1159 συνέλθωσιν
1504 1116 1561 1165 εἷς

126 1187 183 1241 ἓν,
214 1187 348 1244 ὥσπερ
367 1190 434 1231 καὶ
458 1186 554 1237 τοὺς
582 1185 763 1242 αὐχμούς
791 1185 945 1242 ἔφαμεν
972 1186 1158 1241 γίνεσθαι
1185 1185 1252 1227 καὶ
1279 1184 1355 1234 τὰς
1381 1181 1561 1239 ὑπερομ-

124 1256 246 1311 βρίας
271 1255 346 1305 τὰς
373 1256 477 1298 κατὰ
502 1255 639 1312 μέρος.
701 1258 767 1296 45.
798 1255 884 1296 Καὶ
918 1253 956 1296 οἳ
984 1254 1059 1307 μὲν
1086 1254 1242 1307 σεισμοὶ
1271 1253 1447 1308 γίνονται
1478 1248 1546 1293 διὰ
1561 1253 1614 1292 45

123 1326 270 1365 τοῦτον
299 1320 369 1365 τὸν
397 1321 571 1380 τρόπον,
611 1323 650 1366 οἳ
680 1321 723 1365 ‹5'
759 1321 900 1375 ἄνεμοι
930 1320 979 1364 οὔ
996 1336 1007 1347 ·
1058 1320 1111 1363 τὰ
1143 1321 1220 1376 μὲν
1254 1319 1331 1377 γὰρ
1362 1320 1405 1362 ἓν
1432 1323 1483 1376 τῇ
1510 1322 1561 1376 γῇ

122 1389 198 1445 τὴν
226 1389 356 1447 ἀρχὴν
384 1391 485 1445 ἔχει,
516 1390 617 1434 ὥστ’
643 1390 712 1448 ἐφ’
746 1380 788 1432 ἰέν
818 1388 980 1438 ἁπάσας
1010 1386 1166 1446 ὁρμᾶν·
1212 1386 1232 1430 ὃ
1265 1387 1308 1430 δ’
1341 1387 1457 1443 ἥλιος
1486 1386 1560 1440 οὐχ

125 1455 276 1511 ὁμοίως
304 1457 494 1513 δύναται,
534 1457 608 1508 τὰς
636 1460 681 1501 δὲ
708 1457 936 1515 μετεώρους
962 1460 1142 1512 μᾶλλον,
1185 1454 1287 1499 ὥστε
1317 1454 1420 1512 ῥεῖν,
1461 1453 1561 1497 ὅταν

125 1523 255 1581 ἀρχὴν
283 1525 464 1581 λάβωσιν
495 1526 574 1569 ἀπὸ
603 1530 676 1581 τῆς
703 1531 778 1569 τοῦ
806 1524 924 1581 ἡλίου
954 1528 1088 1581 φορᾶς
1115 1523 1195 1579 ἤδη
1226 1523 1332 1566 κατὰ
1357 1523 1433 1572 τὰς
1471 1524 1561 1564 δια-

125 1593 259 1650 φορὰς
285 1597 367 1636 τῶν
394 1593 555 1644 τόπων,
596 1593 666 1650 ἐφ’
701 1595 756 1636 ἓν.
831 1596 900 1635 46.
932 1592 1060 1636 ’Ὀταν
1100 1592 1175 1645 μὲν
1213 1586 1286 1633 οὗν
1316 1585 1343 1647 ᾖ
1373 1588 1476 1632 πολὺ
1503 1588 1550 1632 τὸ
1563 1591 1616 1631 46

126 1665 306 1714 πνεῦμα,
336 1668 437 1704 κινεῖ
454 1662 654 1716 τὴν,γῆν,
694 1660 827 1717 ὥσπερ
859 1659 908 1702 ἂν
936 1658 957 1702 ὃ
987 1656 1160 1716 τρόμος,
1199 1659 1263 1700 ἐπὶ
1294 1656 1448 1707 πλάτος
1474 1657 1560 1711 μέν,

128 1811 234 1835 cesse
266 1804 336 1835 est.
406 1796 473 1836 43.
509 1797 631 1847 Quod
661 1811 754 1836 sane
783 1798 888 1836 circa
910 1797 1101 1837 Achaiam
1129 1797 1278 1835 factum
1307 1802 1375 1834 est.
1436 1797 1562 1834 Extra

129 1865 235 1902 enim
262 1867 412 1903 Auster
439 1871 548 1913 erat,
588 1866 642 1903 ibi
676 1862 835 1916 Aquilo.
907 1865 1216 1916 Tranquillitate
1248 1869 1381 1902 autem
1410 1869 1560 1911 exorta,

128 1937 168 1970 et
185 1932 332 1984 spiritu
349 1933 458 1971 intus
476 1932 647 1982 fluente,
676 1934 883 1972 inundatio
902 1935 1021 1972 simul
1045 1938 1089 1971 et
1101 1938 1234 1971 terrae
1252 1937 1385 1970 motus
1406 1930 1564 1969 accide-

126 2005 244 2049 runt,
272 2013 400 2052 eoque
428 2001 571 2052 magis,
611 2001 720 2053 quod
746 2015 858 2039 mare
883 2003 1034 2040 nullam
1057 2001 1218 2052 spiritui
1250 2001 1322 2038 sub
1348 2007 1456 2039 terra
1487 1995 1562 2039 ex-

128 2068 306 2105 currenti
339 2069 690 2119 transpirationem
728 2068 992 2119 concedebat,
1039 2082 1185 2108 verum
1213 2081 1300 2106 sese
1338 2068 1560 2107 obiiciebat.

127 2134 223 2172 Vim
255 2135 360 2172 enim
396 2135 473 2173 sibi
502 2136 674 2174 vicissim
713 2137 925 2175 inferendo
954 2137 1118 2189 spiritus
1146 2142 1298 2174 terram
1325 2136 1560 2185 commovit,

129 2200 414 2253 inundatioque
439 2203 619 2242 residens
648 2204 847 2242 diluvium
872 2204 981 2243 fecit.
1051 2204 1117 2242 44.
1156 2206 1237 2243 Per
1265 2210 1400 2256 partes
1426 2210 1561 2242 autem

130 2272 262 2304 terrae
285 2273 415 2305 motus
440 2268 543 2308 fiunt
563 2276 603 2308 et
623 2272 859 2324 plerumque
886 2273 930 2310 in
954 2272 1082 2323 spatio
1112 2273 1277 2323 exiguo:
1317 2272 1432 2311 venti
1459 2285 1560 2310 vero

132 2346 214 2371 non
242 2346 316 2384 per
348 2340 493 2385 partes.
552 2338 613 2375 Ac
641 2351 715 2389 per
736 2345 870 2389 partes
893 2339 1082 2390 quidem,
1112 2353 1204 2378 cum
1221 2340 1300 2378 loci
1318 2340 1426 2377 illius
1445 2345 1562 2390 atque

133 2401 253 2438 etiam
283 2399 443 2439 finitimi
472 2403 743 2443 exhalationes
769 2405 810 2443 in
836 2420 964 2445 unum
990 2408 1208 2454 coiverint,
1238 2407 1376 2445 eadem
1406 2407 1562 2444 ratione

133 2480 211 2518 qua
237 2473 278 2506 et
295 2468 489 2507 siccitates
513 2475 552 2508 et
570 2469 758 2510 imbrium
782 2474 937 2525 copiam
959 2488 1034 2525 per
1055 2480 1190 2525 partes
1209 2474 1299 2512 fieri
1321 2473 1562 2513 dicebamus.

133 2536 198 2574 45.
230 2536 292 2574 Ac
313 2549 361 2573 eo
387 2536 548 2587 quidem
577 2537 698 2575 modo
727 2546 859 2581 terrae
889 2549 1021 2580 motus
1041 2541 1293 2580 efficiuntur:
1323 2541 1435 2580 venti
1454 2541 1562 2579 haud

131 2615 339 2653 quaquam.
396 2605 472 2642 Illa
493 2604 599 2642 enim
618 2605 862 2658 principium
881 2610 925 2647 in
947 2616 1056 2647 terra
1076 2609 1277 2657 obtinent,
1305 2614 1350 2647 ut
1371 2609 1413 2647 in
1434 2623 1560 2647 unum

131 2684 268 2709 omnes
309 2672 464 2722 possint
500 2671 725 2722 confluere,
765 2688 840 2713 nec
869 2675 969 2713 adeo
995 2677 1037 2714 in
1062 2689 1125 2713 eas
1155 2677 1213 2714 sol
1243 2683 1398 2728 potest,
1438 2678 1561 2729 magis

129 2744 262 2777 autem
281 2739 324 2777 in
340 2753 417 2787 eas,
447 2753 547 2790 quae
564 2740 606 2777 in
625 2740 795 2779 sublime
813 2743 937 2781 elatae
957 2750 1063 2789 sunt,
1093 2744 1147 2782 ita
1166 2750 1210 2782 ut
1229 2758 1251 2782 a
1271 2744 1364 2782 solis
1382 2745 1560 2783 motione

128 2806 370 2857 principium
391 2821 480 2846 cum
499 2809 753 2858 sumpserint,
783 2823 858 2861 pro
880 2812 992 2850 varia
1011 2813 1194 2850 locorum
1214 2819 1357 2852 natura
1372 2813 1416 2851 in
1435 2826 1559 2850 unum

128 2874 339 2914 confluant.
359 2875 495 2914 46.Ac
505 2877 668 2927 spiritus
688 2877 850 2928 quidem
872 2893 961 2917 cum
984 2880 1132 2918 multus
1142 2880 1277 2929 fuerit,
1288 2888 1435 2919 terram
1449 2882 1557 2931 quasi
