1774 3198
297 353 394 410 446
515 371 959 413 COMMENTARIUS
987 371 1048 410 IN
1071 371 1474 410 METEOROLOG.

299 487 403 534 istis,
437 485 506 535 qui
525 483 692 533 vulgari
709 481 848 531 captui
867 488 906 517 et
924 494 950 517 a
948 479 1101 531 ffectm‘
1117 482 1251 530 magis
1270 481 1512 528 respondent
1533 493 1583 519 ac
1597 483 1697 531 pla—

298 560 407 597 cent,
443 556 582 587 tractu
606 548 797 596 temporis
823 548 1027 584 exstincta
1053 546 1156 582 sint:
1186 553 1380 595 tempore,
1409 554 1451 583 ut
1468 546 1614 594 fluvio,
1641 549 1699 584 le-

298 618 414 654 viora
438 624 475 652 et
490 614 626 664 magis
650 613 804 662 inflata
833 612 892 649 ad
913 626 986 649 nos
1005 611 1243 649 devehente.-
1267 614 1476 663 graviora
1494 624 1544 647 ae
1567 612 1702 649 solida

301 688 517 732 mergente.
576 679 658 718 Csr.
688 679 889 716 Lobeck
919 675 1196 728 Aglaopham.
1228 679 1262 716 Ι.
1293 691 1330 729 p.
1352 679 1443 716 157.

409 750 444 785 9.
479 744 664 796 μεγίστας
691 758 766 795 pro
793 741 965 796 μεγάλας
994 744 1182 794 praebent
1209 746 1255 782 F.
1278 745 1328 782 H.
1348 745 1401 781 N.
1422 750 1466 782 ut
1489 744 1574 782 fere
1599 743 1703 782 infra

298 812 400 850 dixit
427 814 469 861 I,
499 814 571 850 13:
613 808 674 849 διὸ
704 810 768 849 καὶ
797 807 848 849 τὰ
876 807 1054 863 ῥεύματα
1080 811 1160 849 τῶν
1189 811 1379 860 ποταμῶν
1416 807 1459 848 ἐκ
1485 811 1565 848 τῶν
1598 805 1702 861 ὀρῶν

298 877 477 931 φαίνεται
507 874 649 928 ῥέοντα
679 876 743 916 καὶ
774 879 947 917 πλεῖστοι
975 875 1040 915 καὶ
1068 874 1241 928 μέγιστοι
1271 872 1425 927 ῥέουσιν
1452 874 1493 915 ἐκ
1510 875 1703 927 μεγίστων

298 941 417 997 ὀρῶν.
474 945 583 995 Sapit
609 950 742 982 tamen
764 944 1015 996 explicatoris
1042 957 1200 982 manum
1226 943 1298 980 ista
1324 943 1502 981 lectionis
1521 943 1704 990 varietas,

299 1016 338 1048 et
355 1011 515 1049 videtur
542 1010 639 1048 mihi
665 1007 840 1062 μεγάλας
867 1010 1188 1049 Aristoteles
1217 1008 1362 1047 dixisse
1379 1008 1539 1052 idcircm
1569 1014 1615 1046 ut
1632 1008 1705 1046 ab-

297 1077 422 1114 soluta
449 1076 659 1127 quaedam,
689 1090 770 1114 non
792 1077 959 1116 relativa
979 1075 1204 1127 magnitudo
1235 1074 1307 1124 (ut
1330 1076 1382 1113 ita
1404 1070 1602 1126 dicamus)
1632 1086 1705 1111 ex-

297 1142 506 1193 primatur.
539 1165 588 1170 —·
619 1142 775 1180 Deinde
804 1141 877 1181 εἶσὶ
907 1141 974 1181 καὶ
1005 1140 1044 1181 αἱ
1073 1145 1121 1181 F.
1154 1162 1204 1168 ——-
1237 1138 1283 1180 οὗ
1305 1137 1539 1194 στρογγύλαι
1566 1140 1620 1178 Ν.
1653 1162 1702 1168 —-

298 1209 417 1246 τοῦτο
446 1204 485 1246 δ’
511 1205 593 1246 ἐστὶ
623 1212 784 1259 σημεῖον
812 1211 857 1247 F.
882 1210 934 1246 H.
960 1209 1012 1246 N.
1037 1210 1142 1247 Cam.
1173 1232 1221 1236 -—
1263 1205 1418 1259 μάκρον
1445 1219 1520 1257 pro
1548 1201 1707 1258 μακράν

298 1275 351 1312 H.
387 1274 440 1312 N.

412 1343 476 1377 10.
517 1337 770 1378 &maenam
798 1339 848 1377 A.
906 1339 987 1377 Sed
1022 1353 1142 1391 supra
1179 1341 1212 1384 ᾗ.
1242 1341 1286 1378 5:
1329 1333 1425 1376 ὅταν
1454 1333 1630 1389 ‹inmo-925}
1659 1334 1705 1375 τὸ

300 1401 418 1456 νέφος
446 1403 501 1450 εἷς
525 1401 596 1443 τὸν
625 1402 708 1444 ἄνω
735 1401 857 1443 τόπον
884 1405 1039 1454 μᾶλλον
1066 1401 1163 1443 ὄντα
1183 1401 1354 1457 ψυχρόν,
1384 1403 1490 1442 unde
1509 1403 1626 1441 simul
1643 1404 1708 1441 in-

299 1470 491 1520 telligitur
511 1484 593 1508 non
612 1471 854 1522 probandam
879 1484 961 1509 esse
979 1472 1189 1510 lectionem
1209 1471 1389 1509 codicum
1409 1472 1458 1508 F.
1476 1470 1529 1507 N.
1556 1465 1602 1508 τὸ
1622 1476 1707 1519 ψυ-

298 1533 398 1588 χρόν
427 1550 501 1587 pro
529 1534 599 1575 τὸν
627 1533 786 1588 ψυχρόν
815 1536 1101 1576 exhibentium.

417 1606 480 1640 11.
518 1603 744 1642 Articulum
770 1609 859 1640 ante
886 1605 1032 1658 ψυχρῷ
1068 1603 1269 1642 omisimus
1296 1600 1472 1639 codicem
1499 1603 1547 1640 E.
1572 1602 1709 1639 secuti.
1764 1650 1766 1653 v

302 1669 396 1707 vide
416 1669 465 1707 ad
485 1671 517 1717 1,
539 1673 578 1718 3,
598 1671 635 1707 5.
667 1690 717 1695 —
749 1666 810 1707 διὸ
831 1696 840 1705 .
857 1697 866 1706 .
883 1698 891 1707 .
907 1698 915 1707 .
935 1666 1087 1722 πάγοις.
1122 1670 1235 1709 Idem
1256 1668 1305 1706 de
1321 1668 1495 1706 fontibus
1513 1680 1565 1704 ex
1579 1673 1710 1705 terrae

302 1735 520 1773 visceribus
563 1735 857 1786 prosilientibus
895 1750 1086 1774 monuere
1130 1736 1475 1786 Hippocrates
1520 1734 1568 1771 de
1602 1732 1710 1780 a‘e're,

304 1804 422 1851 aquis
439 1808 478 1838 et
493 1802 593 1839 locis
624 1802 655 1845 ᾖ.
676 1804 738 1839 36.
777 1802 882 1839 Cor.
912 1803 960 1839 de
985 1809 1070 1840 nat.
1091 1803 1255 1851 pueror.
1283 1801 1358 1840 ΙΙΙ.
1378 1812 1419 1851 Ρ.
1441 1802 1508 1845 25,
1525 1803 1548 1837 3
1570 1796 1711 1850 (Foe's)

303 1867 468 1916 aliique,
510 1881 608 1918 quos
635 1867 802 1904 excitavi
836 1866 1053 1906 Meteorol.
1082 1875 1160 1906 vet.
1197 1868 1378 1912 XI„55.
1414 1879 1454 1916 p.
1472 1868 1552 1904 222
1570 1877 1626 1915 sq.
1659 1887 1708 1893 —

303 1933 456 1981 Dogma
500 1932 550 1970 de
586 1933 844 1982 antiperistasi
881 1934 1019 1970 caloris
1056 1939 1095 1970 et
1131 1932 1289 1982 frigoris
1331 1931 1497 1981 amplius
1531 1930 1712 1968 excoluit

305 1998 481 2036 Strato
510 1999 809 2048 Lampsacenus,
837 1997 1106 2049 Theophrasti
1133 2000 1174 2036 in
1193 1997 1379 2035 cathedra
1402 2009 1611 2045 successor,
1640 2009 1711 2034 cu-

303 2064 364 2100 ius
390 2064 466 2101 tale
492 2063 697 2102 decretum
725 2070 782 2101 cst
805 2064 910 2114 apud
939 2065 1181 2102 Senecam
1214 2065 1382 2114 Quae-st.
1408 2069 1493 2099 nat.
1521 2062 1605 2110 VI,
1637 2065 1709 2099 13:

305 2129 525 2180 Frigidum
549 2137 590 2167 et
614 2130 797 2167 calidum
832 2143 988 2179 semper
1024 2133 1068 2168 in
1103 2131 1318 2168 contraria
1354 2128 1528 2175 abeunt,
1560 2134 1599 2164 et
1624 2140 1710 2165 una

307 2208 390 2232 esse
414 2209 495 2233 non
509 2203 702 2245 possunt.-
731 2211 775 2234 eo
787 2196 1004 2247 frigidum
1022 2197 1216 2246 confluit,
1245 2196 1351 2232 unde
1369 2195 1432 2232 vis
1456 2193 1600 2231 calida
1624 2193 1712 2233 dis-

307 2263 452 2298 cessit.-
483 2269 522 2298 et
539 2263 715 2299 invicem
740 2263 801 2300 ibi
821 2263 1006 2300 calidum
1023 2270 1103 2310 est,
1129 2263 1236 2300 unde
1247 2262 1388 2312 frigus
1409 2262 1618 2310 expulsum
1636 2266 1708 2297 est.

307 2323 414 2376 Hoc,
444 2327 552 2378 qnod
571 2325 674 2376 dico,
695 2343 834 2366 verum
852 2336 934 2366 est:
963 2330 1036 2366 sed
1050 2336 1266 2379 utrumque
1291 2329 1336 2364 in
1352 2328 1606 2365 contrarium
1625 2326 1712 2375 agi,

308 2405 357 2428 ex
375 2392 452 2430 hoe
467 2392 546 2430 tibi
563 2401 783 2443 appareat.
840 2395 1030 2432 Hiberna
1049 2402 1247 2444 tempore,
1276 2407 1398 2445 quum
1414 2396 1542 2442 snpra
1560 2399 1712 2428 terram

299 2457 447 2508 frigus
466 2467 545 2506 est,
574 2458 711 2497 calent
731 2463 871 2510 putei,
903 2474 977 2511 nec
993 2462 1126 2498 minus
1146 2474 1310 2511 specus,
1340 2467 1464 2510 atque
1485 2469 1618 2494 omnes
1638 2453 1711 2492 sub

310 2530 421 2560 terra
437 2538 636 2563 recessus:
667 2528 768 2577 quia
786 2540 831 2564 eo
853 2540 895 2564 se
915 2527 1032 2564 calor
1050 2527 1235 2576 contulit,
1259 2528 1474 2576 superiora
1485 2520 1713 2573 possidenti

300 2588 467 2639 frigori
485 2591 650 2628 cedens:
677 2595 748 2643 qui
765 2607 889 2643 quum
907 2595 952 2630 in
969 2592 1172 2647 inferiora
1184 2593 1382 2642 pervenit,
1399 2596 1438 2626 ot
1453 2602 1497 2626 eo
1515 2598 1557 2624 se
1575 2600 1712 2638 quan-

310 2660 396 2691 tum
413 2664 608 2705 poterat,
638 2659 831 2708 ingessit,
871 2673 948 2709 quo
976 2659 1163 2707 densior,
1191 2658 1268 2695 hoc
1291 2653 1470 2694 validior
1498 2661 1580 2691 est:
1615 2652 1712 2690 linio

313 2719 421 2757 alius
449 2725 707 2771 supervenit,
748 2727 818 2761 cui
846 2732 1121 2775 congregatas
1150 2724 1217 2760 ille
1245 2724 1333 2758 iam
1360 2727 1399 2757 et
1426 2721 1471 2757 in
1489 2707 1712 2770 angustum

308 2797 472 2833 pressus
492 2788 577 2824 loeo
597 2789 716 2825 cedit.
744 2790 856 2826 Idem
875 2804 895 2826 e
914 2792 1127 2828 contrario
1148 2789 1293 2831 evenit,
1311 2786 1475 2836 quando
1494 2788 1559 2823 vis
1578 2787 1713 2823 maior
