1774 3172
296 346 356 390 26
402 353 779 398 —p·³44‚a.Bekk-—
844 331 1245 396 L1B.1.0Ar.v11.'
1311 358 1476 400 -p.331,
1493 357 1538 391 A.
1563 357 1688 392 cas..-

289 463 346 516 μὴ
372 461 500 520 τούτῳ
515 477 524 487 ·
554 464 654 516 ταχὺ
681 462 755 518 γὰρ
784 459 850 504 διὰ
876 463 949 517 τὴν
978 460 1143 520 εἶφυῖαν
1170 469 1243 507 τοῦ
1269 463 1571 519 ὑπεκκαύματος
1599 470 1689 509 δια-

292 530 455 570 δίδωσιν
494 530 555 570 ἐπὶ
592 533 732 583 μῆκος.
791 530 825 569 εἲ
858 526 907 583 ὁὴ
935 535 1054 572 τοῦτο
1085 533 1286 584 διαμείνειε
1325 534 1389 573 καὶ
1420 532 1476 586 μὴ
1508 549 1688 586 καταμα-

292 598 458 650 ρανθειή
489 594 674 641 &ez-9620,
702 589 922 649 ᾖμάλιστα
952 596 1150 639 ἔπύκνωσε
1176 597 1221 639 τὸ
1249 595 1501 651 ὑπέκκαυμα,
1541 599 1683 653 γένοιτ’

291 661 339 702 ἂν
378 662 479 717 ἀρχὴ
519 665 590 714 τῆς
627 665 758 715 φορᾶς
793 659 1005 715 ἡτελευτὴ
1042 667 1113 716 τῆς
1150 666 1391 718 διαδρομῆς·
1445 669 1627 706 τοιοῦτον
1666 663 1687 706 ὃ

288 728 464 781 κομήτης
491 728 595 768 ἐστὶν
626 726 779 781 ἀστήρ,
811 725 942 783 ὥσπερ
964 729 1160 783 διαδρομὴ
1188 730 1354 786 ἀστέρος
1381 731 1478 783 ἔχων
1508 732 1548 771 ἐν
1579 728 1688 788 αὑτῷ

288 794 409 848 πέρας
435 795 500 834 καὶ
531 792 667 848 ἀρχήν.
727 798 764 834 5.
796 792 921 835 ”Όταν
949 794 1023 846 μὲν
1052 790 1122 836 οὖν
1150 797 1191 836 ἐν
1218 796 1326 852 αὐτῷ
1354 802 1410 853 τῷ
1440 796 1548 838 κάτω
1576 796 1688 852 τόπῳ

285 858 309 913 7‘7
339 859 441 914 ἀρχὴ
471 863 542 913 τῆς
579 859 806 907 συστάσεως
841 855 886 914 ᾗ,
933 859 1033 900 καθ’
1063 858 1204 902 ἑαυτὸν
1232 863 1411 916 φαίνεται
1440 860 1460 903 ὃ
1490 862 1686 916 κομήτης·

285 925 382 967 ὅταν
413 927 448 966 ‹5‘
475 923 551 966 ὕπὸ
581 929 661 966 τῶν
688 923 847 980 ἄστρων
875 925 1006 974 τινός,
1053 925 1077 979 ἢ
1106 931 1186 968 τῶν
1214 925 1400 969 ἀπλανῶν
1427 927 1451 981 ἢ
1478 933 1557 970 τῶν
1585 933 1688 969 πλα-

285 990 434 1044 νήτων,
485 988 567 1043 ὕπὸΔ
601 995 672 1045 τῆς
712 991 899 1044 κινήσεως
935 997 1163 1045 συνιστῆται
1199 991 1223 1046 ⁷⁶7
1254 993 1548 1046 ἀναθυμίασις,
1596 993 1686 1035 τότε

283 1057 458 1111 κομήτης
484 1059 628 1112 γίνεται
656 1056 809 1099 τούτων
835 1070 915 1105 τις·
947 1058 993 1098 οὐ
1014 1058 1090 1111 γὰρ
1119 1058 1222 1112 πρὸς
1247 1059 1383 1106 αὐτοῖς
1410 1058 1433 1112 ἡ
1455 1058 1558 1113 κόμη
1587 1061 1687 1114 γίνε-

283 1140 347 1173 ται
375 1123 670 1179 τοῖςάστροις,
701 1123 794 1165 ἀλλ’
819 1123 950 1176 ὥσπερ
982 1125 1022 1165 αἱ
1053 1124 1137 1179 ἅλῳ
1166 1126 1253 1179 περὶ
1283 1125 1353 1165 τὸν
1381 1125 1493 1178 ἣλιον
1521 1127 1688 1179 φαίνοιμ

282 1199 347 1230 ται
377 1191 440 1231 καὶ
468 1189 542 1243 τὴν
570 1188 735 1243 σελήνην
763 1194 1142 1244 παρακολουθοῦσαι
1161 1223 1171 1240 ‚
1214 1192 1351 1245 καίπερ
1380 1192 1686 1243 μεθισταμένων

281 1260 362 1297 τῶν
389 1255 570 1310 ἄστρων,
613 1254 711 1297 ὅταν
739 1254 868 1303 οὕτως
895 1251 921 1311 ᾖ
950 1256 1251 1308 πεπυκνωμένος
1278 1253 1298 1297 ὃ
1331 1256 1407 1312 ἀὴρ
1437 1255 1536 1298 ὥστε
1565 1261 1684 1298 τοῦτο

281 1325 462 1376 γίνεσθαι
490 1322 535 1363 τὸ
565 1321 702 1370 πάθος
729 1320 805 1363 ὑπὸ
835 1322 907 1374 τὴν
936 1327 1007 1363 τοῦ
1037 1321 1151 1376 ἡλίου
1181 1324 1367 1376 πορείαν,
1420 1322 1525 1364 οὕτω
1566 1324 1630 1364 καὶ
1659 1320 1684 1377 ἦ

283 1387 385 1442 κόμη
415 1394 500 1437 τοῖς
524 1388 686 1443 ἄστροις
713 1385 798 1429 οἷον
828 1387 936 1437 ἅλως
963 1389 1080 1430 ἐστίν.
1167 1395 1204 1429 6.
1245 1388 1364 1442 Πλὴν
1389 1386 1506 1441 ἡμὲν
1538 1390 1684 1443 γίνεται

281 1454 335 1495 δι’
360 1453 576 1495 ἀνάκλασιν
605 1453 769 1507 τοιαύτη
798 1454 871 1508 τὴν
895 1453 1036 1509 χρόαν,
1061 1455 1142 1496 ἐκεῖ
1165 1455 1205 1495 δ’
1221 1452 1285 1496 ἐπ’
1308 1454 1438 1496 αὐτῶν
1465 1455 1511 1496 τὸ
1537 1459 1684 1510 χρῶμα

280 1517 519 1575 φαινόμῖενόν
547 1521 674 1561 ἔστιν·
705 1519 803 1561 ὅταν
821 1521 894 1573 μὲν
913 1516 984 1562 οὗν
1002 1521 1092 1562 κατ’
1116 1521 1263 1575 ἀστέρα
1290 1521 1446 1575 γένηται
1474 1519 1694 1574 ἡτοιαύτη

280 1586 489 1641 σύγκρισις,
519 1585 590 1638 τὴν
620 1585 743 1638 αὐτὴν
771 1586 919 1640 ἀνάγκη
949 1588 1164 1642 φαίνεσθαι
1195 1586 1327 1642 φορὰν
1356 1585 1583 1639 κινούμενον
1610 1587 1682 1628 τὸν

278 1727 519 1758 transcursus
558 1719 650 1757 huic
676 1719 951 1770 phaenomeno
978 1722 1146 1767 similes,
1186 1734 1275 1758 cum
1304 1721 1486 1758 celeriter
1516 1726 1681 1771 propter

277 1792 405 1835 aptam
439 1785 595 1835 igniarii
631 1791 810 1823 naturam
846 1787 889 1823 in
916 1787 1198 1836 longitudinem
1232 1787 1476 1824 extendatur.
1544 1787 1624 1835 Qui
1648 1787 1681 1824 si

277 1856 564 1902 permanerent,
592 1864 720 1900 neque
742 1851 783 1888 in
799 1852 885 1901 ipso
904 1852 1067 1889 transitu
1087 1852 1399 1895 extabescerent,
1428 1852 1547 1901 ipsius
1563 1852 1674 1888 latio-

276 1918 335 1967 nis
361 1916 517 1954 initium
543 1916 648 1953 foret
681 1922 924 1954 transcursus
952 1917 1061 1963 finis,
1093 1917 1247 1966 quando
1277 1917 1414 1957 alicubi
1443 1916 1678 1954 incensionis

276 1983 436 2020 materia
465 1981 736 2020 condensetur.
795 1983 893 2020 Tale
922 1983 1038 2033 igitur
1067 1983 1251 2032 quiddam
1283 1988 1504 2020 cometae
1536 1983 1676 2020 sidus

275 2055 375 2097 est,
425 2049 613 2086 stellae
650 2054 1003 2094 transcursus,
1043 2049 1126 2098 qui
1153 2049 1202 2085 in
1231 2062 1280 2085 ae
1317 2049 1429 2099 ipso
1466 2046 1674 2086 initium

274 2115 455 2152 habeat
481 2120 630 2164 atque
657 2114 828 2152 finem.
879 2119 915 2153 5.
942 2115 1062 2164 Quod
1081 2116 1114 2151 si
1130 2115 1250 2164 igitur
1268 2115 1309 2151 in
1331 2115 1417 2164 ipso
1435 2115 1565 2152 infero
1585 2115 1672 2152 loco

273 2181 531 2219 concretionis
551 2181 787 2231 principium
809 2181 1140 2232 deprehenditur,
1171 2193 1242 2230 per
1261 2193 1302 2217 se
1321 2186 1484 2231 apparet
1503 2187 1673 2218 cometa:

272 2257 361 2286 cum
383 2261 481 2284 vero
502 2247 573 2284 sub
594 2248 705 2284 stella
725 2248 889 2298 quadam
918 2253 985 2285 aut
1010 2247 1089 2284 fixa
1118 2251 1192 2283 aut'
1211 2247 1375 2284 erratica
1396 2247 1438 2284 vi
1455 2247 1674 2285 revolutio-¹

272 2315 330 2352 nis
351 2327 477 2365 vapor
495 2315 726 2362 concrescit,
758 2321 852 2352 tunc
867 2315 1038 2365 ipsarum
1056 2314 1257 2350 stellarum
1275 2313 1401 2364 aliqua
1422 2314 1463 2350 in
1481 2320 1671 2351 cometam

270 2381 414 2418 mutari
436 2379 606 2417 videtur.
664 2380 918 2432 Nequaquam
941 2381 1045 2418 enim
1076 2391 1203 2430 prope
1227 2379 1310 2430 ipsa
1336 2378 1465 2416 sidera
1482 2379 1528 2416 fit
1549 2389 1671 2424 coma,

270 2448 337 2484 sed
376 2446 707 2495 quemadmodum
743 2446 903 2485 halones
939 2448 1041 2484 circa
1074 2446 1198 2483 solem
1231 2446 1442 2494 lunamque
1468 2449 1668 2494 apparent,

270 2523 421 2561 easque,
440 2513 616 2560 quamvis
635 2514 764 2551 locum
786 2519 947 2561 mutent,
978 2514 1260 2562 insequuntur,
1290 2509 1480 2560 siquidem
1500 2509 1553 2545 ita
1571 2519 1665 2545 con-

269 2577 411 2614 densus
432 2583 489 2613 est
511 2580 596 2621 ae‘r‚
625 2583 669 2614 ut
687 2579 838 2616 affectio
867 2580 934 2618 illa
960 2580 1063 2617 infra
1090 2577 1182 2615 solis
1207 2577 1342 2614 orbem
1369 2573 1583 2617 efficiatur,
1612 2573 1666 2610 ita

269 2653 379 2679 coma
404 2641 520 2679 etiam
550 2642 742 2680 sideribus
778 2646 885 2695 quasi
913 2645 1004 2682 halo
1035 2643 1237 2691 contingit.
1300 2643 1337 2677 6.
1372 2638 1456 2675 Nec
1480 2637 1666 2676 differunt

266 2707 341 2745 nisi
370 2707 474 2758 quod
510 2706 604 2745 haec
632 2709 774 2747 coloris
805 2711 1000 2761 particeps
1032 2709 1078 2746 fit
1103 2710 1267 2758 propter
1293 2702 1570 2742 reflexionem:
1609 2703 1663 2740 ibi

267 2787 364 2813 vero
393 2774 432 2811 in
461 2774 554 2824 ipsis
581 2774 689 2811 color
714 2782 885 2824 apparet.
943 2773 1114 2823 Quando
1141 2771 1258 2820 igitur
1286 2769 1335 2805 ad
1366 2768 1470 2805 sidus
1505 2769 1550 2805 fit
1578 2769 1663 2805 talis
