<?xml version="1.0" encoding="UTF-8"?>
<!DOCTYPE html PUBLIC "-//W3C//DTD XHTML 1.0 Transitional//EN"
    "http://www.w3.org/TR/xhtml1/DTD/xhtml1-transitional.dtd">
<html xmlns="http://www.w3.org/1999/xhtml" xml:lang="en" lang="en">
 <head>
  <title>
</title>
<meta http-equiv="Content-Type" content="text/html;charset=utf-8" />
  <meta name='ocr-system' content='tesseract 3.04.00' />
  <meta name='ocr-capabilities' content='ocr_page ocr_carea ocr_par ocr_line ocrx_word'/>
</head>
<body>
  <div class='ocr_page' id='page_1' title='image "./meteorologicorum01arisuoft_0165.png"; bbox 0 0 1820 3158; ppageno 0'>
   <div class='ocr_carea' id='block_1_1' title="bbox 96 343 1496 416">
    <p class='ocr_par' dir='ltr' id='par_1_1' title="bbox 96 343 1496 416">
     <span class='ocr_line' id='line_1_1' title="bbox 96 343 1496 416; baseline -0.001 -11"><span class='ocrx_word' id='word_1_1' title='bbox 96 343 490 416; x_wconf 13' lang='lat' dir='ltr'><strong>1—p.369,b.l3ekk.-</strong></span> <span class='ocrx_word' id='word_1_2' title='bbox 553 373 717 412; x_wconf 70' lang='lat' dir='ltr'><strong>Lffln,</strong></span> <span class='ocrx_word' id='word_1_3' title='bbox 745 371 949 412; x_wconf 70' lang='lat' dir='ltr'><strong>cApr,</strong></span> <span class='ocrx_word' id='word_1_4' title='bbox 982 368 1205 414; x_wconf 80' lang='lat' dir='ltr'><strong>-p.351,H.</strong></span> <span class='ocrx_word' id='word_1_5' title='bbox 1230 366 1358 403; x_wconf 82' lang='lat' dir='ltr'><strong>cas.-</strong></span> <span class='ocrx_word' id='word_1_6' title='bbox 1407 362 1496 405; x_wconf 84' lang='lat'><strong>125</strong></span> 
     </span>
    </p>
   </div>
   <div class='ocr_carea' id='block_1_2' title="bbox 22 479 1564 1688">
    <p class='ocr_par' dir='ltr' id='par_1_2' title="bbox 22 479 1564 1688">
     <span class='ocr_line' id='line_1_2' title="bbox 77 479 1506 540; baseline -0.003 -14"><span class='ocrx_word' id='word_1_7' title='bbox 77 485 179 539; x_wconf 81' lang='grc' dir='ltr'><em>μετὰ</em></span> <span class='ocrx_word' id='word_1_8' title='bbox 206 485 281 539; x_wconf 81' lang='grc' dir='ltr'><strong>τὴν</strong></span> <span class='ocrx_word' id='word_1_9' title='bbox 310 483 464 539; x_wconf 79' lang='grc' dir='ltr'><em>πληγὴν</em></span> <span class='ocrx_word' id='word_1_10' title='bbox 492 484 557 525; x_wconf 79' lang='grc' dir='ltr'><strong>καὶ</strong></span> <span class='ocrx_word' id='word_1_11' title='bbox 575 482 744 540; x_wconf 71' lang='grc' dir='ltr'><em>ὕστερον</em></span> <span class='ocrx_word' id='word_1_12' title='bbox 761 486 835 536; x_wconf 80' lang='grc' dir='ltr'><strong>τῆς</strong></span> <span class='ocrx_word' id='word_1_13' title='bbox 852 485 1050 537; x_wconf 82' lang='grc' dir='ltr'><em>βροντῆς·</em></span> <span class='ocrx_word' id='word_1_14' title='bbox 1078 480 1182 530; x_wconf 77' lang='grc' dir='ltr'><strong>ἀλλὰ</strong></span> <span class='ocrx_word' id='word_1_15' title='bbox 1199 482 1382 538; x_wconf 81' lang='grc' dir='ltr'><em>φαίνεται</em></span> <span class='ocrx_word' id='word_1_16' title='bbox 1402 479 1506 535; x_wconf 85' lang='grc' dir='ltr'><em>πρό-</em></span> 
     </span>
     <span class='ocr_line' id='line_1_3' title="bbox 77 547 1505 608; baseline -0.004 -13"><span class='ocrx_word' id='word_1_17' title='bbox 77 569 195 608; x_wconf 82' lang='grc' dir='ltr'><em>τερον</em></span> <span class='ocrx_word' id='word_1_18' title='bbox 225 552 292 595; x_wconf 80' lang='grc' dir='ltr'><strong>διὰ</strong></span> <span class='ocrx_word' id='word_1_19' title='bbox 319 550 366 593; x_wconf 78' lang='grc' dir='ltr'><strong>τὸ</strong></span> <span class='ocrx_word' id='word_1_20' title='bbox 396 551 469 605; x_wconf 81' lang='grc' dir='ltr'><strong>τὴν</strong></span> <span class='ocrx_word' id='word_1_21' title='bbox 500 550 599 604; x_wconf 77' lang='grc' dir='ltr'><em>ὄψιν</em></span> <span class='ocrx_word' id='word_1_22' title='bbox 627 557 833 606; x_wconf 88' lang='grc' dir='ltr'><em>προτερεΐν</em></span> <span class='ocrx_word' id='word_1_23' title='bbox 861 553 934 604; x_wconf 84' lang='grc' dir='ltr'><strong>τῆς</strong></span> <span class='ocrx_word' id='word_1_24' title='bbox 960 547 1097 604; x_wconf 78' lang='grc' dir='ltr'><em>ἀκοῆς.</em></span> <span class='ocrx_word' id='word_1_25' title='bbox 1128 550 1251 604; x_wconf 77' lang='grc' dir='ltr'><em>δηλοῖ·</em></span> <span class='ocrx_word' id='word_1_26' title='bbox 1273 548 1314 590; x_wconf 72' lang='grc' dir='ltr'><strong>δ’</strong></span> <span class='ocrx_word' id='word_1_27' title='bbox 1339 548 1403 590; x_wconf 75' lang='grc' dir='ltr'><strong>ἐπὶ</strong></span> <span class='ocrx_word' id='word_1_28' title='bbox 1433 551 1505 602; x_wconf 78' lang='grc' dir='ltr'><strong>τῆς</strong></span> 
     </span>
     <span class='ocr_line' id='line_1_4' title="bbox 77 613 1507 676; baseline -0.003 -15"><span class='ocrx_word' id='word_1_29' title='bbox 77 621 249 676; x_wconf 78' lang='grc' dir='ltr'><em>εἲρεσίας</em></span> <span class='ocrx_word' id='word_1_30' title='bbox 275 624 356 661; x_wconf 83' lang='grc' dir='ltr'><strong>τῶν</strong></span> <span class='ocrx_word' id='word_1_31' title='bbox 375 618 573 675; x_wconf 82' lang='grc' dir='ltr'><em>τριήρων·</em></span> <span class='ocrx_word' id='word_1_32' title='bbox 599 617 678 673; x_wconf 71' lang='grc' dir='ltr'><strong>ἤδη</strong></span> <span class='ocrx_word' id='word_1_33' title='bbox 697 618 773 674; x_wconf 79' lang='grc' dir='ltr'><strong>γὰρ</strong></span> <span class='ocrx_word' id='word_1_34' title='bbox 800 615 1088 673; x_wconf 72' lang='grc' dir='ltr'><em>ἀναφερόντων</em></span> <span class='ocrx_word' id='word_1_35' title='bbox 1117 615 1237 658; x_wconf 84' lang='grc' dir='ltr'><em>πάλιν</em></span> <span class='ocrx_word' id='word_1_36' title='bbox 1267 615 1341 665; x_wconf 78' lang='grc' dir='ltr'><strong>τὰς</strong></span> <span class='ocrx_word' id='word_1_37' title='bbox 1368 613 1507 664; x_wconf 81' lang='grc' dir='ltr'><em>κώπας</em></span> 
     </span>
     <span class='ocr_line' id='line_1_5' title="bbox 78 685 1561 743; baseline -0.003 -14"><span class='ocrx_word' id='word_1_38' title='bbox 78 685 100 728; x_wconf 81' lang='grc' dir='ltr'><strong><em>ὃ</em></strong></span> <span class='ocrx_word' id='word_1_39' title='bbox 130 692 291 742; x_wconf 85' lang='grc' dir='ltr'><em>πρῶτος</em></span> <span class='ocrx_word' id='word_1_40' title='bbox 319 686 543 743; x_wconf 78' lang='grc' dir='ltr'><em>ἀφικνεῖται</em></span> <span class='ocrx_word' id='word_1_41' title='bbox 568 685 710 742; x_wconf 84' lang='grc' dir='ltr'><em>ψόφος</em></span> <span class='ocrx_word' id='word_1_42' title='bbox 737 690 809 741; x_wconf 81' lang='grc' dir='ltr'><strong>τῆς</strong></span> <span class='ocrx_word' id='word_1_43' title='bbox 836 685 1111 740; x_wconf 83' lang='grc' dir='ltr'><em>κωπηλασίας.</em></span> <span class='ocrx_word' id='word_1_44' title='bbox 1173 691 1237 726; x_wconf 90' lang='grc'><strong>10.</strong></span> <span class='ocrx_word' id='word_1_45' title='bbox 1266 685 1414 726; x_wconf 82' lang='grc' dir='ltr'><strong><em>Καίτοι</em></strong></span> <span class='ocrx_word' id='word_1_46' title='bbox 1436 689 1561 725; x_wconf 69' lang='lat' dir='ltr'><strong>‘ct-10</strong></span> 
     </span>
     <span class='ocr_line' id='line_1_6' title="bbox 76 750 1507 810; baseline -0.001 -15"><span class='ocrx_word' id='word_1_47' title='bbox 76 755 143 803; x_wconf 77' lang='grc' dir='ltr'><strong>νές</strong></span> <span class='ocrx_word' id='word_1_48' title='bbox 171 755 352 810; x_wconf 76' lang='grc' dir='ltr'><em>λέγουσιν</em></span> <span class='ocrx_word' id='word_1_49' title='bbox 381 752 437 803; x_wconf 80' lang='grc' dir='ltr'><strong>ὡς</strong></span> <span class='ocrx_word' id='word_1_50' title='bbox 463 754 505 795; x_wconf 76' lang='grc' dir='ltr'><strong>ἓν</strong></span> <span class='ocrx_word' id='word_1_51' title='bbox 532 760 618 803; x_wconf 78' lang='grc' dir='ltr'><em>τοῖς</em></span> <span class='ocrx_word' id='word_1_52' title='bbox 645 754 805 810; x_wconf 75' lang='grc' dir='ltr'><em>νέφεσιν</em></span> <span class='ocrx_word' id='word_1_53' title='bbox 834 754 1023 809; x_wconf 72' lang='grc' dir='ltr'><em>ἐγγίνεται</em></span> <span class='ocrx_word' id='word_1_54' title='bbox 1050 757 1154 806; x_wconf 79' lang='grc' dir='ltr'><em>πῦρ·</em></span> <span class='ocrx_word' id='word_1_55' title='bbox 1194 755 1316 794; x_wconf 73' lang='grc' dir='ltr'><em>τοῦτο</em></span> <span class='ocrx_word' id='word_1_56' title='bbox 1347 750 1388 793; x_wconf 76' lang='grc' dir='ltr'><strong>δ’</strong></span> <span class='ocrx_word' id='word_1_57' title='bbox 1420 753 1507 805; x_wconf 88' lang='grc' dir='ltr'><strong>Εμ-</strong></span> 
     </span>
     <span class='ocr_line' id='line_1_7' title="bbox 76 817 1509 878; baseline -0.002 -14"><span class='ocrx_word' id='word_1_58' title='bbox 76 824 273 876; x_wconf 78' lang='grc' dir='ltr'><em>πεδοκλῆς</em></span> <span class='ocrx_word' id='word_1_59' title='bbox 300 822 373 875; x_wconf 78' lang='grc' dir='ltr'><strong>μέν</strong></span> <span class='ocrx_word' id='word_1_60' title='bbox 395 836 518 878; x_wconf 82' lang='grc' dir='ltr'><em>φησιν</em></span> <span class='ocrx_word' id='word_1_61' title='bbox 537 819 635 863; x_wconf 71' lang='grc' dir='ltr'><em>εἶναι</em></span> <span class='ocrx_word' id='word_1_62' title='bbox 655 821 702 864; x_wconf 85' lang='grc' dir='ltr'><strong>τὸ</strong></span> <span class='ocrx_word' id='word_1_63' title='bbox 725 820 1176 876; x_wconf 74' lang='grc' dir='ltr'><em>ἔμπεριλαμβανόμενον</em></span> <span class='ocrx_word' id='word_1_64' title='bbox 1194 824 1276 862; x_wconf 83' lang='grc' dir='ltr'><strong>τῶν</strong></span> <span class='ocrx_word' id='word_1_65' title='bbox 1296 823 1370 861; x_wconf 80' lang='grc' dir='ltr'><strong>τοῦ</strong></span> <span class='ocrx_word' id='word_1_66' title='bbox 1391 817 1509 873; x_wconf 73' lang='grc' dir='ltr'><em>ἡλίου</em></span> 
     </span>
     <span class='ocr_line' id='line_1_8' title="bbox 77 886 1510 945; baseline -0.001 -14"><span class='ocrx_word' id='word_1_67' title='bbox 77 889 270 942; x_wconf 82' lang='grc' dir='ltr'><em>ἀκτίνων,</em></span> <span class='ocrx_word' id='word_1_68' title='bbox 318 889 592 945; x_wconf 74' lang='grc' dir='ltr'><em>Ἀναξαγόρας</em></span> <span class='ocrx_word' id='word_1_69' title='bbox 629 890 674 931; x_wconf 75' lang='grc' dir='ltr'><strong>δὲ</strong></span> <span class='ocrx_word' id='word_1_70' title='bbox 710 893 784 931; x_wconf 82' lang='grc' dir='ltr'><strong>τοῦ</strong></span> <span class='ocrx_word' id='word_1_71' title='bbox 817 888 979 931; x_wconf 73' lang='grc' dir='ltr'><em>ἄνωθεν</em></span> <span class='ocrx_word' id='word_1_72' title='bbox 1012 889 1204 944; x_wconf 71' lang='grc' dir='ltr'><em>αῗθὲρος,</em></span> <span class='ocrx_word' id='word_1_73' title='bbox 1248 886 1270 930; x_wconf 82' lang='grc' dir='ltr'>ὃ</span> <span class='ocrx_word' id='word_1_74' title='bbox 1302 886 1352 941; x_wconf 77' lang='grc' dir='ltr'><strong>δὴ</strong></span> <span class='ocrx_word' id='word_1_75' title='bbox 1382 894 1510 936; x_wconf 83' lang='grc' dir='ltr'><em>κεῖνος</em></span> 
     </span>
     <span class='ocr_line' id='line_1_9' title="bbox 77 950 1560 1012; baseline -0.001 -14"><span class='ocrx_word' id='word_1_76' title='bbox 77 960 194 999; x_wconf 84' lang='grc' dir='ltr'><em>καλεῖ</em></span> <span class='ocrx_word' id='word_1_77' title='bbox 207 961 312 1012; x_wconf 77' lang='grc' dir='ltr'><em>πῦρ,</em></span> <span class='ocrx_word' id='word_1_78' title='bbox 343 958 582 1011; x_wconf 74' lang='grc' dir='ltr'><em>κατενεχθέν</em></span> <span class='ocrx_word' id='word_1_79' title='bbox 611 957 771 999; x_wconf 73' lang='grc' dir='ltr'><em>ἄνωθεν</em></span> <span class='ocrx_word' id='word_1_80' title='bbox 799 956 923 999; x_wconf 81' lang='grc' dir='ltr'><em>κάτω.</em></span> <span class='ocrx_word' id='word_1_81' title='bbox 984 961 1051 999; x_wconf 83' lang='lat'><strong>11.</strong></span> <span class='ocrx_word' id='word_1_82' title='bbox 1089 954 1174 1010; x_wconf 78' lang='grc' dir='ltr'><strong>Τὴν</strong></span> <span class='ocrx_word' id='word_1_83' title='bbox 1198 955 1275 1009; x_wconf 77' lang='grc' dir='ltr'><strong>μὲν</strong></span> <span class='ocrx_word' id='word_1_84' title='bbox 1305 950 1378 997; x_wconf 78' lang='grc' dir='ltr'><strong>οὖν</strong></span> <span class='ocrx_word' id='word_1_85' title='bbox 1408 954 1560 996; x_wconf 81' lang='grc' dir='ltr'><strong>διά-11</strong></span> 
     </span>
     <span class='ocr_line' id='line_1_10' title="bbox 77 1021 1507 1081; baseline -0.001 -16"><span class='ocrx_word' id='word_1_86' title='bbox 77 1027 235 1078; x_wconf 82' lang='grc' dir='ltr'><em>λαμψιν</em></span> <span class='ocrx_word' id='word_1_87' title='bbox 266 1024 477 1081; x_wconf 77' lang='grc' dir='ltr'><em>ἀστραπὴν</em></span> <span class='ocrx_word' id='word_1_88' title='bbox 507 1023 604 1067; x_wconf 75' lang='grc' dir='ltr'><em>εἶναι</em></span> <span class='ocrx_word' id='word_1_89' title='bbox 633 1024 782 1067; x_wconf 83' lang='grc' dir='ltr'><em>τούτου</em></span> <span class='ocrx_word' id='word_1_90' title='bbox 810 1028 884 1066; x_wconf 78' lang='grc' dir='ltr'><strong>τοῦ</strong></span> <span class='ocrx_word' id='word_1_91' title='bbox 913 1022 1064 1080; x_wconf 85' lang='grc' dir='ltr'><em>πυρός,</em></span> <span class='ocrx_word' id='word_1_92' title='bbox 1093 1022 1164 1065; x_wconf 86' lang='grc' dir='ltr'><strong>τὸν</strong></span> <span class='ocrx_word' id='word_1_93' title='bbox 1186 1022 1232 1064; x_wconf 78' lang='grc' dir='ltr'><strong>δὲ</strong></span> <span class='ocrx_word' id='word_1_94' title='bbox 1252 1021 1396 1079; x_wconf 83' lang='grc' dir='ltr'><em>ψόφον</em></span> <span class='ocrx_word' id='word_1_95' title='bbox 1415 1024 1507 1064; x_wconf 75' lang='grc' dir='ltr'><em>ἔνα-</em></span> 
     </span>
     <span class='ocr_line' id='line_1_11' title="bbox 77 1088 1508 1148; baseline -0.001 -15"><span class='ocrx_word' id='word_1_96' title='bbox 77 1093 400 1146; x_wconf 76' lang='grc' dir='ltr'><em>ποσβεννυμένου</em></span> <span class='ocrx_word' id='word_1_97' title='bbox 431 1095 497 1135; x_wconf 83' lang='grc' dir='ltr'><strong>καὶ</strong></span> <span class='ocrx_word' id='word_1_98' title='bbox 523 1093 596 1148; x_wconf 74' lang='grc' dir='ltr'><strong>τὴν</strong></span> <span class='ocrx_word' id='word_1_99' title='bbox 628 1094 729 1142; x_wconf 74' lang='grc' dir='ltr'><em>σίξιν</em></span> <span class='ocrx_word' id='word_1_100' title='bbox 756 1090 954 1147; x_wconf 78' lang='grc' dir='ltr'><em>βροντήν,</em></span> <span class='ocrx_word' id='word_1_101' title='bbox 1004 1088 1060 1139; x_wconf 86' lang='grc' dir='ltr'><strong>ὥς</strong></span> <span class='ocrx_word' id='word_1_102' title='bbox 1095 1089 1285 1146; x_wconf 74' lang='grc' dir='ltr'><em>καθάπερ</em></span> <span class='ocrx_word' id='word_1_103' title='bbox 1324 1091 1508 1147; x_wconf 84' lang='grc' dir='ltr'><em>φαίνεται</em></span> 
     </span>
     <span class='ocr_line' id='line_1_12' title="bbox 78 1152 1509 1215; baseline -0.001 -14"><span class='ocrx_word' id='word_1_104' title='bbox 78 1161 144 1201; x_wconf 81' lang='grc' dir='ltr'><strong>καὶ</strong></span> <span class='ocrx_word' id='word_1_105' title='bbox 179 1159 387 1215; x_wconf 77' lang='grc' dir='ltr'><em>γινόμενον</em></span> <span class='ocrx_word' id='word_1_106' title='bbox 423 1159 532 1202; x_wconf 73' lang='grc' dir='ltr'><em>οὕτω</em></span> <span class='ocrx_word' id='word_1_107' title='bbox 569 1161 635 1201; x_wconf 83' lang='grc' dir='ltr'><strong>καὶ</strong></span> <span class='ocrx_word' id='word_1_108' title='bbox 674 1158 872 1215; x_wconf 87' lang='grc' dir='ltr'><em>πρότερον</em></span> <span class='ocrx_word' id='word_1_109' title='bbox 908 1157 984 1213; x_wconf 78' lang='grc' dir='ltr'><strong>τὴν</strong></span> <span class='ocrx_word' id='word_1_110' title='bbox 1022 1157 1235 1214; x_wconf 74' lang='grc' dir='ltr'><em>ἀστραπὴν</em></span> <span class='ocrx_word' id='word_1_111' title='bbox 1271 1152 1399 1200; x_wconf 66' lang='grc' dir='ltr'><em>οὖσαν</em></span> <span class='ocrx_word' id='word_1_112' title='bbox 1435 1161 1509 1213; x_wconf 82' lang='grc' dir='ltr'><strong>τῆς</strong></span> 
     </span>
     <span class='ocr_line' id='line_1_13' title="bbox 75 1224 1563 1283; baseline -0.001 -14"><span class='ocrx_word' id='word_1_113' title='bbox 75 1231 263 1282; x_wconf 74' lang='grc' dir='ltr'><strong>βροντῆς.</strong></span> <span class='ocrx_word' id='word_1_114' title='bbox 324 1235 389 1269; x_wconf 86' lang='grc'><strong>12.</strong></span> <span class='ocrx_word' id='word_1_115' title='bbox 418 1226 587 1283; x_wconf 76' lang='grc' dir='ltr'><em>Ἄλογος</em></span> <span class='ocrx_word' id='word_1_116' title='bbox 615 1227 660 1269; x_wconf 78' lang='grc' dir='ltr'><strong>δὲ</strong></span> <span class='ocrx_word' id='word_1_117' title='bbox 688 1227 755 1268; x_wconf 80' lang='grc' dir='ltr'><strong>καὶ</strong></span> <span class='ocrx_word' id='word_1_118' title='bbox 783 1224 808 1280; x_wconf 74' lang='grc' dir='ltr'>ἦ</span> <span class='ocrx_word' id='word_1_119' title='bbox 837 1229 912 1268; x_wconf 83' lang='grc' dir='ltr'><strong>τοῦ</strong></span> <span class='ocrx_word' id='word_1_120' title='bbox 940 1225 1070 1283; x_wconf 83' lang='grc' dir='ltr'><em>πυρὸς</em></span> <span class='ocrx_word' id='word_1_121' title='bbox 1098 1227 1388 1281; x_wconf 79' lang='grc' dir='ltr'><em>ἒμπερίληψις,</em></span> <span class='ocrx_word' id='word_1_122' title='bbox 1420 1225 1563 1279; x_wconf 59' lang='lat' dir='ltr'><strong>cipe—12</strong></span> 
     </span>
     <span class='ocr_line' id='line_1_14' title="bbox 68 1285 1509 1350; baseline 0 -14"><span class='ocrx_word' id='word_1_123' title='bbox 68 1294 259 1350; x_wconf 76' lang='grc' dir='ltr'><em>’φοτὲρως</em></span> <span class='ocrx_word' id='word_1_124' title='bbox 285 1294 380 1348; x_wconf 82' lang='grc' dir='ltr'><em>με’ν,</em></span> <span class='ocrx_word' id='word_1_125' title='bbox 417 1298 575 1348; x_wconf 82' lang='grc' dir='ltr'><em>μᾶλλον</em></span> <span class='ocrx_word' id='word_1_126' title='bbox 605 1294 646 1336; x_wconf 76' lang='grc' dir='ltr'><strong>δ’</strong></span> <span class='ocrx_word' id='word_1_127' title='bbox 675 1292 700 1349; x_wconf 73' lang='grc' dir='ltr'><strong><em>ἦ</em></strong></span> <span class='ocrx_word' id='word_1_128' title='bbox 734 1293 988 1343; x_wconf 83' lang='grc' dir='ltr'><em>κατάσπασις</em></span> <span class='ocrx_word' id='word_1_129' title='bbox 1021 1285 1103 1336; x_wconf 65' lang='grc' dir='ltr'><strong>τοῧ</strong></span> <span class='ocrx_word' id='word_1_130' title='bbox 1126 1293 1288 1336; x_wconf 79' lang='grc' dir='ltr'><em>ἄνωθεν</em></span> <span class='ocrx_word' id='word_1_131' title='bbox 1315 1293 1509 1350; x_wconf 71' lang='grc' dir='ltr'><em>αἰθέρος·</em></span> 
     </span>
     <span class='ocr_line' id='line_1_15' title="bbox 73 1361 1510 1420; baseline 0 -16"><span class='ocrx_word' id='word_1_132' title='bbox 73 1366 147 1404; x_wconf 82' lang='grc' dir='ltr'><strong>τοῦ</strong></span> <span class='ocrx_word' id='word_1_133' title='bbox 163 1379 205 1404; x_wconf 85' lang='grc' dir='ltr'><strong>τε</strong></span> <span class='ocrx_word' id='word_1_134' title='bbox 231 1361 309 1419; x_wconf 83' lang='grc' dir='ltr'><strong>γὰρ</strong></span> <span class='ocrx_word' id='word_1_135' title='bbox 338 1361 449 1405; x_wconf 85' lang='grc' dir='ltr'><em>κάτω</em></span> <span class='ocrx_word' id='word_1_136' title='bbox 479 1363 679 1420; x_wconf 73' lang='grc' dir='ltr'><em>φέρεσθαι</em></span> <span class='ocrx_word' id='word_1_137' title='bbox 706 1362 754 1405; x_wconf 83' lang='grc' dir='ltr'><strong>τὸ</strong></span> <span class='ocrx_word' id='word_1_138' title='bbox 786 1362 965 1419; x_wconf 86' lang='grc' dir='ltr'><em>πεφυκὸς</em></span> <span class='ocrx_word' id='word_1_139' title='bbox 991 1361 1076 1405; x_wconf 71' lang='grc' dir='ltr'><strong>ἅνω</strong></span> <span class='ocrx_word' id='word_1_140' title='bbox 1107 1364 1171 1404; x_wconf 79' lang='grc' dir='ltr'><strong>δεῖ</strong></span> <span class='ocrx_word' id='word_1_141' title='bbox 1201 1362 1390 1417; x_wconf 74' lang='grc' dir='ltr'><em>λέγεσθαι</em></span> <span class='ocrx_word' id='word_1_142' title='bbox 1435 1361 1510 1416; x_wconf 80' lang='grc' dir='ltr'><strong>τὴν</strong></span> 
     </span>
     <span class='ocr_line' id='line_1_16' title="bbox 74 1428 1510 1485; baseline -0.001 -13"><span class='ocrx_word' id='word_1_143' title='bbox 74 1431 219 1482; x_wconf 80' lang='grc' dir='ltr'><em>αἰτίαν,</em></span> <span class='ocrx_word' id='word_1_144' title='bbox 257 1431 324 1472; x_wconf 84' lang='grc' dir='ltr'><strong>καὶ</strong></span> <span class='ocrx_word' id='word_1_145' title='bbox 356 1429 423 1472; x_wconf 64' lang='grc' dir='ltr'><strong>(διὰ</strong></span> <span class='ocrx_word' id='word_1_146' title='bbox 452 1432 495 1473; x_wconf 88' lang='grc' dir='ltr'><strong>τί</strong></span> <span class='ocrx_word' id='word_1_147' title='bbox 518 1447 615 1473; x_wconf 82' lang='grc' dir='ltr'><em>ποτε</em></span> <span class='ocrx_word' id='word_1_148' title='bbox 643 1435 765 1473; x_wconf 83' lang='grc' dir='ltr'><em>τοῦτο</em></span> <span class='ocrx_word' id='word_1_149' title='bbox 794 1432 942 1485; x_wconf 79' lang='grc' dir='ltr'><em>γίνεται</em></span> <span class='ocrx_word' id='word_1_150' title='bbox 972 1430 1076 1473; x_wconf 82' lang='grc' dir='ltr'><em>κατὰ</em></span> <span class='ocrx_word' id='word_1_151' title='bbox 1105 1430 1177 1473; x_wconf 84' lang='grc' dir='ltr'><strong>τὸν</strong></span> <span class='ocrx_word' id='word_1_152' title='bbox 1207 1429 1382 1485; x_wconf 72' lang='grc' dir='ltr'><em>οὐρανὸν</em></span> <span class='ocrx_word' id='word_1_153' title='bbox 1410 1428 1510 1472; x_wconf 77' lang='grc' dir='ltr'><em>ὅταν</em></span> 
     </span>
     <span class='ocr_line' id='line_1_17' title="bbox 74 1492 1564 1554; baseline -0.001 -15"><span class='ocrx_word' id='word_1_154' title='bbox 74 1498 304 1554; x_wconf 70' lang='grc' dir='ltr'><em>ἐπινέφελον</em></span> <span class='ocrx_word' id='word_1_155' title='bbox 332 1492 359 1554; x_wconf 84' lang='grc' dir='ltr'><strong><em>ᾖ</em></strong></span> <span class='ocrx_word' id='word_1_156' title='bbox 387 1497 536 1552; x_wconf 85' lang='grc' dir='ltr'><em>μόνον,</em></span> <span class='ocrx_word' id='word_1_157' title='bbox 582 1498 676 1540; x_wconf 70' lang='grc' dir='ltr'><strong>ἀλλ’</strong></span> <span class='ocrx_word' id='word_1_158' title='bbox 711 1498 759 1540; x_wconf 83' lang='grc' dir='ltr'><strong>οὗ</strong></span> <span class='ocrx_word' id='word_1_159' title='bbox 790 1502 965 1552; x_wconf 79' lang='grc' dir='ltr'><em>συνεχῶς</em></span> <span class='ocrx_word' id='word_1_160' title='bbox 1003 1497 1145 1547; x_wconf 68' lang='grc' dir='ltr'><em>οὕτως.</em></span> <span class='ocrx_word' id='word_1_161' title='bbox 1219 1504 1283 1540; x_wconf 88' lang='grc'><strong>13.</strong></span> <span class='ocrx_word' id='word_1_162' title='bbox 1314 1498 1502 1553; x_wconf 77' lang='grc' dir='ltr'><em>Αἶθρίας</em></span> <span class='ocrx_word' id='word_1_163' title='bbox 1514 1503 1564 1538; x_wconf 86' lang='grc'><strong>13</strong></span> 
     </span>
     <span class='ocr_line' id='line_1_18' title="bbox 76 1564 1510 1621; baseline -0.001 -15"><span class='ocrx_word' id='word_1_164' title='bbox 76 1565 117 1606; x_wconf 76' lang='grc' dir='ltr'><strong>δ’</strong></span> <span class='ocrx_word' id='word_1_165' title='bbox 141 1564 266 1619; x_wconf 69' lang='grc' dir='ltr'><em>οὔσης</em></span> <span class='ocrx_word' id='word_1_166' title='bbox 294 1564 340 1607; x_wconf 81' lang='grc' dir='ltr'><strong>οὗ</strong></span> <span class='ocrx_word' id='word_1_167' title='bbox 369 1567 538 1621; x_wconf 75' lang='grc' dir='ltr'><em>γίνεται·</em></span> <span class='ocrx_word' id='word_1_168' title='bbox 589 1570 712 1609; x_wconf 78' lang='grc' dir='ltr'><em>τοῦτο</em></span> <span class='ocrx_word' id='word_1_169' title='bbox 749 1565 826 1621; x_wconf 74' lang='grc' dir='ltr'><strong>γὰρ</strong></span> <span class='ocrx_word' id='word_1_170' title='bbox 863 1565 1119 1608; x_wconf 85' lang='grc' dir='ltr'><em>παντάπασιν</em></span> <span class='ocrx_word' id='word_1_171' title='bbox 1159 1565 1282 1608; x_wconf 65' lang='grc' dir='ltr'><em>ἔοικεν</em></span> <span class='ocrx_word' id='word_1_172' title='bbox 1319 1567 1510 1620; x_wconf 72' lang='grc' dir='ltr'><em>εἰρῆσθαι</em></span> 
     </span>
     <span class='ocr_line' id='line_1_19' title="bbox 22 1630 1511 1688; baseline 0.001 -15"><span class='ocrx_word' id='word_1_173' title='bbox 22 1642 29 1647; x_wconf 85' lang='grc'><strong>’</strong></span> <span class='ocrx_word' id='word_1_174' title='bbox 75 1633 311 1688; x_wconf 84' lang='grc' dir='ltr'><em>προχείρως.</em></span> <span class='ocrx_word' id='word_1_175' title='bbox 342 1630 494 1686; x_wconf 76' lang='grc' dir='ltr'><em>ὁμοίως</em></span> <span class='ocrx_word' id='word_1_176' title='bbox 515 1633 559 1675; x_wconf 76' lang='grc' dir='ltr'><strong>δὲ</strong></span> <span class='ocrx_word' id='word_1_177' title='bbox 580 1635 645 1675; x_wconf 83' lang='grc' dir='ltr'><strong>καὶ</strong></span> <span class='ocrx_word' id='word_1_178' title='bbox 671 1633 738 1675; x_wconf 75' lang='grc' dir='ltr'><strong>διὰ</strong></span> <span class='ocrx_word' id='word_1_179' title='bbox 759 1633 806 1675; x_wconf 76' lang='grc' dir='ltr'><strong>τὸ</strong></span> <span class='ocrx_word' id='word_1_180' title='bbox 831 1633 905 1688; x_wconf 82' lang='grc' dir='ltr'><strong>τὴν</strong></span> <span class='ocrx_word' id='word_1_181' title='bbox 933 1632 1012 1675; x_wconf 79' lang='grc' dir='ltr'><strong>ἀπὸ</strong></span> <span class='ocrx_word' id='word_1_182' title='bbox 1041 1637 1122 1675; x_wconf 85' lang='grc' dir='ltr'><strong>τῶν</strong></span> <span class='ocrx_word' id='word_1_183' title='bbox 1152 1632 1324 1675; x_wconf 82' lang='grc' dir='ltr'><em>ἀκτίνων</em></span> <span class='ocrx_word' id='word_1_184' title='bbox 1352 1630 1511 1688; x_wconf 74' lang='grc' dir='ltr'><em>θερμό-</em></span> 
     </span>
    </p>
   </div>
   <div class='ocr_carea' id='block_1_3' title="bbox 75 1769 1516 2902">
    <p class='ocr_par' dir='ltr' id='par_1_3' title="bbox 75 1769 1516 2902">
     <span class='ocr_line' id='line_1_20' title="bbox 77 1769 1509 1822; baseline 0.002 -17"><span class='ocrx_word' id='word_1_185' title='bbox 77 1774 212 1819; x_wconf 69' lang='lat' dir='ltr'><strong>paset,</strong></span> <span class='ocrx_word' id='word_1_186' title='bbox 253 1775 468 1820; x_wconf 86' lang='lat' dir='ltr'><strong>propterea</strong></span> <span class='ocrx_word' id='word_1_187' title='bbox 498 1769 604 1822; x_wconf 89' lang='lat' dir='ltr'><strong>quod</strong></span> <span class='ocrx_word' id='word_1_188' title='bbox 632 1770 839 1822; x_wconf 83' lang='lat' dir='ltr'><strong>adspectus</strong></span> <span class='ocrx_word' id='word_1_189' title='bbox 869 1770 1048 1809; x_wconf 87' lang='lat' dir='ltr'><strong>auditum</strong></span> <span class='ocrx_word' id='word_1_190' title='bbox 1080 1770 1299 1809; x_wconf 80' lang='lat' dir='ltr'><strong>antevertit</strong></span> <span class='ocrx_word' id='word_1_191' title='bbox 1328 1769 1371 1808; x_wconf 87' lang='lat' dir='ltr'><strong>id</strong></span> <span class='ocrx_word' id='word_1_192' title='bbox 1402 1769 1509 1822; x_wconf 85' lang='lat' dir='ltr'><strong>quod</strong></span> 
     </span>
     <span class='ocr_line' id='line_1_21' title="bbox 76 1835 1511 1888; baseline 0.002 -15"><span class='ocrx_word' id='word_1_193' title='bbox 76 1835 302 1874; x_wconf 86' lang='lat' dir='ltr'><strong>triremium</strong></span> <span class='ocrx_word' id='word_1_194' title='bbox 333 1837 594 1888; x_wconf 85' lang='lat' dir='ltr'><strong>remigatione</strong></span> <span class='ocrx_word' id='word_1_195' title='bbox 633 1838 869 1877; x_wconf 76' lang='lat' dir='ltr'><strong>declaratur.</strong></span> <span class='ocrx_word' id='word_1_196' title='bbox 943 1839 1045 1878; x_wconf 90' lang='lat' dir='ltr'><strong>Cum</strong></span> <span class='ocrx_word' id='word_1_197' title='bbox 1075 1839 1182 1876; x_wconf 85' lang='lat' dir='ltr'><strong>enim</strong></span> <span class='ocrx_word' id='word_1_198' title='bbox 1209 1851 1346 1876; x_wconf 84' lang='lat' dir='ltr'><strong>rursus</strong></span> <span class='ocrx_word' id='word_1_199' title='bbox 1374 1851 1511 1876; x_wconf 84' lang='lat' dir='ltr'><strong>remos</strong></span> 
     </span>
     <span class='ocr_line' id='line_1_22' title="bbox 75 1903 1508 1958; baseline 0.002 -17"><span class='ocrx_word' id='word_1_200' title='bbox 75 1903 257 1942; x_wconf 87' lang='lat' dir='ltr'><strong>referunt</strong></span> <span class='ocrx_word' id='word_1_201' title='bbox 276 1932 288 1952; x_wconf 89' lang='lat'>,</span> <span class='ocrx_word' id='word_1_202' title='bbox 343 1905 498 1956; x_wconf 87' lang='lat' dir='ltr'><strong>primus</strong></span> <span class='ocrx_word' id='word_1_203' title='bbox 537 1906 856 1958; x_wconf 65' lang='lat' dir='ltr'><strong>remige-:rationis</strong></span> <span class='ocrx_word' id='word_1_204' title='bbox 891 1919 1012 1944; x_wconf 85' lang='lat' dir='ltr'><strong>sonus</strong></span> <span class='ocrx_word' id='word_1_205' title='bbox 1056 1906 1107 1944; x_wconf 85' lang='lat' dir='ltr'><strong>ad</strong></span> <span class='ocrx_word' id='word_1_206' title='bbox 1143 1919 1260 1944; x_wconf 85' lang='lat' dir='ltr'><strong>aures</strong></span> <span class='ocrx_word' id='word_1_207' title='bbox 1307 1906 1508 1957; x_wconf 84' lang='lat' dir='ltr'><strong>pervenit.</strong></span> 
     </span>
     <span class='ocr_line' id='line_1_23' title="bbox 79 1971 1509 2026; baseline 0.002 -17"><span class='ocrx_word' id='word_1_208' title='bbox 79 1974 140 2009; x_wconf 89' lang='grc'><strong>10.</strong></span> <span class='ocrx_word' id='word_1_209' title='bbox 183 1971 434 2023; x_wconf 86' lang='lat' dir='ltr'><strong>Quamquam</strong></span> <span class='ocrx_word' id='word_1_210' title='bbox 472 1974 657 2012; x_wconf 89' lang='lat' dir='ltr'><strong>nonnulli</strong></span> <span class='ocrx_word' id='word_1_211' title='bbox 693 1974 804 2012; x_wconf 86' lang='lat' dir='ltr'><strong>aiunt</strong></span> <span class='ocrx_word' id='word_1_212' title='bbox 839 1974 944 2012; x_wconf 84' lang='lat' dir='ltr'><strong>intra</strong></span> <span class='ocrx_word' id='word_1_213' title='bbox 982 1974 1108 2013; x_wconf 89' lang='lat' dir='ltr'><strong>nubes</strong></span> <span class='ocrx_word' id='word_1_214' title='bbox 1142 1974 1276 2026; x_wconf 87' lang='lat' dir='ltr'><strong>ignem</strong></span> <span class='ocrx_word' id='word_1_215' title='bbox 1314 1974 1509 2024; x_wconf 76' lang='lat' dir='ltr'><strong>generari.</strong></span> 
     </span>
     <span class='ocr_line' id='line_1_24' title="bbox 75 2038 1511 2094; baseline 0.002 -18"><span class='ocrx_word' id='word_1_216' title='bbox 75 2038 194 2076; x_wconf 86' lang='lat' dir='ltr'><strong>Hunc</strong></span> <span class='ocrx_word' id='word_1_217' title='bbox 223 2045 356 2079; x_wconf 85' lang='lat' dir='ltr'><strong>autem</strong></span> <span class='ocrx_word' id='word_1_218' title='bbox 389 2040 654 2092; x_wconf 87' lang='lat' dir='ltr'><strong>Empedocles</strong></span> <span class='ocrx_word' id='word_1_219' title='bbox 682 2040 723 2078; x_wconf 86' lang='lat' dir='ltr'><strong>id</strong></span> <span class='ocrx_word' id='word_1_220' title='bbox 748 2055 832 2079; x_wconf 88' lang='lat' dir='ltr'><strong>esse</strong></span> <span class='ocrx_word' id='word_1_221' title='bbox 855 2042 932 2090; x_wconf 85' lang='lat' dir='ltr'><strong>ait,</strong></span> <span class='ocrx_word' id='word_1_222' title='bbox 961 2042 1069 2094; x_wconf 88' lang='lat' dir='ltr'><strong>quod</strong></span> <span class='ocrx_word' id='word_1_223' title='bbox 1092 2055 1144 2080; x_wconf 81' lang='lat' dir='ltr'><strong>ex</strong></span> <span class='ocrx_word' id='word_1_224' title='bbox 1176 2040 1272 2080; x_wconf 84' lang='lat' dir='ltr'><strong>solis</strong></span> <span class='ocrx_word' id='word_1_225' title='bbox 1299 2041 1421 2080; x_wconf 86' lang='lat' dir='ltr'><strong>radiis</strong></span> <span class='ocrx_word' id='word_1_226' title='bbox 1447 2042 1511 2079; x_wconf 90' lang='lat' dir='ltr'><strong>in-</strong></span> 
     </span>
     <span class='ocr_line' id='line_1_25' title="bbox 76 2108 1509 2162; baseline 0.003 -19"><span class='ocrx_word' id='word_1_227' title='bbox 76 2112 138 2144; x_wconf 84' lang='lat' dir='ltr'><strong>tra</strong></span> <span class='ocrx_word' id='word_1_228' title='bbox 158 2119 220 2144; x_wconf 86' lang='lat' dir='ltr'><strong>eas</strong></span> <span class='ocrx_word' id='word_1_229' title='bbox 241 2108 507 2159; x_wconf 86' lang='lat' dir='ltr'><strong>intercipitur.</strong></span> <span class='ocrx_word' id='word_1_230' title='bbox 564 2109 822 2161; x_wconf 75' lang='lat' dir='ltr'><strong>Anaxagoras</strong></span> <span class='ocrx_word' id='word_1_231' title='bbox 841 2123 962 2159; x_wconf 76' lang='lat' dir='ltr'><strong>vem,</strong></span> <span class='ocrx_word' id='word_1_232' title='bbox 992 2109 1100 2162; x_wconf 87' lang='lat' dir='ltr'><strong>quod</strong></span> <span class='ocrx_word' id='word_1_233' title='bbox 1122 2124 1144 2147; x_wconf 87' lang='lat' dir='ltr'><strong>e</strong></span> <span class='ocrx_word' id='word_1_234' title='bbox 1166 2123 1312 2160; x_wconf 86' lang='lat' dir='ltr'><strong>supero</strong></span> <span class='ocrx_word' id='word_1_235' title='bbox 1335 2109 1509 2158; x_wconf 84' lang='lat' dir='ltr'><strong>aethere,</strong></span> 
     </span>
     <span class='ocr_line' id='line_1_26' title="bbox 77 2174 1512 2227; baseline 0.001 -17"><span class='ocrx_word' id='word_1_236' title='bbox 77 2185 198 2225; x_wconf 89' lang='lat' dir='ltr'><strong>quem</strong></span> <span class='ocrx_word' id='word_1_237' title='bbox 241 2174 310 2212; x_wconf 82' lang='lat' dir='ltr'><strong>ille</strong></span> <span class='ocrx_word' id='word_1_238' title='bbox 355 2175 487 2225; x_wconf 85' lang='lat' dir='ltr'><strong>ignem</strong></span> <span class='ocrx_word' id='word_1_239' title='bbox 528 2182 647 2215; x_wconf 85' lang='lat' dir='ltr'><strong>vocat</strong></span> <span class='ocrx_word' id='word_1_240' title='bbox 663 2205 676 2227; x_wconf 86' lang='lat'>‚</span> <span class='ocrx_word' id='word_1_241' title='bbox 733 2191 756 2215; x_wconf 87' lang='lat' dir='ltr'><strong>e</strong></span> <span class='ocrx_word' id='word_1_242' title='bbox 791 2177 950 2215; x_wconf 88' lang='lat' dir='ltr'><strong>sublimi</strong></span> <span class='ocrx_word' id='word_1_243' title='bbox 989 2177 1178 2215; x_wconf 84' lang='lat' dir='ltr'><strong>deorsum</strong></span> <span class='ocrx_word' id='word_1_244' title='bbox 1222 2177 1398 2215; x_wconf 87' lang='lat' dir='ltr'><strong>delatum</strong></span> <span class='ocrx_word' id='word_1_245' title='bbox 1440 2184 1512 2215; x_wconf 87' lang='lat' dir='ltr'><strong>est.</strong></span> 
     </span>
     <span class='ocr_line' id='line_1_27' title="bbox 83 2230 1512 2297; baseline 0.003 -21"><span class='ocrx_word' id='word_1_246' title='bbox 83 2230 146 2278; x_wconf 69' lang='lat'><strong>1‘1.</strong></span> <span class='ocrx_word' id='word_1_247' title='bbox 169 2238 302 2279; x_wconf 86' lang='lat' dir='ltr'><strong>Huius</strong></span> <span class='ocrx_word' id='word_1_248' title='bbox 321 2242 442 2291; x_wconf 87' lang='lat' dir='ltr'><strong>igitur</strong></span> <span class='ocrx_word' id='word_1_249' title='bbox 459 2242 560 2293; x_wconf 86' lang='lat' dir='ltr'><strong>ignis</strong></span> <span class='ocrx_word' id='word_1_250' title='bbox 581 2245 897 2283; x_wconf 80' lang='lat' dir='ltr'><strong>coruscationem</strong></span> <span class='ocrx_word' id='word_1_251' title='bbox 916 2234 1159 2297; x_wconf 38' lang='lat' dir='ltr'><strong>fulgur&#39;esse</strong></span> <span class='ocrx_word' id='word_1_252' title='bbox 1169 2273 1182 2291; x_wconf 88' lang='lat'><em>,</em></span> <span class='ocrx_word' id='word_1_253' title='bbox 1214 2245 1388 2282; x_wconf 89' lang='lat' dir='ltr'><strong>sonitum</strong></span> <span class='ocrx_word' id='word_1_254' title='bbox 1412 2258 1512 2282; x_wconf 85' lang='lat' dir='ltr'><strong>vero</strong></span> 
     </span>
     <span class='ocr_line' id='line_1_28' title="bbox 81 2306 1514 2363; baseline 0.005 -21"><span class='ocrx_word' id='word_1_255' title='bbox 81 2311 121 2343; x_wconf 86' lang='lat' dir='ltr'><strong>et</strong></span> <span class='ocrx_word' id='word_1_256' title='bbox 140 2306 377 2356; x_wconf 83' lang='lat' dir='ltr'><strong>stridorem,</strong></span> <span class='ocrx_word' id='word_1_257' title='bbox 403 2321 520 2359; x_wconf 89' lang='lat' dir='ltr'><strong>quem</strong></span> <span class='ocrx_word' id='word_1_258' title='bbox 549 2310 662 2360; x_wconf 87' lang='lat' dir='ltr'><strong>facit,</strong></span> <span class='ocrx_word' id='word_1_259' title='bbox 691 2325 782 2350; x_wconf 90' lang='lat' dir='ltr'><strong>cum</strong></span> <span class='ocrx_word' id='word_1_260' title='bbox 813 2313 921 2351; x_wconf 89' lang='lat' dir='ltr'><strong>intra</strong></span> <span class='ocrx_word' id='word_1_261' title='bbox 947 2313 1074 2351; x_wconf 89' lang='lat' dir='ltr'><strong>nubes</strong></span> <span class='ocrx_word' id='word_1_262' title='bbox 1097 2312 1376 2363; x_wconf 83' lang='lat' dir='ltr'><strong>exstinguitur,</strong></span> <span class='ocrx_word' id='word_1_263' title='bbox 1396 2312 1514 2355; x_wconf 61' lang='lat' dir='ltr'><strong>„toni-</strong></span> 
     </span>
     <span class='ocr_line' id='line_1_29' title="bbox 80 2374 1512 2431; baseline 0.005 -21"><span class='ocrx_word' id='word_1_264' title='bbox 80 2378 229 2421; x_wconf 86' lang='lat' dir='ltr'><strong>truum,</strong></span> <span class='ocrx_word' id='word_1_265' title='bbox 251 2374 360 2425; x_wconf 82' lang='lat' dir='ltr'><strong>quasi</strong></span> <span class='ocrx_word' id='word_1_266' title='bbox 378 2380 424 2412; x_wconf 92' lang='lat' dir='ltr'><strong>ut</strong></span> <span class='ocrx_word' id='word_1_267' title='bbox 440 2376 574 2426; x_wconf 88' lang='lat' dir='ltr'><strong>fulgur</strong></span> <span class='ocrx_word' id='word_1_268' title='bbox 601 2378 779 2416; x_wconf 87' lang='lat' dir='ltr'><strong>tonitruo</strong></span> <span class='ocrx_word' id='word_1_269' title='bbox 803 2381 914 2431; x_wconf 87' lang='lat' dir='ltr'><strong>prius</strong></span> <span class='ocrx_word' id='word_1_270' title='bbox 934 2386 1113 2431; x_wconf 85' lang='lat' dir='ltr'><strong>apparet,</strong></span> <span class='ocrx_word' id='word_1_271' title='bbox 1143 2380 1200 2417; x_wconf 84' lang='lat' dir='ltr'><strong>ita</strong></span> <span class='ocrx_word' id='word_1_272' title='bbox 1222 2392 1381 2430; x_wconf 88' lang='lat' dir='ltr'><strong>quoque</strong></span> <span class='ocrx_word' id='word_1_273' title='bbox 1403 2379 1512 2429; x_wconf 83' lang='lat' dir='ltr'><strong>prius</strong></span> 
     </span>
     <span class='ocr_line' id='line_1_30' title="bbox 79 2440 1514 2498; baseline 0.003 -20"><span class='ocrx_word' id='word_1_274' title='bbox 79 2440 243 2478; x_wconf 85' lang='lat' dir='ltr'><strong>oriatur.</strong></span> <span class='ocrx_word' id='word_1_275' title='bbox 306 2445 365 2479; x_wconf 80' lang='lat'><strong>12.</strong></span> <span class='ocrx_word' id='word_1_276' title='bbox 397 2441 477 2479; x_wconf 82' lang='lat' dir='ltr'><strong>Sed</strong></span> <span class='ocrx_word' id='word_1_277' title='bbox 507 2443 577 2481; x_wconf 81' lang='lat' dir='ltr'><strong>illa</strong></span> <span class='ocrx_word' id='word_1_278' title='bbox 603 2457 761 2497; x_wconf 88' lang='lat' dir='ltr'><strong>quoque</strong></span> <span class='ocrx_word' id='word_1_279' title='bbox 787 2447 889 2498; x_wconf 85' lang='lat' dir='ltr'><strong>ignis</strong></span> <span class='ocrx_word' id='word_1_280' title='bbox 915 2447 1153 2498; x_wconf 81' lang='lat' dir='ltr'><strong>interceptio</strong></span> <span class='ocrx_word' id='word_1_281' title='bbox 1185 2460 1209 2484; x_wconf 89' lang='lat' dir='ltr'><strong>a</strong></span> <span class='ocrx_word' id='word_1_282' title='bbox 1238 2459 1331 2483; x_wconf 85' lang='lat' dir='ltr'><strong>sana</strong></span> <span class='ocrx_word' id='word_1_283' title='bbox 1357 2447 1514 2483; x_wconf 88' lang='lat' dir='ltr'><strong>ratione</strong></span> 
     </span>
     <span class='ocr_line' id='line_1_31' title="bbox 79 2509 1516 2565; baseline 0.003 -19"><span class='ocrx_word' id='word_1_284' title='bbox 79 2521 242 2558; x_wconf 84' lang='lat' dir='ltr'><strong>prorsus</strong></span> <span class='ocrx_word' id='word_1_285' title='bbox 261 2509 390 2546; x_wconf 85' lang='lat' dir='ltr'><strong>aliena</strong></span> <span class='ocrx_word' id='word_1_286' title='bbox 409 2515 479 2554; x_wconf 88' lang='lat' dir='ltr'><strong>est,</strong></span> <span class='ocrx_word' id='word_1_287' title='bbox 501 2516 541 2548; x_wconf 90' lang='lat' dir='ltr'><strong>et</strong></span> <span class='ocrx_word' id='word_1_288' title='bbox 555 2517 726 2563; x_wconf 89' lang='lat' dir='ltr'><strong>utroque</strong></span> <span class='ocrx_word' id='word_1_289' title='bbox 738 2515 903 2565; x_wconf 84' lang='lat' dir='ltr'><strong>quidem</strong></span> <span class='ocrx_word' id='word_1_290' title='bbox 918 2514 1052 2562; x_wconf 27' lang='lat' dir='ltr'><strong>moxd0‚</strong></span> <span class='ocrx_word' id='word_1_291' title='bbox 1064 2514 1135 2552; x_wconf 80' lang='lat' dir='ltr'><strong>sed</strong></span> <span class='ocrx_word' id='word_1_292' title='bbox 1156 2519 1287 2552; x_wconf 85' lang='lat' dir='ltr'><strong>tamen</strong></span> <span class='ocrx_word' id='word_1_293' title='bbox 1307 2513 1428 2564; x_wconf 81' lang='lat' dir='ltr'><strong>magis</strong></span> <span class='ocrx_word' id='word_1_294' title='bbox 1448 2526 1516 2551; x_wconf 88' lang='lat' dir='ltr'><strong>su-</strong></span> 
     </span>
     <span class='ocr_line' id='line_1_32' title="bbox 78 2575 1512 2630; baseline 0.003 -18"><span class='ocrx_word' id='word_1_295' title='bbox 78 2575 169 2626; x_wconf 85' lang='lat' dir='ltr'><strong>peri</strong></span> <span class='ocrx_word' id='word_1_296' title='bbox 188 2575 360 2613; x_wconf 77' lang='lat' dir='ltr'><strong>aetheris</strong></span> <span class='ocrx_word' id='word_1_297' title='bbox 380 2575 585 2615; x_wconf 83' lang='lat' dir='ltr'><strong>detractio.</strong></span> <span class='ocrx_word' id='word_1_298' title='bbox 631 2580 733 2617; x_wconf 82' lang='lat' dir='ltr'><strong>Nam</strong></span> <span class='ocrx_word' id='word_1_299' title='bbox 757 2587 797 2619; x_wconf 90' lang='lat' dir='ltr'><strong>et</strong></span> <span class='ocrx_word' id='word_1_300' title='bbox 816 2595 933 2620; x_wconf 79' lang='lat' dir='ltr'><strong>causa</strong></span> <span class='ocrx_word' id='word_1_301' title='bbox 953 2581 1120 2620; x_wconf 84' lang='lat' dir='ltr'><strong>dicenda</strong></span> <span class='ocrx_word' id='word_1_302' title='bbox 1139 2587 1208 2630; x_wconf 88' lang='lat' dir='ltr'><strong>est,</strong></span> <span class='ocrx_word' id='word_1_303' title='bbox 1231 2594 1305 2619; x_wconf 86' lang='lat' dir='ltr'><strong>cur</strong></span> <span class='ocrx_word' id='word_1_304' title='bbox 1324 2580 1512 2618; x_wconf 83' lang='lat' dir='ltr'><strong>deorsum</strong></span> 
     </span>
     <span class='ocr_line' id='line_1_33' title="bbox 78 2641 1511 2700; baseline 0.004 -21"><span class='ocrx_word' id='word_1_305' title='bbox 78 2641 118 2679; x_wconf 87' lang='lat' dir='ltr'><strong>id</strong></span> <span class='ocrx_word' id='word_1_306' title='bbox 135 2641 299 2692; x_wconf 84' lang='lat' dir='ltr'><strong>feratur,</strong></span> <span class='ocrx_word' id='word_1_307' title='bbox 316 2643 422 2694; x_wconf 87' lang='lat' dir='ltr'><strong>quod</strong></span> <span class='ocrx_word' id='word_1_308' title='bbox 441 2658 597 2683; x_wconf 86' lang='lat' dir='ltr'><strong>sursum</strong></span> <span class='ocrx_word' id='word_1_309' title='bbox 619 2647 720 2685; x_wconf 86' lang='lat' dir='ltr'><strong>ferri</strong></span> <span class='ocrx_word' id='word_1_310' title='bbox 738 2648 930 2687; x_wconf 86' lang='lat' dir='ltr'><strong>idoneum</strong></span> <span class='ocrx_word' id='word_1_311' title='bbox 952 2655 1021 2698; x_wconf 90' lang='lat' dir='ltr'><strong>est,</strong></span> <span class='ocrx_word' id='word_1_312' title='bbox 1045 2655 1085 2687; x_wconf 91' lang='lat' dir='ltr'><strong>et</strong></span> <span class='ocrx_word' id='word_1_313' title='bbox 1097 2662 1214 2700; x_wconf 89' lang='lat' dir='ltr'><strong>quam</strong></span> <span class='ocrx_word' id='word_1_314' title='bbox 1228 2648 1272 2686; x_wconf 86' lang='lat' dir='ltr'><strong>id</strong></span> <span class='ocrx_word' id='word_1_315' title='bbox 1292 2648 1343 2685; x_wconf 93' lang='lat' dir='ltr'><strong>ob</strong></span> <span class='ocrx_word' id='word_1_316' title='bbox 1355 2661 1511 2686; x_wconf 81' lang='lat' dir='ltr'><strong>causam</strong></span> 
     </span>
     <span class='ocr_line' id='line_1_34' title="bbox 78 2709 1511 2768; baseline 0.003 -21"><span class='ocrx_word' id='word_1_317' title='bbox 78 2709 121 2748; x_wconf 89' lang='lat' dir='ltr'><strong>in</strong></span> <span class='ocrx_word' id='word_1_318' title='bbox 142 2710 271 2758; x_wconf 85' lang='lat' dir='ltr'><strong>caelo,</strong></span> <span class='ocrx_word' id='word_1_319' title='bbox 301 2725 392 2750; x_wconf 91' lang='lat' dir='ltr'><strong>cum</strong></span> <span class='ocrx_word' id='word_1_320' title='bbox 421 2712 600 2750; x_wconf 85' lang='lat' dir='ltr'><strong>nubilum</strong></span> <span class='ocrx_word' id='word_1_321' title='bbox 630 2720 710 2763; x_wconf 83' lang='lat' dir='ltr'><strong>est,</strong></span> <span class='ocrx_word' id='word_1_322' title='bbox 740 2720 893 2754; x_wconf 84' lang='lat' dir='ltr'><strong>tantum</strong></span> <span class='ocrx_word' id='word_1_323' title='bbox 918 2715 1007 2765; x_wconf 87' lang='lat' dir='ltr'><strong>fiat,</strong></span> <span class='ocrx_word' id='word_1_324' title='bbox 1038 2730 1168 2768; x_wconf 89' lang='lat' dir='ltr'><strong>neque</strong></span> <span class='ocrx_word' id='word_1_325' title='bbox 1193 2721 1391 2768; x_wconf 88' lang='lat' dir='ltr'><strong>perpetuo</strong></span> <span class='ocrx_word' id='word_1_326' title='bbox 1419 2728 1511 2753; x_wconf 88' lang='lat' dir='ltr'><strong>cum</strong></span> 
     </span>
     <span class='ocr_line' id='line_1_35' title="bbox 79 2777 1513 2822; baseline 0.003 -7"><span class='ocrx_word' id='word_1_327' title='bbox 79 2777 134 2815; x_wconf 85' lang='lat' dir='ltr'><strong>ita</strong></span> <span class='ocrx_word' id='word_1_328' title='bbox 154 2778 338 2817; x_wconf 84' lang='lat' dir='ltr'><strong>affectum</strong></span> <span class='ocrx_word' id='word_1_329' title='bbox 358 2785 430 2818; x_wconf 85' lang='lat' dir='ltr'><strong>est.</strong></span> <span class='ocrx_word' id='word_1_330' title='bbox 501 2783 564 2818; x_wconf 84' lang='lat'><strong>13.</strong></span> <span class='ocrx_word' id='word_1_331' title='bbox 596 2782 749 2820; x_wconf 85' lang='lat' dir='ltr'><strong>Sereno</strong></span> <span class='ocrx_word' id='word_1_332' title='bbox 769 2789 900 2821; x_wconf 84' lang='lat' dir='ltr'><strong>autem</strong></span> <span class='ocrx_word' id='word_1_333' title='bbox 921 2797 1001 2822; x_wconf 85' lang='lat' dir='ltr'><strong>non</strong></span> <span class='ocrx_word' id='word_1_334' title='bbox 1023 2783 1081 2822; x_wconf 89' lang='lat' dir='ltr'><strong>fit.</strong></span> <span class='ocrx_word' id='word_1_335' title='bbox 1139 2785 1230 2822; x_wconf 91' lang='lat' dir='ltr'><strong>Hoc</strong></span> <span class='ocrx_word' id='word_1_336' title='bbox 1249 2785 1354 2822; x_wconf 86' lang='lat' dir='ltr'><strong>enim</strong></span> <span class='ocrx_word' id='word_1_337' title='bbox 1371 2783 1513 2821; x_wconf 85' lang='lat' dir='ltr'><strong>incon-</strong></span> 
     </span>
     <span class='ocr_line' id='line_1_36' title="bbox 81 2843 1513 2902; baseline 0.004 -20"><span class='ocrx_word' id='word_1_338' title='bbox 81 2843 250 2884; x_wconf 80' lang='lat' dir='ltr'><strong>siderate</strong></span> <span class='ocrx_word' id='word_1_339' title='bbox 270 2846 419 2887; x_wconf 86' lang='lat' dir='ltr'><strong>dictum</strong></span> <span class='ocrx_word' id='word_1_340' title='bbox 439 2847 569 2887; x_wconf 86' lang='lat' dir='ltr'><strong>modis</strong></span> <span class='ocrx_word' id='word_1_341' title='bbox 588 2849 771 2888; x_wconf 85' lang='lat' dir='ltr'><strong>omnibus</strong></span> <span class='ocrx_word' id='word_1_342' title='bbox 791 2850 965 2890; x_wconf 82' lang='lat' dir='ltr'><strong>videtur.</strong></span> <span class='ocrx_word' id='word_1_343' title='bbox 996 2852 1150 2891; x_wconf 88' lang='lat' dir='ltr'><strong>Eodem</strong></span> <span class='ocrx_word' id='word_1_344' title='bbox 1170 2852 1291 2890; x_wconf 89' lang='lat' dir='ltr'><strong>modo</strong></span> <span class='ocrx_word' id='word_1_345' title='bbox 1312 2865 1440 2902; x_wconf 85' lang='lat' dir='ltr'><strong>neque</strong></span> <span class='ocrx_word' id='word_1_346' title='bbox 1459 2850 1513 2898; x_wconf 87' lang='lat' dir='ltr'><strong>id,</strong></span> 
     </span>
    </p>
   </div>
  </div>
 </body>
</html>
