1774 3198
296 394 391 437 560
509 397 951 439 COMMENTARIUS
978 396 1038 438 IN
1066 396 1467 437 METEOROLOG.

295 512 368 550 hac
395 510 436 549 in
463 524 508 549 re
539 508 711 547 dissidio.
768 506 860 545 Post
889 508 1197 546 Salmasium
1224 508 1407 546 Exere-it.
1433 507 1614 546 Plinian.
1651 521 1689 559 p.

298 581 376 616 306
396 589 476 626 sqq.
508 581 546 612 et
574 573 843 612 Petavium
877 575 1100 625 Uranqlog.
1121 576 1172 619 H,
1190 576 1226 622 7,
1252 575 1286 611 1.
1321 571 1410 624 (cfr.
1439 573 1613 611 Niclas
1639 573 1689 611 ad

298 644 515 690 Ge'oponzc.
546 642 584 689 Ι,
615 644 663 685 8,
690 642 726 677 1
759 654 795 690 p.
814 644 864 678 35
891 640 975 692 sq.)
1032 642 1140 678 litem
1179 640 1398 689 composuit
1431 645 1542 689 pater
1571 652 1689 687 meus,

295 722 410 759 quem
433 707 482 744 de
500 708 684 758 Aegypto
713 707 783 744 esi.
807 707 1060 744 disserentem
1079 704 1307 743 Handhuclz
1328 705 1398 741 der
1419 704 1692 754 Chronologie

295 777 323 812 I.
355 787 394 824 p.
422 775 495 811 125
515 786 597 823 sqq.
626 773 675 810 de
690 774 855 810 Graecia
876 778 915 809 et
931 772 1069 809 Italia'
1057 786 1098 809 m
1121 771 1326 810 Ablzandl.
1344 770 1414 807 der
1434 771 1545 808 Berl.
1562 769 1692 807 Acad-

298 841 368 877 der
391 839 642 877 Ir‘issensclz.
677 842 792 877 1823.
831 839 941 874 Hist.
966 828 1072 887 phil.
1104 838 1160 874 Cl.
1194 850 1230 888 p.
1257 839 1347 874 163.
1389 834 1474 885 περὶ
1503 830 1600 873 κἰἷνα
1628 832 1692 872 καὶ

297 902 391 950 τοὺς
418 902 576 954 ἐτησίας
610 906 809 954 coniungit
845 902 1239 954 Theophrastus
1267 903 1315 939 de
1346 915 1477 939 caus-9.
1502 901 1692 950 plantar.

263 978 265 983 '
298 974 365 1018 HI,
386 974 422 1017 3,
441 974 474 1007 3.
508 983 545 1020 p.
566 971 659 1008 444.
678 990 733 997 —-
758 966 932 1019 μάλιστα
950 966 1148 1019 πλησιάζει
1167 969 1327 1013 inverso
1347 967 1485 1005 ordine
1503 968 1550 1005 F.
1570 966 1621 1003 H.
1640 965 1692 1003 N.

300 1058 350 1064 ——-
379 1036 445 1074 Ad
472 1036 594 1073 verba
631 1035 713 1074 καὶ
753 1033 846 1081 τὰς
883 1033 974 1086 μὲν
1015 1030 1206 1086 ἡμέρας
1241 1028 1472 1082 πνέουσι,
1516 1028 1607 1076 τὰς
1643 1027 1694 1068 δὲ

297 1099 491 1146 νύκτας
518 1098 771 1140 παύονται
807 1103 878 1140 cfr.
900 1101 1098 1140 Problem.
1119 1101 1288 1148 XXVI,
1312 1102 1359 1138 51
1391 1113 1426 1149 p.
1448 1099 1600 1147 946‚a‚
1627 1096 1696 1134 ubi

297 1163 428 1205 tainen
447 1168 521 1204 alia
543 1167 657 1204 huius
678 1167 938 1218 phaenomeni
956 1181 1068 1205 causa
1086 1166 1290 1204 redditur:
1319 1162 1402 1204 Διὰ
1422 1163 1462 1203 τί
1486 1161 1522 1202 οἳ
1544 1161 1696 1213 ἐτησίαι

297 1230 448 1283 ταύτην
468 1231 516 1283 δή
533 1232 603 1283 τήν
632 1229 739 1283 ὥραν
769 1230 828 1271 ἀεὶ
858 1232 921 1271 καὶ
945 1234 1128 1271 τοσοῦτοι
1156 1229 1361 1281 πνέουσιν,·
1389 1229 1453 1268 καὶ
1483 1226 1548 1267 διὰ
1566 1227 1607 1267 τί
1628 1229 1697 1278 λη-

297 1295 445 1350 γούσης
483 1300 554 1348 τῆς
593 1294 745 1348 ἡμέρας
781 1296 943 1349 λήγουσι
982 1297 1046 1337 καὶ
1073 1299 1145 1348 τῆς
1172 1294 1314 1341 νυκτὸς
1345 1293 1391 1334 οὗ
1419 1292 1626 1344 πνέουσιν,·
1668 1288 1696 1343 ἢ

297 1366 415 1403 τοῦτο
445 1362 518 1413 μὲν
547 1361 613 1402 διὰ
640 1361 684 1402 τὸ
715 1362 786 1415 τὴν
810 1361 927 1414 χιόνα
945 1360 1162 1414 τηκομένην
1184 1360 1383 1401 παύεσθαι
1400 1356 1475 1399 ὑπὸ
1496 1361 1566 1398 τοῦ
1583 1355 1704 1409 ἡλίου

299 1429 400 1482 πρὸς
429 1425 596 1481 ἑσπέραν
622 1429 684 1468 καὶ
715 1428 786 1481 τὴν
813 1427 957 1479 vemet,-
996 1426 1099 1474 ὅλως
1127 1426 1169 1467 δὲ
1197 1426 1391 1472 πνέουσιν,
1421 1423 1516 1464 ὅταν
1546 1420 1697 1476 ὁῆλιος

299 1500 455 1547 κρατεῖν
485 1495 548 1534 καὶ
578 1494 681 1535 λύειν
710 1493 876 1547 ἄρξηται
904 1493 976 1534 τὸν
1003 1492 1101 1546 πρὸς
1125 1492 1271 1546 βορέαν
1300 1490 1437 1544 πάγον.
1476 1488 1698 1543 ἀρχομένου

302 1555 371 1601 οὖν
410 1559 447 1600 οἳ
484 1559 705 1614 πρόδρομοι
747 1559 823 1613 ἤδη
863 1559 906 1600 δὲ·
935 1559 1127 1611 λυομένου
1164 1558 1201 1599 οἳ
1230 1558 1394 1610 ἐτησίαι.
1451 1558 1698 1595 Problemat-

302 1629 462 1677 XXVI,
480 1632 545 1666 60.
578 1642 611 1679 p.
635 1629 728 1673 947,
745 1642 785 1666 a:
814 1625 897 1667 Διὰ
916 1627 956 1666 τί
976 1625 1122 1678 βορέας
1139 1624 1210 1677 τὴν
1237 1622 1387 1677 ἡμέραν
1414 1621 1486 1675 μὲν
1504 1616 1698 1673 λαμπρός,

301 1691 372 1745 τὴν
401 1692 444 1732 δὲ
473 1691 596 1732 νύκτα
626 1693 777 1743 πίπτει;
806 1690 830 1744 ἢ
853 1691 952 1733 διότι
982 1691 1059 1732 ἀπὸ
1087 1691 1307 1745 πεπηγότος
1329 1687 1456 1737 ὑετοῦ,
1487 1685 1582 1727 ὅταν
1602 1685 1701 1726 ἀνά-

303 1762 499 1810 θυμιᾶται
539 1758 604 1798 διὰ
642 1757 713 1798 τὸν
749 1757 882 1811 ἥλιον,
920 1759 1048 1799 πίπτει
1077 1757 1120 1798 δὲ
1148 1755 1311 1806 νυκτός,
1355 1754 1416 1795 ὃτι
1446 1753 1518 1805 οὐχ
1545 1749 1569 1805 ἢ
1599 1749 1699 1801 αὐτὴ

301 1824 456 1877 γένεσις,
487 1822 590 1863 ἀλλά
617 1823 847 1864 τούναντίον
877 1831 989 1864 ποιεῖ.
1029 1823 1102 1871 τὰς
1123 1823 1198 1877 γὰρ
1227 1821 1371 1868 νύκτας
1399 1821 1539 1868 tunm,
1566 1817 1639 1864 τὰς
1656 1814 1700 1855 δὲ

301 1887 452 1941 ἡμέρας
476 1882 628 1941 ἧττον(
670 1893 757 1940 Qua
778 1892 826 1928 de
847 1905 969 1939 causa,
1001 1905 1114 1941 quam
1137 1891 1212 1928 hoc
1231 1891 1344 1927 etiam
1367 1890 1456 1926 loco
1475 1886 1607 1936 tangit,
1635 1883 1700 1921 adi

305 1956 717 2007 Theophrastum
757 1958 807 1994 de
834 1959 966 1994 ventis
1005 1959 1039 2004 §.
1067 1961 1129 1997 12.
1170 1971 1206 2007 Ρ.
1232 1957 1334 2001 762,
1374 1960 1414 1992 et
1445 1965 1541 2002 quos
1570 1949 1701 1988 laudat

305 2023 595 2072 VVesseling
634 2023 682 2060 ad
723 2023 930 2061 Diodor.
970 2023 1125 2060 Sicul.
1164 2023 1204 2070 Ι,
1240 2025 1306 2059 39.
1352 2021 1468 2058 Tom.
1500 2020 1529 2056 Ι.
1570 2029 1607 2066 p.
1634 2016 1700 2052 47-

306 2089 481 2128 Eandem
511 2088 639 2126 adhuc
669 2089 895 2139 opinionem
925 2088 1060 2126 habuit
1097 2087 1360 2127 Cartesius
1394 2087 1565 2132 Meteor.
1602 2094 1635 2118 c.
1662 2079 1699 2118 4.

307 2169 347 2206 p.
376 2159 451 2193 179
463 2182 474 2201 ,
507 2168 635 2204 neque
662 2169 823 2205 prorsus
845 2148 996 2193 recedit
1017 2169 1038 2192 a
1056 2154 1317 2192 recentiorum
1338 2151 1590 2202 physicorum
1612 2158 1703 2183 sen-

309 2221 440 2259 tentia.
497 2222 621 2270 Ipsius
643 2221 902 2271 phaenomeni
930 2222 1167 2259 mentionem
1194 2220 1339 2257 faciunt
1366 2216 1564 2254 Plinius
1592 2214 1702 2250 Hist.

309 2294 398 2341 nat.
428 2289 486 2333 ΙΙ,
510 2286 561 2324 48
611 2289 654 2324 Ρ.
684 2289 920 2338 Nigidius
948 2287 1050 2338 apud
1081 2286 1305 2325 Gellium
1333 2281 1619 2321 Noctt.Attie.
1645 2278 1698 2325 H,

310 2356 383 2389 22:
411 2353 580 2389 Etesiae
597 2360 633 2388 et
643 2355 788 2390 Austri
806 2355 1087 2390 anniversarii
1104 2352 1277 2389 secundo
1296 2349 1376 2386 sole
1384 2348 1502 2402 flant
1519 2346 1545 2384 i.
1559 2359 1592 2383 e.
1613 2355 1702 2381 cum

310 2419 392 2455 sole
409 2418 601 2462 oriuntur,
634 2432 655 2455 a
674 2426 781 2469 parte
802 2420 892 2456 solis
912 2419 1024 2466 flant,
1055 2425 1094 2456 et
1115 2431 1206 2456 cum
1225 2418 1306 2454 sole
1327 2414 1527 2452 occidente
1547 2409 1702 2453 cadunt,

312 2484 410 2521 bene
439 2484 657 2534 explicante
695 2486 941 2523 Salmasio
973 2485 1199 2523 Exercitat.
1230 2481 1415 2520 Plinian.
1449 2492 1489 2530 p.
1514 2479 1616 2514 1260
1644 2486 1701 2524 sq.

311 2550 432 2587 Recte
464 2563 504 2586 se
533 2550 675 2587 habere
700 2550 798 2588 hanc
827 2558 1006 2589 veterum
1037 2550 1415 2589 animadversionem
1446 2544 1571 2580 elucet
1596 2539 1701 2586 inde,

311 2616 415 2665 quod
442 2616 483 2652 in
513 2616 646 2652 Italiae
674 2616 938 2677 Graeciaeque
967 2618 1185 2662 littoribus,
1213 2621 1319 2653 certe
1339 2608 1535 2664 plurimis,
1563 2606 1704 2643 etesiae

312 2688 402 2718 sunt
430 2681 538 2718 venti
567 2688 793 2731 terrestres,
839 2683 1016 2720 noctibus
1052 2690 1179 2720 autem
1208 2680 1362 2718 aestivis
1393 2680 1531 2714 ventus
1557 2686 1580 2710 a
1606 2670 1705 2709 mari

312 2745 361 2782 ad
389 2752 535 2783 terram
566 2746 662 2785 flare
690 2749 800 2794 solet,
830 2763 903 2799 qua
921 2748 970 2786 de
990 2762 1035 2786 re
1055 2748 1230 2794 disserui,
1262 2743 1423 2784 laudatis
1442 2739 1704 2778 recentiorum

312 2811 556 2858 testimoniis,
584 2815 797 2851 Meteon-ol.
812 2822 941 2852 veter.
964 2815 1103 2852 Graec.
1122 2821 1164 2851 et
1180 2814 1299 2850 Rom.
1312 2811 1378 2856 111,
1400 2809 1461 2845 13.
1483 2819 1521 2856 p.
1534 2808 1612 2844 765
1623 2816 1705 2854 sqq·
