1820 3158
193 341 269 381 ΕΤ
294 340 509 380 OLYMP.
538 338 600 378 IN
628 337 808 378 ARIST.
837 336 1173 378 METEOROL.
1202 336 1308 375 LIB.
1327 335 1357 375 Ι.
1428 327 1521 371 143

82 452 230 494 καίων·
268 450 554 505 ἀναλήψαντες
584 450 628 492 δὲ
656 453 714 507 τῷ
750 447 886 505 χρόνῳ
919 445 1070 505 μικρὸν
1109 445 1154 488 ἐκ
1182 448 1255 500 τῆς
1281 449 1357 487 τοῦ
1395 461 1523 487 κατα-

81 523 266 572 κλυσμοῦ
302 522 485 575 ταραχῆς
520 519 576 567 εἲς
608 516 764 559 ἔννοιαν
799 517 936 558 ἐλθεῖν
964 518 1039 556 τοῦ
1068 511 1172 556 εἷναί
1196 530 1236 556 τι
1263 517 1345 557 τῶν
1373 529 1521 570 φαινο-

80 587 213 640 μένων
253 585 397 628 αἴτιον.
453 584 777 639 κατανοήσαντες
813 583 858 626 δὲ
889 582 942 625 τὰ
980 581 1153 638 οὐράνια
1190 582 1258 623 καὶ
1295 581 1358 624 ἀεὶ
1391 585 1522 624 ταῦτα

83 651 298 708 κινούμενα
323 653 541 708 βλέποντες
571 652 724 706 αῗθέρα
751 653 819 694 καὶ
846 650 949 694 θεὸν
979 649 1087 692 αὐτὰ
1116 648 1350 703 ὠνόμασαν.
1379 649 1427 692 τὸ
1448 650 1523 703 μὲν

81 721 195 778 παρὰ
222 722 269 764 τὸ
300 722 456 773 αἴθειν,
488 721 534 764 τὸ
565 721 611 764 δὲ
638 719 752 776 παρὰ
777 718 824 761 τὸ
853 719 915 762 ἀεὶ
942 718 1075 761 θέειν·
1113 718 1182 760 καὶ
1211 717 1347 773 ἐπειδὴ
1375 721 1524 760 τοῦτον

80 790 156 842 μὲν
185 788 323 846 ἑώρων
350 788 452 843 μήτε
480 788 710 844 γινόμενον,
749 786 851 842 μήτε
880 784 1176 843 φθειρόμενον,
1218 789 1270 842 τῇ
1298 784 1448 841 κινήσει
1479 786 1525 827 δὲ

82 857 207 899 αὐτοῦ
234 857 285 899 τὰ
320 856 436 905 ἐντός
461 854 795 910 μεταβάλλοντα,
844 854 974 897 αἴτιον
1011 852 1111 896 εἶναι
1149 852 1306 896 τούτων
1343 855 1410 895 καὶ
1450 855 1525 909 ὁη-

80 924 277 980 μιουργόν
313 922 594 975 ῧπετόπασαν·
636 921 722 965 εἶτα
750 927 825 965 τοῦ
854 922 976 977 λόγου
993 921 1109 984 ’κατὰ
1137 921 1264 977 μέρος
1292 920 1525 976 προϊόντος,

80 992 145 1033 ἐπὶ
173 991 221 1034 τὸ
251 991 491 1047 λεπτότερόν
517 1008 560 1033 τε
582 992 650 1033 καὶ
671 989 1009 1046 ζητητικώτερον·
1034 990 1106 1032 καὶ
1128 988 1256 1031 αὐτοῦ
1284 987 1426 1030 λοιπὸν
1448 993 1523 1030 τοῦ

81 1058 260 1116 οὐρανοῦ
287 1059 336 1102 τὸ
367 1059 495 1103 αἴτιον
521 1062 597 1112 τῆς
623 1059 786 1100 τοιᾶσδε
815 1056 1008 1111 κινήσεώς
1034 1073 1078 1099 τε
1104 1058 1170 1099 καὶ
1193 1058 1391 1111 διαμονῆς
1411 1073 1524 1113 περι-

81 1127 344 1182 εργαζόμενον
373 1126 437 1168 {ni
464 1125 539 1180 τὴν
568 1124 706 1181 ἀφανῆ
747 1125 814 1167 καὶ
854 1123 1076 1179 ἀσώματον
1113 1127 1326 1180 μετῆλθον
1365 1126 1523 1166 αἰτίαν·

77 1194 185 1248 μηδὲ
219 1193 297 1249 γὰρ
325 1191 377 1235 ἂν
406 1194 584 1249 διαρκεῖν
612 1193 655 1242 ἐς
682 1191 744 1234 ἀεὶ
773 1196 893 1246 σῶμα
924 1192 1024 1235 ὄντα
1053 1192 1356 1250 πεπερασμένον
1390 1193 1524 1247 μένειν

77 1277 120 1303 τε
150 1262 216 1303 καὶ
243 1264 444 1303 κινεῖσθαι
469 1260 527 1315 μὴ
557 1257 638 1302 ὑπὸ
668 1259 881 1313 δυνάμεως
908 1259 1078 1317 ἀπείρου
1103 1260 1372 1315 συνεχόμενον
1413 1260 1525 1304 ἇσω-

75 1326 210 1381 μάτου
248 1326 433 1381 πάντως,
483 1327 558 1382 οὐχ
594 1325 806 1385 ὃρωμένης
839 1328 942 1382 μέν,
983 1329 1027 1370 ἐκ
1057 1329 1103 1371 δὲ
1129 1333 1212 1372 τῶν
1241 1328 1369 1385 ἔργων
1401 1329 1526 1383 αὐτῆς

75 1396 320 1450 νοουμένης·
371 1396 430 1450 μὴ
469 1395 547 1452 γὰρ
586 1393 686 1438 εἶναι
725 1395 899 1450 δύναμιν
927 1395 971 1438 ἐν
1000 1395 1186 1450 σώμασιν
1219 1395 1408 1454 ἄπειρον,
1455 1398 1522 1439 καὶ

76 1462 208 1513 οὕτως
235 1463 466 1520 ἀνέδραμον
495 1464 560 1506 ἐπὶ
588 1465 662 1518 τὴν
689 1464 789 1518 μίαν
818 1467 900 1506 τῶν
928 1463 1094 1507 πάντων
1134 1463 1288 1522 ἀρχήν,
1338 1463 1524 1519 κάκείνην

74 1534 134 1588 τῷ
172 1529 345 1585 ὀνόματι
381 1535 457 1573 τοῦ
495 1535 578 1574 τῶν
616 1530 873 1587 φαινομένων
909 1533 1107 1588 κρείττονι
1146 1531 1248 1575 θεὸν
1288 1531 1522 1586 ὠνόμασαν.

75 1600 358 1654 Philopon.
388 1602 460 1640 fol.
480 1605 548 1649 79,
566 1602 608 1641 b.

190 1660 413 1726 Ξῄᾩσοι
444 1666 498 1707 δὲ
524 1670 626 1721 πῦρ
663 1665 910 1722 καθαρὸν
951 1664 1093 1708 εἷναί
1127 1681 1258 1723 φασι
1285 1666 1343 1709 τὸ
1372 1683 1524 1724 περι-

77 1731 204 1784 έχον
243 1727 329 1773 καὶ
356 1732 424 1786 μὴ
452 1731 619 1787 μόνον
648 1732 711 1775 τὰ
741 1732 1018 1790 φερόμενα
1048 1733 1268 1788 σώματα
1300 1764 1523 1778 .......

76 1796 202 1852 ἡμῖν
233 1798 484 1843 ἐντεῦθεν
511 1800 672 1854 ἴσως]
705 1799 798 1844 ’Ότι
824 1801 883 1856 μὴ
915 1801 961 1843 ἐκ
988 1801 1119 1858 πυρὸς
1146 1801 1278 1855 μόνου
1307 1802 1523 1858 συνέστηκε

76 1865 124 1908 τὸ
153 1865 232 1908 ἀπὸ
261 1870 336 1920 τῆς
363 1870 437 1922 γῆς
463 1868 582 1924 μέχρι
610 1872 684 1923 τῆς
713 1867 920 1918 ἀπλανοῦς
959 1868 1029 1910 διὰ
1064 1873 1146 1912 τῶν
1186 1860 1230 1913 ἐν
1270 1869 1524 1930 ἀστρονομίᾳ

77 1933 322 1987 δειχθέντων
346 1936 609 1992 παρίστησιν·
640 1937 676 1978 εἰ
697 1935 774 1993 γάρ
797 1953 859 1986 τις
883 1937 1086 1991 ἐννοήσειέ
1111 1953 1214 1994 φησι
1243 1938 1319 1994 τὴν
1346 1936 1525 1995 ὖπερβο-

76 2000 151 2054 λὴν
178 2005 259 2043 τῶν
287 2002 555 2058 περιεχόντων
582 2003 656 2059 τὴν
683 2007 760 2059 γῆν
789 2004 1017 2058 σωμάτων,
1060 2004 1215 2061 ῥαδίως
1244 2005 1295 2049 ἂν
1336 2009 1524 2063 συλλογί-

76 2063 192 2110 σαιτο
218 2069 277 2123 μὴ
308 2069 513 2123 δύνασθαι
542 2070 671 2128 πυρὸς
698 2070 798 2114 εἶναι
828 2072 899 2115 τὸν
928 2072 1099 2127 ἔσχατον
1130 2073 1319 2130 οὐρανόν.
1366 2075 1523 2117 δείκνυ-

42 2175 48 2181 ,
76 2151 144 2176 ται
170 2136 245 2189 μὲν
275 2136 343 2178 διὰ
367 2141 450 2180 τῶν
480 2137 788 2195 ἀστρονομικῶν
816 2140 995 2197 ἐναργῶς
1019 2140 1232 2195 μεθόδων.
1272 2141 1349 2195 οὒχ
1377 2141 1525 2196 ἥκιστα

79 2202 123 2242 δὲ
152 2203 219 2243 καὶ
247 2202 291 2244 ἐκ
318 2207 394 2245 τοῦ
423 2205 550 2260 μικρὰ
577 2210 651 2261 τῆς
677 2211 750 2262 γῆς
779 2207 1040 2263 διαστήματα
1066 2209 1245 2264 μεγάλας
1273 2207 1371 2262 ἡμῖν
1393 2225 1525 2265 προσ-

80 2268 388 2324 αποφαινόμενα
414 2271 490 2320 τὰς
518 2273 722 2330 διαφορὰς
749 2283 894 2318 ποιεῖν·
936 2276 975 2318 οἳ
1003 2275 1082 2331 γὰρ
1111 2277 1154 2318 ἐν
1183 2276 1395 2333 Βυζαντίῳ
1428 2275 1526 2331 φέρε

78 2338 161 2376 τῶν
190 2334 372 2392 ἀστέρων
401 2335 570 2393 ἀφανεῖς
597 2340 640 2382 ἓν
664 2340 943 2403 Ἀλεξανδρεία
969 2345 1186 2400 φαίνονται
1207 2345 1271 2398 *),
1314 2341 1370 2392 ὡς
1399 2340 1420 2385 ὅ
1451 2360 1527 2385 κα·-

79 2401 276 2455 λῡῦμένθς
305 2402 490 2458 κᾶνωβος
510 2409 581 2458 **)
610 2405 689 2450 ῧπὸ
718 2416 805 2459 τοῒς
835 2412 931 2453 ποσὶ
968 2414 1041 2453 τοῦ
1074 2410 1272 2467 Ὠρίωνος
1301 2408 1383 2462 ὢν,
1421 2410 1527 2468 πρὸς

122 2558 162 2602 ³⁶)
195 2559 270 2595 Csr.
300 2561 453 2596 Ideler
492 2565 598 2597 Ueber
623 2567 686 2599 den
714 2571 886 2611 Ursprung
919 2571 989 2602 und
1020 2571 1076 2603 die
1097 2571 1298 2612 Bedeuiung
1322 2571 1383 2604 der
1411 2573 1522 2604 Stern-

167 2629 285 2650 namen
312 2617 454 2662 (Berlin
483 2620 584 2656 1809.
609 2619 663 2665 8.)
689 2635 724 2667 p.
743 2625 824 2658 260.

122 2693 178 2736 ⁴¹⁴³)
214 2697 371 2731 Ideler
395 2699 419 2733 l.
442 2700 468 2732 Ι.
501 2711 534 2743 p.
563 2700 642 2734 250.
677 2702 760 2737 259.
807 2702 1023 2749 Aegyptium
1048 2715 1127 2739 esse
1154 2715 1287 2739 nomen
1314 2711 1350 2740 et
1373 2702 1524 2750 χρυσοῦν

168 2748 301 2795 ἔδαφος
337 2755 536 2801 significare
571 2763 689 2791 narrat
724 2757 970 2794 Aristides
1004 2764 1089 2803 Aeg.
1125 2773 1160 2805 p.
1191 2762 1269 2797 360.
1319 2763 1376 2797 ed.
1410 2763 1518 2798 Iebb

168 2809 264 2852 quod
287 2817 385 2846 recte
414 2823 454 2847 se
476 2814 608 2848 habere
635 2814 755 2849 docuit
779 2821 893 2859 pater.
948 2841 950 2843 -
