1774 3198
403 359 630 400 LIBRUM
656 356 985 397 SECUNDUM.
1043 324 1262 397 CAP.1X.
1455 346 1554 392 619

109 475 195 514 lum
227 479 320 514 ante
346 470 565 514 θάλατταν
599 471 748 511 omittit
779 472 830 510 E.
866 465 1088 510 θάλασσάν
1115 482 1160 508 τε
1187 468 1236 508 Ε.
1276 468 1345 521 qui
1373 482 1467 508 cum
1495 469 1553 509 H.

110 549 152 582 et
181 541 237 583 N.
277 541 442 582 exhibet
471 538 615 597 ῥάβδῳ
643 554 706 588 τις
732 540 896 579 inverso
926 537 1081 578 ordine.
1106 558 1164 565 —
1220 537 1318 577 Post
1347 532 1478 584 οὕτως
1502 538 1551 576 F.

110 610 182 651 καί
206 611 334 651 addit.

225 718 291 755 19.
325 705 397 753 οὖν
426 712 577 752 omittit
604 711 658 751 A.
690 732 748 743 —
788 709 904 749 δοκεῖ’
935 715 1028 762 post
1055 704 1155 750 εἶναι
1183 708 1302 762 ponit
1319 710 1368 748 F.
1389 728 1447 736 -
1484 703 1550 748 ἄπ’

112 779 240 821 αὐτοῦ
266 796 349 821 non
371 782 509 834 inepte
527 783 574 820 F.
598 781 650 820 N.
682 781 757 820 cfr.
778 776 992 832 dezanima
1017 779 1082 827 II,
1105 781 1151 817 8:
1190 774 1282 816 ἀλλ’
1318 773 1394 828 οὐχ
1423 772 1556 824 οὕτως

111 846 358 900 ἀνακλᾶται,
404 846 539 902 ὥσπερ
576 845 664 902 ἀφ’
706 844 858 894 ὓδατος
895 842 919 899 ἢ
946 847 1101 898 χαλκοῦ
1138 841 1163 898 ἢ
1194 843 1264 885 καί
1287 859 1397 892 τινος
1427 841 1556 884 ι’ἱλλου

109 918 193 956 τῶν
222 916 352 957 λείων.
412 916 547 956 Stob.
578 914 724 969 Eclog.
749 916 870 968 phy-3.
900 918 931 963 Ι,
954 918 1020 954 26.
1052 929 1094 967 p.
1115 916 1216 954 530:
1249 908 1323 966 τήν
1352 910 1447 952 ἀπὸ
1480 913 1556 952 τοῦ

111 981 311 1038 ἐνόπτρου
348 982 442 1025 κατ’
478 981 698 1024 ἀνάκλασιν
736 980 1071 1037 διασπειρομένην
1109 979 1215 1036 πρὸς
1259 977 1369 1034 ἡμᾶς
1414 977 1555 1034 αὐγήν.

111 1052 467 1106 Theophrast.
498 1053 547 1090 de
565 1054 664 1105 igne
694 1054 729 1098 §.
747 1057 814 1093 73.
846 1066 886 1105 p.
905 1055 1012 1091 730:
1052 1052 1142 1105 φῶς
1170 1046 1344 1089 ἅπτουσι
1378 1051 1429 1103 τῇ
1455 1046 1557 1088 ἀνα-

110 1115 248 1161 κλὰσει
277 1118 375 1160 ἀπὸ
403 1122 485 1161 τῶν
514 1118 642 1159 λείων.
679 1142 734 1149 -
779 1119 835 1167 εἷς
866 1117 913 1160 τὸ
945 1116 1136 1172 λαμπρόν
1164 1132 1238 1171 pro
1266 1113 1372 1171 πρός
1402 1131 1441 1156 τι
1473 1119 1557 1157 τῶν

110 1188 309 1240 λαμπρῶν
329 1191 375 1228 F.
394 1209 448 1218 —
475 1187 784 1240 μᾶλλον’τοῦτο
815 1189 980 1227 inverso
1010 1186 1155 1225 ordine
1182 1187 1236 1225 H.
1260 1185 1316 1224 N.
1337 1207 1395 1216 —
1429 1184 1557 1239 γίγνε-

109 1269 178 1295 ται
205 1270 283 1309 pro
301 1254 486 1309 φαίνεται
503 1258 551 1295 F.
568 1250 629 1286 -’
652 1253 700 1295 τὸ
721 1263 814 1295 ante
841 1257 914 1308 τῆς
938 1250 1094 1307 ἧμὲρας
1121 1255 1267 1293 emittit
1287 1257 1335 1294 F.
1366 1255 1435 1307 qui
1458 1268 1556 1293 mox

110 1338 201 1362 cum
216 1324 356 1363 ‘codice
372 1325 425 1363 H.
443 1324 609 1376 praebet
628 1320 824 1378 ἇφανίζον
843 1331 884 1364 et
903 1325 960 1364 ita
974 1324 1016 1362 P.
1030 1324 1070 1362 S.
1083 1324 1168 1363 Cas.
1186 1311 1326 1376 qui-93.
1351 1318 1557 1376 ἀφανίζειν

50 1388 53 1391 ’
110 1398 151 1431 et
174 1393 231 1431 ita
251 1393 372 1431 etiam
393 1392 445 1431 A.
467 1392 579 1431 Cam.
602 1393 686 1430 Bas.

223 1497 292 1533 20.
320 1495 498 1547 βροντῆς
525 1507 569 1533 τε
599 1491 666 1532 καὶ
688 1489 900 1545 ἀστραπῆς
926 1492 1064 1531 addito
1083 1506 1126 1532 τε
1144 1495 1193 1533 F.
1215 1493 1268 1532 H.
1291 1492 1348 1532 N.
1382 1507 1557 1546 quorum

111 1562 193 1601 duo
222 1562 468 1614 posteriores
492 1574 590 1599 mox
620 1561 816 1611 praebent
845 1559 911 1599 καὶ
945 1559 1035 1613 περὶ
1064 1562 1145 1600 τῶν
1174 1558 1309 1601 ἄλλων
1337 1576 1414 1614 pro
1444 1558 1556 1615 παρὰ

112 1631 194 1670 τῶν
224 1626 373 1678 ἄλλων,
404 1643 522 1668 sensu
540 1629 663 1681 longe
680 1629 831 1678 alieno,
862 1630 921 1668 uti
944 1630 1064 1668 etiam
1085 1637 1196 1681 patet
1217 1644 1270 1668 ex
1288 1631 1557 1683 sequentibus,
1626 1634 1642 1648 ⁵

111 1698 155 1736 in
179 1698 324 1749 quibus
346 1698 571 1749 explicatur
589 1697 657 1749 qui
674 1697 753 1736 sint
774 1694 812 1736 οἶ
833 1693 963 1737 ἄλλοι.

225 1803 291 1840 21.
323 1791 347 1851 ἦ
368 1793 484 1851 ἡμεῖς
505 1799 553 1837 ab
571 1799 687 1838 initio
699 1797 751 1838 F.
770 1821 826 1828 -·
855 1794 955 1838 εἶναι
974 1795 1048 1851 τὴν
1068 1796 1196 1852 αὐτήν
1223 1807 1375 1840 mutato
1405 1802 1558 1841 verbo-

112 1881 206 1907 rum
236 1867 380 1906 ordine
408 1869 458 1906 F.
480 1868 534 1906 H.
556 1865 612 1906 N.
643 1891 692 1896 —-
736 1867 901 1906 Plinii
935 1867 1083 1917 verba,
1120 1868 1197 1907 hoc
1225 1883 1278 1908 ex
1304 1871 1393 1909 loco
1420 1870 1556 1922 petita,

111 1937 191 1975 iam
215 1949 338 1987 supra
365 1936 567 1973 attulimus
588 1935 638 1973 ad
661 1938 719 1983 H,
744 1938 792 1984 8,
819 1939 883 1973 11.
906 1956 963 1964 —·
990 1933 1307 1987 μεταβάλλουσα
1335 1939 1484 1994 omittit
1511 1941 1555 1978 F.

114 2004 183 2057 qui
202 2017 299 2042 mox
322 2017 398 2055 pro
420 2000 678 2056 ἒκκρινομένη
699 2017 791 2042 cum
810 2003 863 2041 N.
883 2004 1051 2055 praebet
1072 2003 1368 2058 διακρινομένη,
1386 2013 1424 2045 et
1442 2006 1558 2045 dein-

113 2085 206 2124 ceps
226 2067 497 2110 συνανιόντων
518 2085 594 2122 pro
618 2067 858 2121 συνιόντων,
892 2072 1158 2123 ordinemque
1174 2075 1396 2112 verborum
1419 2081 1557 2124 mutat,

116 2153 208 2178 cum
230 2139 358 2178 verba
377 2134 599 2178 συνιόντων
619 2135 754 2178 αὐτῶν
785 2137 857 2190 (sic
876 2139 1119 2192 transponit)
1148 2139 1214 2179 καὶ
1235 2139 1557 2194 συγκρινομένων

114 2213 207 2260 post
231 2205 288 2252 εἷς
315 2203 363 2245 τὸ
393 2202 507 2258 ὕδωρ
540 2205 614 2254 (ita
641 2207 748 2244 enim
771 2203 954 2260 exhibet)
985 2208 1168 2246 collocet.
1189 2232 1245 2238 -—
1281 2207 1338 2255 εἷς
1364 2206 1412 2248 τὸ
1442 2206 1556 2264 ὕδωρ
1612 2258 1621 2268 ⁴

116 2281 175 2313 est
193 2275 312 2313 etiam
328 2275 371 2312 in
393 2274 502 2312 Cam.
524 2295 580 2302 ——
607 2269 712 2312 ἄλλα
740 2286 817 2325 pro
847 2265 979 2312 τᾶλλα
1006 2275 1054 2313 Ε.
1082 2275 1203 2316 Alex.
1223 2277 1295 2317 fol.
1320 2280 1413 2328 112,
1433 2278 1473 2317 b.
1503 2280 1558 2318 A.

117 2342 229 2381 Cam.
248 2340 294 2379 P.
314 2343 357 2380 S.
379 2341 466 2380 Cas.

229 2446 297 2482 22.
336 2443 507 2482 Inverso
537 2441 680 2481 ordine
706 2444 885 2495 βροντῆς
912 2442 980 2483 καὶ
1008 2441 1222 2498 ἀστραπῆς
1246 2444 1401 2501 εἴρηται
1436 2449 1556 2488 Alex.

116 2511 170 2550 A.
189 2511 236 2550 P.
259 2512 302 2550 S.
327 2510 418 2550 Cas.
450 2524 623 2562 quorum
646 2510 697 2549 A.
730 2511 916 2564 deinceps
938 2513 1065 2553 verba
1085 2512 1176 2566 περὶ
1206 2512 1251 2553 δὲ
1278 2516 1362 2555 τῶν
1388 2511 1557 2557 ὖπολοί-

116 2593 206 2618 πων
235 2575 409 2629 εἴπωμεν
441 2575 566 2631 ἔργων
594 2580 667 2631 τῆς
697 2577 910 2633 ἐγκρίσεως
934 2581 978 2619 in
1004 2581 1086 2620 fine
1115 2583 1281 2621 secundi
1306 2583 1400 2623 libri
1427 2584 1554 2636 addit,

119 2647 188 2685 sed
221 2647 362 2686 eadem
389 2646 496 2685 iusto
524 2646 667 2686 ordine
703 2648 745 2686 iu
775 2649 912 2687 fronte
941 2650 1050 2688 tertii
1082 2650 1177 2688 libri
1202 2652 1365 2703 repetit.
1423 2652 1485 2692 Ita
1512 2654 1556 2693 in

119 2714 254 2752 verbis
283 2714 332 2752 de
356 2717 630 2766 generatione
658 2722 698 2752 et
725 2717 884 2755 interit.
920 2719 963 2767 I,
998 2721 1042 2755 1:
1081 2717 1170 2771 περὶ
1201 2717 1245 2758 δὲ
1273 2716 1460 2771 γενέσεως
1489 2720 1556 2761 καὶ

121 2781 288 2835 φθορᾶς
308 2788 349 2820 et
367 2795 406 2833 q.
424 2795 456 2820 s.
483 2779 530 2820 δέ
545 2788 696 2834 spectat
713 2782 764 2821 ad
773 2780 853 2833 ,μέν
871 2783 974 2823 illud
990 2786 1032 2823 in
1054 2784 1134 2824 fine
1153 2786 1350 2827 librorum
1372 2790 1422 2827 de
1439 2791 1556 2830 caelo

120 2848 193 2897 IV,
226 2853 271 2888 6:
311 2847 400 2902 περὶ
428 2847 502 2900 μὲν
531 2842 603 2890 οὗν
630 2847 781 2904 βάρεος
823 2850 887 2890 καὶ
924 2849 1081 2906 κούφου
1120 2854 1186 2894 καὶ
1222 2853 1304 2896 τῶν
1332 2857 1422 2912 περὶ
1451 2854 1557 2899 αὐτὰ
