1812 3158
390 334 611 377 LIBRUM
640 333 880 375 PRIMUM.
938 333 1059 374 CAP.
1086 332 1160 374 IV.
1403 321 1498 366 367

56 465 164 498 cum,
193 449 484 490 Aristoteli
513 448 709 500 imprimis
726 447 979 487 tritissimum
1001 453 1095 500 post
1113 448 1425 487 Creuzerum
1449 445 1501 485 ad

56 518 148 559 Plo
162 519 252 557 tin.
282 517 332 556 de
355 515 588 568 pulcritud.
617 529 660 569 p.
686 519 766 556 139
795 529 854 569 sq.
897 515 1092 568 explicuit
1117 515 1236 555 Zell
1261 515 1314 554 ad
1341 515 1501 555 Arist.

57 587 158 626 Eth.
176 587 343 625 Nicom-
373 587 412 634 Ι,
441 588 513 634 13,
535 586 601 625 15.
634 586 756 624 Tom.
779 587 831 626 H.
857 598 896 637 Ρ.
921 586 989 624 58.
1046 584 1169 625 Adde
1196 581 1422 624 Fischer
1449 583 1503 623 ad

56 656 279 696 Weller.
310 655 427 693 Tom.
447 657 519 701 m,
541 656 573 694 I.
601 667 643 706 p.
660 657 757 694 287.
798 654 1030 693 Creuzer
1060 652 1112 691 ad
1138 654 1304 693 Procl.
1333 653 1450 692 Tom.
1471 654 1502 692 Ι.

57 737 99 776 p.
123 726 215 762 52.·
250 723 545 762 Stallbaum
574 721 627 760 ad
654 722 781 760 Plat.
820 720 980 761 Phileb.
1016 735 1058 774 p.
1085 724 1161 772 83,
1198 721 1269 774 qui
1298 721 1419 760 etiam
1451 719 1504 759 de

56 792 182 830 latino
211 791 405 842 loquendi
433 805 509 830 usu
538 790 707 829 monuit.

173 859 212 897 4.
242 858 307 898 ὁέἴ
331 855 391 910 δή
422 861 469 898 F.
493 859 549 899 N.
574 853 910 909 ὗπέκκαυμα,
939 858 1052 897 cuius
1080 858 1124 897 in
1151 857 1287 896 locum
1313 857 1435 896 habet
1456 858 1503 895 A.

57 922 283 978 ’ἶ’πὲκαυμα,
313 927 569 966 Vatablus
598 926 725 965 vertit
750 927 1080 973 succensionem,
1109 939 1188 978 qua
1214 925 1505 978 significatione

55 995 159 1033 illud
178 995 422 1034 vocabulum
448 1008 642 1047 nusquam
662 994 838 1033 occurrit
847 1007 858 1044 ;
884 994 1077 1046 significat
1101 994 1236 1046 potius
1263 994 1504 1046 igniarium,

57 1064 223 1102 materia
245 1064 356 1101 cuius
382 1077 460 1115 ope
483 1063 585 1114 ignis
613 1068 870 1114 provocatur.
907 1062 978 1101 cfr.
1007 1060 1425 1114 Theophrastum
1455 1062 1505 1100 de

58 1132 156 1183 igne
186 1132 219 1182 §.
241 1135 306 1170 29.
336 1144 374 1183 p.
396 1133 492 1170 715.
531 1130 565 1180 §.
588 1133 654 1168 63.
686 1143 727 1181 p.
748 1133 844 1170 727.
879 1129 917 1179 §.
937 1133 1005 1169 73.
1020 1143 1062 1182 p.
1078 1133 1175 1169 730.
1205 1129 1365 1168 Eodem
1381 1128 1505 1168 modo

59 1200 237 1238 occurrit
262 1195 445 1249 ἕκκαυμα
480 1197 578 1236 ibid.
609 1198 641 1250 ᾗ.
664 1201 732 1237 72.
796 1197 918 1237 Adde
945 1198 1176 1237 Pierson.
1207 1197 1258 1236 ad
1287 1196 1503 1237 Moerid.

58 1281 99 1319 p.
121 1271 216 1317 362,
237 1281 270 1304 a.
300 1266 362 1305 ed.
385 1265 538 1305 Koch.
597 1265 721 1304 Unde
737 1272 849 1305 recte
865 1261 1150 1306 Vicomerc.
1180 1267 1386 1304 convertit
1411 1279 1507 1303 suc—

58 1336 264 1388 censionis
274 1331 490 1383 fomitem.
515 1356 572 1363 -—
607 1330 852 1386 Deincepsii
877 1335 1027 1374 omittit
1047 1336 1098 1389 E·
1124 1356 1183 1364 —
1238 1334 1355 1373 Idem
1374 1334 1509 1386 prima

58 1417 180 1441 manu
201 1399 388 1454 εἴπωμεν.
419 1424 474 1431 -
531 1404 614 1441 Pro
639 1399 932 1455 περιτετάσθαι
956 1403 1047 1442 cod.
1069 1404 1180 1442 Mor
1191 1403 1308 1441 ellii
1336 1401 1446 1454 apud
1467 1402 1507 1439 S.

57 1477 99 1509 et
127 1471 214 1509 Cas.
243 1471 289 1509 in
315 1484 440 1522 marg.
460 1459 540 1523 γῖ
559 1466 864 1523 περιτετάχθαι.
922 1471 1111 1521 Denique
1144 1466 1342 1517 πολλάκις
1371 1466 1507 1522 ὥσπερ

58 1534 211 1577 καπνόν
242 1539 388 1577 omisso
409 1539 580 1578 articulo
601 1540 649 1577 E.
671 1540 719 1576 A.
742 1539 851 1577 Cam.
870 1539 943 1577 Er.
1004 1539 1318 1578 Aristoteles
1344 1537 1418 1586 hac
1438 1551 1509 1576 ar-

59 1611 315 1657 gumentatur
339 1607 518 1645 ratione:
555 1607 834 1654 Elmnentum,
864 1605 976 1658 quod
999 1606 1254 1658 superiorem
1279 1606 1415 1644 locum
1439 1618 1509 1643 oc-

60 1680 192 1725 cupat,
223 1687 440 1725 perperam
459 1674 594 1725 ignem
610 1686 821 1711 vocamus:
851 1686 935 1711 non
962 1674 1070 1712 enim
1097 1680 1156 1713 est
1180 1673 1285 1726 ignis
1304 1674 1410 1726 ipse,
1441 1674 1510 1725 qui

60 1742 147 1779 sine
174 1741 342 1781 materia
367 1741 563 1780 substrata
594 1741 767 1779 existere
790 1741 954 1792 nequit,
984 1742 1056 1780 sed
1080 1743 1146 1790 id,
1177 1756 1258 1794 quo
1277 1742 1380 1794 ignis
1407 1755 1509 1794 pro-

61 1815 242 1857 creatur,
273 1809 343 1847 vel
367 1810 499 1860 potius
525 1810 611 1861 ipsa
637 1809 707 1847 illa
730 1809 929 1847 substrata
955 1811 1143 1860 materia,
1179 1824 1297 1850 causa
1323 1816 1364 1848 et
1393 1810 1508 1861 origo

59 1875 327 1925 flammarum,
360 1890 461 1927 quae
478 1878 520 1915 iu
540 1890 688 1928 supero
707 1877 798 1915 loco
820 1878 1135 1930 conspiciuntur.
1179 1881 1320 1930 Ignem
1337 1873 1506 1930 (φλόγα)

58 1944 144 1982 sine
164 1944 331 1982 materia
355 1939 647 1997 (ῧκοκείμενον)
677 1944 852 1983 existere
873 1959 956 1984 non
976 1959 1114 1998 posse,
1145 1960 1231 1985 esse
1258 1960 1351 1985 eum
1373 1946 1509 1996 potius

59 2011 153 2050 sicci
169 2011 333 2063 spiritus
353 2013 572 2052 fervorem.
628 2012 780 2051 Eadem
799 2014 951 2065 repetit
978 2014 1085 2052 infra
1103 2015 1175 2064 IV,
1194 2018 1239 2054 9:
1270 2010 1355 2053 ἔστι
1383 2010 1461 2066 γὰρ
1482 2008 1508 2065 ἦ

60 2075 166 2131 φλὸξ
193 2073 422 2129 πνεύματος
450 2079 577 2134 ξηροῦ
607 2077 725 2129 ζέσις,
782 2082 928 2133 Neque
953 2082 1040 2120 sine
1063 2096 1180 2120 causa
1205 2083 1262 2121 ait
1287 2077 1509 2121 ἐκκάεσθαι

61 2141 198 2198 ὥσπερ
226 2143 299 2185 τὸν
327 2143 493 2186 καπνόν.
558 2150 632 2187 Est
659 2149 789 2197 enim,
827 2149 1169 2200 quemadmodum
1204 2150 1291 2202 ipse
1327 2150 1511 2200 loquitur

63 2212 133 2262 (de
150 2201 348 2264 generdt.
375 2223 416 2252 et
444 2216 605 2253 interit.
629 2217 688 2263 H,
714 2215 756 2255 4.
788 2230 825 2268 p.
847 2220 943 2263 331,
967 2215 1017 2269 b)
1047 2212 1199 2271 ἧφλὸξ
1227 2212 1382 2263 κάπνος
1410 2211 1511 2255 καό-

60 2293 184 2331 μενος
191 2309 203 2327 ,
235 2294 337 2331 quae
353 2281 495 2319 iisdem
514 2282 603 2320 fere
619 2283 756 2322 verbis
771 2284 922 2335 repetit
938 2284 1326 2336 Theophrastus
1345 2283 1394 2321 de
1410 2285 1511 2335 igne

62 2347 99 2397 §.
125 2350 162 2387 3.
193 2361 231 2399 p.
250 2351 346 2386 706.
404 2348 648 2388 conferatur
674 2352 794 2390 etiam
820 2352 935 2389 locus
962 2351 1011 2389 de
1025 2359 1165 2402 pau-tt.
1190 2351 1370 2390 animal.
1396 2353 1449 2401 H,
1470 2355 1508 2390 2.

62 2429 101 2467 Ρ.
120 2414 215 2464 649,
236 2427 279 2453 a:
315 2410 424 2465 τάχα
453 2411 498 2454 δὲ
528 2414 595 2454 καὶ
623 2411 649 2467 ἦ
674 2419 749 2456 τοῦ
775 2415 903 2470 πυρὸς
930 2414 1077 2470 φύσις,
1118 2417 1154 2458 εἲ
1183 2415 1311 2469 ἔτυχε,
1339 2415 1509 2471 τοιαύτη

62 2481 125 2529 τίς
153 2480 285 2522 ἔστιν·
318 2479 417 2528 ἴσως
440 2477 518 2535 γάρ
547 2479 595 2522 τὸ
621 2478 885 2535 ὑποκείμενόν
914 2482 1023 2525 ἔστιν
1051 2482 1077 2538 ἢ
1107 2483 1261 2532 καπνὸς
1288 2481 1510 2540 ἢᾶνθραξ,

63 2541 121 2590 ὧν
149 2547 196 2589 τὸ
224 2547 300 2602 μὲν
331 2546 390 2589 ἀεὶ
419 2546 578 2603 θερμὸν
606 2547 904 2603 (ἀναθυμίασις
930 2550 1008 2605 γὰρ
1038 2549 1060 2593 ὃ
1081 2551 1275 2604 καπνός),
1317 2548 1338 2593 ὅ
1370 2550 1412 2593 δ’
1438 2550 1511 2594 ἅν-

62 2618 176 2672 θραξ
204 2615 479 2670 ἀποσβεσθεὶς
505 2615 678 2671 ψυχρός.

179 2687 215 2724 5.
244 2687 326 2725 Pro
343 2683 413 2740 ἔχῃ
428 2687 482 2726 Ν.
499 2687 668 2739 praebet
684 2684 775 2739 ἔχει.
804 2689 855 2727 A.
874 2690 916 2728 Ρ.
934 2691 1004 2728 Er.
1027 2691 1116 2730 Cas.
1146 2687 1230 2742 ἔχοι
1249 2713 1306 2719 —-
1328 2687 1510 2745 διαφέρει

66 2742 140 2790 οὖν
169 2748 219 2802 δή
248 2754 298 2792 Ε.
332 2754 382 2794 Α.
409 2756 503 2804 Er.‚
540 2769 660 2807 quam
683 2757 899 2795 lectionem
926 2759 1167 2810 recepimus·
1226 2760 1388 2813 Reliqui
1417 2758 1508 2798 δια-

66 2816 179 2872 φέρει
208 2816 252 2858 δ’
269 2816 363 2873 ἤδη.
421 2823 626 2862 Lectionis
652 2824 891 2863 varietatem
919 2827 1084 2877 agnovit
1110 2826 1188 2865 iam
1210 2829 1304 2878 Bag.
1321 2834 1507 2867 vertens:
