1820 3158
358 334 418 378 92
465 343 679 386 —p-36122-
703 342 864 375 Bekk·—
918 344 1080 382 LIB.11.
1111 344 1309 385 CAP.1v.
1366 345 1725 389 —p.345,A.cas.-

356 465 396 491 τε
425 455 497 504 τῆς
525 450 671 506 ἄρκτου
709 451 773 490 καὶ
799 450 1049 505 μεσημβρίας
1075 450 1121 492 τὸ
1152 449 1250 493 αὐτὸ
1283 451 1431 494 αἴτιον·
1471 457 1642 497 πλεῖστοι
1671 457 1746 510 γὰρ

301 517 500 570 2Οβορέαι
537 518 602 557 καὶ
639 515 747 556 νότοι
782 516 953 570 γίνονται
987 520 1067 558 τῶν
1112 515 1280 571 ἀνέμων.
1361 526 1426 560 20.
1460 516 1509 561 ‘O
1535 521 1610 575 γὰρ
1638 521 1749 574 ἥλιος

353 581 520 629 τούτους
545 582 695 633 μόνους
724 580 796 623 οὒκ
823 581 1023 636 ἐπέρχεται
1056 583 1150 632 τοὺς
1181 584 1351 635 τόπους,
1396 584 1498 626 ἀλλὰ
1525 586 1626 641 πρὸς
1653 586 1748 628 τού-

354 663 448 695 τους
475 648 539 688 καὶ
569 647 646 689 ἀπὸ
673 647 846 698 τούτων,
885 648 948 688 ἐπὶ
977 649 1132 702 δυσμὰς
1161 651 1204 692 δὲ
1232 653 1296 692 καὶ
1326 651 1523 700 ἀνατολὰς
1552 650 1610 693 ἀεὶ
1633 652 1748 707 φέρε-

353 726 440 754 ται·
494 712 555 754 διὸ
594 713 646 754 τὰ
683 714 781 768 νέφη
821 715 1050 756 συνίσταται
1084 717 1127 757 ἐκ
1154 724 1239 766 τοῖς
1266 719 1463 772 πλαγίοις,
1510 719 1574 759 καὶ
1603 719 1748 772 γίνεται

351 779 587 834 προσιόντος
618 780 692 832 μὲν
729 778 753 833 ἦ
784 779 1052 834 ἀναθυμίασις
1081 787 1152 824 τοῦ
1178 781 1322 839 ὑγροῦ,
1362 783 1548 832 ἀπιόντος
1577 784 1620 825 δὲ
1648 783 1749 839 πρὸς

296 851 345 886 21
358 844 428 886 τὸν
457 846 632 887 ἐναντίον
660 845 784 887 τόπον
811 846 942 889 ὕδατα
977 850 1042 890 καὶ
1075 854 1275 902 χειμῶνες.
1348 856 1415 892 21.
1452 850 1535 892 Διὰ
1568 851 1642 903 μὲν
1677 845 1747 891 οὗν
1804 843 1807 847 “

349 912 421 964 τὴν
460 911 591 967 φορὰν
626 912 697 965 τὴν
729 912 791 955 ἐπὶ
819 914 972 969 τροπὰς
1000 916 1063 956 καὶ
1093 915 1170 958 ἀπὸ
1200 920 1359 971 τροπῶν
1386 916 1510 971 θέρος
1535 933 1575 958 τε
1603 917 1747 971 γίνεται

349 980 414 1019 καὶ
439 983 606 1032 χειμῶν,
646 980 711 1020 καὶ
744 979 932 1034 ἀνάγεταί
956 998 996 1022 τε
1026 981 1108 1024 ἅνω
1136 982 1180 1024 τὸ
1211 982 1321 1038 ὕδωρ
1352 983 1416 1023 καὶ
1443 983 1587 1036 γίνεται
1614 982 1744 1023 πάλιν.

294 1052 346 1087 22
382 1052 449 1087 22.
486 1044 591 1085 Ἐπεὶ
629 1044 673 1085 δὲ
709 1048 891 1087 πλεῖστον
926 1047 1000 1099 μὲν
1039 1050 1267 1101 καταβαίνει
1303 1049 1350 1091 τὸ
1379 1047 1489 1104 ὕδωρ
1524 1049 1564 1090 ἐν
1591 1047 1748 1096 τούτοις

346 1118 430 1159 τοῖς
456 1110 614 1162 τόποις,
645 1110 710 1166 ἔφ’
735 1111 804 1159 οὓς
830 1112 1011 1166 τρέπεται
1039 1116 1103 1155 καὶ
1134 1114 1208 1170 ἀφ’
1236 1109 1302 1166 ὧν,
1334 1110 1444 1156 οὗτοι
1474 1114 1514 1156 δ’
1539 1116 1636 1156 εἰσὶν
1664 1114 1746 1156 ὅτε

344 1177 446 1233 πρὸς
485 1177 630 1233 ἄρκτον
670 1179 735 1218 καὶ
769 1180 1046 1234 μεσημβρίαν,
1094 1179 1195 1221 ὅπου
1226 1182 1269 1222 δὲ
1297 1185 1479 1223 πλεῖστον
1505 1180 1616 1236 ὕδωρ
1644 1178 1668 1233 ἡ
1697 1183 1746 1234 γῆ

347 1244 522 1297 δέχεται,
558 1245 736 1285 ἐνταῦθα
765 1246 950 1299 πλείστην
978 1245 1190 1301 ἀναγκαΐον
1218 1248 1397 1301 γίνεσθαι
1425 1247 1497 1300 τὴν
1518 1246 1746 1298 ἀναθυμία-

344 1324 406 1351 σιν
434 1311 720 1366 παραπλησίως
748 1308 832 1352 οῗον
859 1312 902 1352 ἐκ
925 1315 1094 1368 χλωρῶν
1125 1312 1251 1361 ξύλων
1278 1311 1428 1354 καπνόν
1461 1311 1502 1368 (ἦ
1524 1312 1562 1353 δ”
1588 1311 1744 1353 ἀναθυ-

341 1378 478 1429 μίασις
515 1376 615 1431 αὕτη
654 1376 798 1430 ἄνεμός
837 1377 968 1433 ἔστιν)
1014 1379 1184 1434 εὐλόγως
1213 1378 1260 1421 ἂν
1289 1375 1360 1421 οὗν
1388 1380 1572 1421 ἐντεῦθεν
1598 1379 1742 1432 γίνοιτο

289 1449 341 1484 23
354 1442 404 1484 τὰ
429 1447 594 1484 πλεῖστα
631 1445 695 1484 καὶ
734 1443 960 1498 κυριώτατα
997 1450 1078 1487 τῶν
1119 1444 1366 1499 πνευμάτων.
1450 1452 1517 1487 23.
1553 1444 1742 1486 Καλεΐται

344 1508 385 1550 δ’
406 1509 443 1550 οἶ
469 1509 543 1561 μὲν
573 1508 650 1550 ἀπὸ
678 1513 750 1562 τῆς
783 1508 931 1565 ἄρκτου
957 1511 1119 1567 βορέαι,
1161 1511 1198 1553 οἱ
1225 1511 1264 1553 δ’
1289 1511 1366 1552 ἀπὸ
1395 1515 1468 1564 τῆς
1493 1509 1743 1565 μεσημβρίας

341 1574 464 1618 νότοι.
502 1573 527 1629 ἦ
559 1576 603 1617 δὲ
630 1574 739 1631 φορὰ
767 1576 861 1629 λοξὴ
890 1576 1020 1619 αὐτῶν
1040 1577 1167 1619 ἐστίν·
1195 1579 1282 1633 περὶ
1301 1577 1375 1632 γὰρ
1403 1577 1477 1631 τὴν
1503 1580 1576 1630 γῆν
1601 1575 1742 1617 πνέου-

342 1716 381 1748 et
404 1710 542 1748 eadem
569 1722 683 1747 causa
707 1714 784 1758 est,
813 1723 885 1748 cur
905 1716 989 1748 tum
1009 1724 1031 1748 a
1050 1712 1398 1762 septentrionibus,
1425 1717 1509 1749 tum
1529 1723 1551 1748 a
1577 1709 1742 1748 meridie

340 1777 452 1815 venti
476 1776 721 1827 potissimum
752 1776 947 1814 oriuntur.
1018 1778 1233 1827 Aquilones
1268 1778 1372 1815 enim
1404 1783 1442 1814 et
1470 1777 1591 1815 austri
1637 1777 1740 1814 inter

339 1848 480 1880 ventos
509 1854 645 1879 omnes
677 1842 848 1879 maxime
876 1842 1110 1881 excitantur.
1169 1847 1236 1881 20.
1265 1844 1422 1881 Etenim
1448 1843 1507 1879 sol
1533 1842 1630 1880 haec
1656 1843 1740 1880 loca

340 1908 422 1946 sola
442 1921 524 1945 non
543 1908 746 1961 pervadit,
774 1907 842 1945 sed
865 1907 914 1944 ad
935 1921 980 1945 ea
1007 1908 1158 1958 pergit,
1188 1915 1226 1946 et
1253 1909 1300 1946 ab
1322 1909 1469 1946 eisdem
1489 1908 1659 1956 recedit,
1689 1907 1738 1945 ad

339 1987 517 2012 occasum
537 1987 635 2012 vero
658 1980 698 2011 et
716 1979 901 2012 exortum
931 1980 1124 2024 perpetuo
1151 1974 1291 2012 fertur.
1351 1976 1479 2024 Quam
1506 1974 1556 2011 ob
1584 1986 1737 2012 causam

335 2040 459 2079 nubes
484 2040 534 2077 ad
555 2041 679 2079 latera
705 2046 911 2090 coguntur.
960 2042 1012 2078 Et
1037 2040 1246 2078 accedente
1265 2040 1425 2091 quidem
1445 2040 1540 2088 sole,
1571 2039 1734 2077 humida

338 2106 385 2145 fit
412 2106 627 2156 exhalatio,
663 2106 714 2144 atl
742 2107 871 2144 locum
901 2113 1031 2145 autem
1069 2107 1307 2145 contrarium
1341 2107 1528 2153 abeunte,
1566 2119 1664 2156 aqua
1698 2112 1737 2143 et

335 2172 470 2211 hiems.
528 2176 593 2211 21.
625 2173 690 2211 Ob
711 2173 924 2211 motionem
950 2174 1093 2223 igitur,
1132 2185 1231 2224 quae
1264 2173 1313 2210 ad
1344 2171 1620 2211 conversiones
1648 2176 1688 2208 et
1715 2183 1737 2208 a

336 2239 659 2278 conversionibus
685 2245 760 2287 est,
799 2245 922 2277 aestas
949 2239 995 2277 fit
1022 2245 1062 2277 et
1085 2239 1228 2287 hiems,
1257 2251 1356 2290 aqua
1375 2251 1529 2277 sursum
1557 2237 1737 2275 educitur

335 2320 380 2344 ac
401 2319 537 2344 rursus
558 2312 775 2356 generatur.
840 2309 908 2344 22.
940 2306 1139 2355 Quoniam
1160 2311 1293 2343 autem
1314 2305 1530 2356 plurimum
1553 2317 1674 2354 aquae
1693 2303 1735 2341 in

335 2372 396 2410 his
413 2372 508 2410 locis
527 2372 740 2418 descendit,
760 2372 810 2410 ad
830 2385 929 2423 quae
947 2378 987 2410 et
1004 2385 1026 2409 a
1046 2372 1186 2422 quibus
1207 2372 1452 2409 convertitur
1471 2367 1585 2423 (haec
1603 2374 1732 2407 autem

332 2445 424 2476 sunt
459 2439 507 2476 ad
535 2439 821 2489 septentriones
847 2444 887 2476 et
913 2437 962 2475 ad
989 2435 1222 2488 meridiem)
1269 2443 1308 2475 et
1338 2438 1406 2475 ubi
1433 2448 1552 2486 aquae
1579 2434 1731 2485 copiam

335 2510 440 2542 terra
469 2504 637 2555 excipit,
665 2505 721 2542 ibi
738 2505 908 2555 plurima
926 2503 1122 2542 exhalatio
1134 2533 1145 2552 ,
1174 2516 1255 2541 non
1273 2503 1386 2543 aliter
1405 2508 1521 2552 atque
1541 2513 1592 2537 ex
1609 2499 1730 2538 viridi

331 2570 437 2620 ligno
454 2570 584 2607 fumus
600 2570 792 2608 reddatur
813 2583 969 2608 necesse
987 2576 1045 2608 est
1073 2569 1246 2620 (ipsaque
1268 2568 1462 2606 exhalatio
1480 2570 1622 2603 ventus
1639 2564 1728 2617 est),

332 2636 484 2674 ratione
509 2648 577 2673 sua
602 2636 755 2684 evenit,
777 2643 822 2674 ut
839 2636 1004 2687 plurimi
1020 2628 1267 2684 maximeque
1282 2633 1480 2684 principes
1499 2631 1608 2669 venti
1635 2631 1729 2669 inde

332 2703 520 2740 oriantur.
578 2705 646 2740 23.
672 2703 854 2750 Quorum
872 2702 912 2750 ii,
941 2702 1008 2752 qui
1024 2714 1047 2738 a
1065 2699 1394 2751 septentrionibus
1417 2699 1589 2749 spirant,
1616 2699 1729 2748 aqui-

330 2770 439 2807 lones
447 2796 459 2815 ,
509 2767 573 2817 qui
615 2781 636 2805 a
674 2767 839 2805 meridie
878 2767 997 2804 austri
1035 2766 1298 2803 nominantur.
1373 2766 1555 2814 Quorum
1599 2770 1727 2802 motus
