1774 3198
291 351 384 416 472
508 377 948 418 COMMENTAmUs
976 377 1035 415 ΙΝ
1065 377 1466 416 METEOROLOG.

292 489 431 542 (Hane
460 492 578 528 1792.
614 488 677 537 8.)
707 499 747 537 p.
773 490 838 525 39.
895 486 1138 524 Gosselin
1172 486 1435 537 Geogfiaplzie
1466 486 1534 524 des
1565 488 1688 525 Graes

292 555 483 604 anahtse'e
512 567 549 604 p.
572 556 637 591 31.
697 553 869 590 Seorsim
900 565 945 590 ea
974 552 1024 590 de
1050 565 1096 590 re
1124 551 1340 604 disputavit
1376 551 1688 602 Kephalides

291 621 487 657 Historia
508 622 632 656 maris
646 620 804 669 Caepii.
825 619 1006 669 Gotting.
1022 617 1137 657 1814.
1181 619 1264 656 Nec
1283 618 1439 656 silentio
1457 618 1692 656 transeunda

290 691 403 729 sunt,
438 697 535 735 quae
563 685 684 723 fusius
712 685 895 723 disseruit
932 685 997 722 St.
1029 684 1188 723 croix
1223 685 1265 722 in
1294 686 1482 722 Examen
1513 686 1691 735 critique

290 750 359 787 des
376 747 613 787 Historiam
636 750 920 789 d’Alexandre
942 751 975 788 le
996 751 1144 788 Grand
1158 764 1197 800 p.
1210 754 1301 798 217,
1320 756 1364 788 ut
1381 750 1545 800 ineptias
1567 756 1692 788 tacea-

290 829 389 863 mus,
407 816 546 867 quibus
560 817 735 855 luxuriat
753 819 790 856 D
805 830 960 856 ureau
979 816 1038 854 de
1059 817 1105 855 la
1126 818 1280 856 Malle
1295 818 1336 855 in
1350 817 1452 854 libro
1467 829 1585 865 supra
1605 818 1692 854 lau-

291 881 394 919 dato.
421 902 476 909 —-
506 879 781 922 ἐκδίδωσιν
809 878 905 921 ὕπὸ
935 883 1039 934 γῆν.
1069 884 1143 922 cfr.
1163 896 1259 935 quae
1281 883 1446 934 exposui
1475 882 1691 920 Meteorol.

289 955 364 986 vet.
386 948 452 985 Gr.
471 957 511 985 et
529 946 647 987 Rom.
670 950 741 996 IV,
772 950 835 988 14.
866 955 948 987 not.
968 952 1004 986 1.
1029 963 1067 1001 p.
1086 953 1150 988 89.
1205 951 1323 988 Hunc
1340 950 1470 987 locum
1487 945 1691 985 Aristo-

288 1014 414 1052 telis
441 1028 682 1066 nequaquam
705 1015 944 1054 intellectum
969 1029 1052 1054 esse
1083 1029 1105 1053 a
1132 1017 1340 1054 Dureau
1376 1015 1435 1053 de
1462 1015 1508 1052 la
1534 1014 1691 1052 Malle

289 1080 412 1118 cuivis
442 1086 569 1131 patet,
608 1080 704 1118 haec
736 1081 818 1119 eius
846 1083 969 1120 verba
995 1082 1140 1132 legenti
1178 1080 1278 1132 (1.1.
1304 1095 1343 1132 p.
1370 1083 1445 1119 165
1466 1078 1562 1131 sq.):
1589 1079 1693 1117 Ari-

289 1152 393 1182 stote
422 1160 522 1183 nous
550 1146 737 1195 appr-end
761 1150 896 1194 aussi,
927 1162 1002 1198 que
1023 1148 1071 1184 de
1089 1161 1164 1185 son
1185 1156 1284 1185 tems
1303 1148 1338 1185 il
1351 1148 1524 1185 existait
1550 1158 1692 1183 encore

286 1209 540 1261 plusieursp
550 1213 570 1248 έ
583 1213 662 1248 rio
674 1211 731 1248 de
741 1226 760 1248 a
790 1219 830 1248 et
849 1226 881 1261 p
894 1214 914 1249 έ
924 1227 945 1249 r
957 1215 1008 1261 ip
1022 1214 1067 1250 le
1077 1226 1097 1248 a
1127 1215 1317 1260 aneiens,
1348 1219 1564 1257 attestant,
1594 1210 1696 1261 qu’il

280 1290 312 1326 y
331 1279 452 1313 avait
470 1291 525 1314 un
544 1278 674 1314 canal
688 1277 935 1315 conduisant
956 1278 1003 1315 de
1018 1279 1063 1315 la
1080 1292 1163 1314 mer
1177 1279 1407 1327 Caspienne
1426 1277 1531 1314 dana
1549 1277 1585 1313 Ie
1604 1276 1691 1313 Pa-

288 1341 348 1377 lus
359 1343 554 1379 Me‘oticle.
596 1344 649 1380 Ce
657 1342 754 1392 fait
769 1352 826 1379 est
838 1344 1086 1392 pleinement
1103 1344 1293 1395 confirme'
1309 1357 1389 1393 par
1410 1357 1463 1380 un
1475 1342 1692 1392 fragment

288 1407 597 1445 d'Arte'midore
638 1406 818 1459 (fragm.
851 1409 970 1457 apud
1002 1422 1097 1446 van
1134 1410 1302 1447 Goens
1341 1409 1401 1446 ad
1436 1407 1690 1458 Porphyr.

289 1473 407 1510 Antr.
425 1475 602 1523 Nymph.
628 1488 667 1524 p.
691 1473 771 1525 87).
833 1475 896 1512 On
919 1489 950 1524 y
970 1475 1040 1521 lit,
1077 1488 1153 1524 que
1180 1475 1215 1511 le
1243 1476 1403 1512 Tanais
1429 1487 1456 1510 a
1478 1475 1583 1511 deux
1608 1487 1691 1510 em-

288 1537 510 1577 bouchures
525 1556 536 1577 .·
566 1540 686 1578 l'une
713 1543 785 1591 qui
804 1540 1007 1590 de'clzarge
1027 1554 1088 1577 ses
1110 1554 1217 1578 eaux
1243 1541 1346 1578 dans
1368 1541 1403 1576 le
1426 1540 1553 1577 Palus
1572 1539 1691 1577 Me'o-

288 1605 372 1642 tide
394 1614 440 1648 et
467 1606 627 1645 l’autre
657 1609 762 1645 dans
792 1608 835 1644 la
860 1606 1032 1657 Scythc'e.
1090 1607 1213 1644 Turci
1239 1605 1445 1657 aliquando
1467 1606 1632 1642 Tanaim
1655 1611 1693 1642 et

289 1672 452 1722 Volgum
473 1674 634 1724 iungere
659 1674 921 1725 caspiumque
943 1686 1052 1710 mare
1070 1673 1112 1710 in
1133 1673 1331 1710 Euxinum
1351 1673 1519 1709 Pontum
1542 1671 1692 1708 immit-

285 1742 370 1775 tere
389 1744 610 1786 tentarunt,
641 1746 739 1777 teste
769 1739 807 1776 N
819 1739 1104 1789 eugebauer
1134 1740 1292 1776 Histor.
1316 1737 1496 1776 Polonic.
1524 1738 1615 1776 libr.
1638 1735 1690 1776 X.

286 1807 417 1852 p.690
447 1805 509 1842 ed.
531 1807 686 1843 Hanov.
714 1808 828 1842 1618.
851 1804 888 1842 4.
948 1807 1087 1843 Daru
1117 1804 1321 1856 (Histoire
1349 1804 1396 1840 de
1422 1805 1572 1842 Venise
1599 1803 1688 1841 libr.

285 1869 407 1907 XIX.
445 1870 551 1908 Edit.
582 1884 657 1908 sec.
694 1871 782 1907 Vol.
801 1872 869 1908 III.
903 1886 942 1922 p.
966 1869 1047 1923 72)
1087 1871 1208 1909 verba
1237 1869 1367 1907 laudat
1395 1870 1438 1906 P.
1470 1870 1692 1907 Parutae

285 1932 495 1983 (Historia
517 1936 625 1973 della
640 1948 797 1985 guerra
817 1935 864 1972 de
886 1938 1010 1986 Cipro
1035 1937 1123 1975 libr.
1145 1935 1206 1987 1),
1237 1949 1334 1985 quae
1353 1934 1607 1973 adscribenda
1627 1935 1691 1972 vi-

285 1999 449 2038 dentur:
469 1999 615 2038 Aveva
635 2002 671 2038 il
684 1998 826 2038 bascio)
843 2002 1057 2039 ricordato
1080 2001 1151 2039 che
1170 2001 1434 2051 tagliandosi
1449 2014 1528 2036 uno
1543 2007 1688 2037 stretto

283 2066 329 2103 dc·
348 2067 490 2117 miglia
509 2067 715 2116 dimiono,
735 2069 779 2103 in
797 2081 851 2104 un
869 2068 988 2117 luogo
1010 2069 1119 2105 detto
1130 2068 1359 2116 Asdragan
1374 2065 1594 2115 pos-cedato
1614 2066 1690 2103 dai

282 2132 428 2180 Russi,
462 2135 656 2182 potevasi
677 2133 916 2183 sacilmente
944 2134 1219 2184 congiungere
1246 2133 1410 2168 insieme
1438 2131 1514 2168 dae
1529 2131 1690 2181 grandi

283 2196 477 2250 efamosi
494 2199 644 2245 flami,
682 2198 770 2235 οἱοὲ
799 2199 834 2235 il
864 2199 1007 2236 Tanai
1029 2213 1048 2236 e
1075 2199 1117 2236 la
1144 2199 1304 2248 Volgo,
1335 2198 1436 2235 onde
1461 2198 1500 2234 εἰ
1517 2197 1689 2234 sarebbe

276 2270 468 2311 pre-stata
510 2262 753 2302 commedit&
782 2264 1072 2314 grandissima
1107 2277 1133 2301 a
1164 2264 1320 2301 diverse
1359 2264 1633 2313 navigazioni
1668 2277 1688 2300 e

278 2327 679 2367 s’aamentarebbero
698 2331 733 2367 le
748 2332 997 2381 peseagioni
1017 2331 1084 2369 del
1095 2330 1243 2376 Ταηαϊ,
1269 2343 1346 2367 eon
1359 2329 1520 2379 grande
1541 2343 1561 2366 e
1579 2336 1686 2365 certo

280 2397 379 2432 utile
402 2395 446 2432 di
465 2397 576 2434 datii
595 2396 662 2432 del
675 2398 856 2446 signore,
885 2410 955 2433 ma
973 2411 1048 2434 eon
1065 2409 1270 2447 speranza
1290 2395 1335 2432 di
1354 2409 1442 2433 eoae
1459 2395 1685 2444 maggiori,

281 2461 505 2510 aprendosi
531 2475 616 2498 una
645 2461 780 2511 facile
809 2464 1088 2512 navigazione
1121 2463 1196 2499 dal
1222 2475 1336 2499 mare
1367 2461 1594 2511 Maggiore
1621 2459 1690 2495 nel

279 2527 399 2576 quale
425 2527 459 2564 il
479 2527 622 2565 Tanai
641 2535 762 2564 metto
791 2541 921 2577 capo,
962 2529 1007 2565 al
1033 2542 1145 2566 mare
1174 2525 1348 2577 Caspio,
1376 2540 1447 2565 ove
1475 2523 1619 2561 eboc-ca
1645 2525 1685 2560 la

280 2593 324 2629 V
320 2592 431 2643 olga.
456 2614 504 2619 —-—
537 2593 683 2630 Coraxi
711 2594 750 2630 in
773 2594 954 2633 orientali
984 2595 1100 2632 Ponti
1121 2608 1212 2639 ora,
1241 2593 1360 2631 vicini
1384 2589 1598 2628 Heniochis
1624 2591 1684 2628 A-

276 2656 500 2709 chaeisque,
530 2660 596 2709 qui
617 2659 666 2696 ad
686 2657 864 2698 homines
897 2661 1130 2698 occidendos
1157 2658 1495 2707 comedendosque
1518 2656 1683 2693 inclina-

272 2721 374 2769 bant,
403 2730 448 2761 ut
464 2725 648 2774 exposuit
670 2726 701 2762 A
714 2726 812 2764 rist
825 2740 848 2762 o
863 2727 992 2764 teles
1011 2728 1137 2764 Polie.
1154 2726 1260 2774 VIII,
1278 2725 1303 2762 4
1321 2737 1362 2775 p.
1378 2725 1493 2771 1338,
1509 2723 1547 2760 b.
1574 2723 1682 2760 Inter

272 2788 438 2838 populos
470 2790 596 2827 Ponto
626 2792 784 2828 Euxino
816 2792 962 2828 accolas
1003 2805 1090 2828 cum
1122 2797 1288 2840 utraque
1326 2790 1392 2827 illa
1418 2795 1534 2838 gente
1563 2789 1681 2827 modo
