1820 3158
184 273 245 314 Vl
682 272 1090 316 PRAEFATIO.

160 383 307 438 *paulo
338 393 427 438 post
456 386 585 424 acturi
624 397 795 434 sumus,
846 391 934 425 tum
970 393 1156 424 veterum
1187 382 1439 431 editionum,
1481 394 1586 436 quae

187 465 391 505 nunquam
422 453 521 492 satis
552 459 740 490 accurate
777 465 909 505 neque
939 453 981 491 in
1013 451 1078 492 his
1109 450 1226 491 libris
1257 463 1390 503 neque
1417 451 1462 489 in
1493 448 1589 488 reli-

186 520 276 572 quis
303 518 576 559 Aristotelicis
617 526 876 571 comparatae
905 527 1023 568 sunt,
1063 519 1267 558 rationem
1309 517 1507 557 haberem
1548 523 1590 556 et

186 587 318 625 critici
341 595 478 639 partes
500 598 686 639 agerem:
718 585 790 625 sed
812 598 944 639 neque
972 584 1134 639 physici
1161 584 1414 640 negligerem
1434 584 1591 624 omnia-

186 666 262 705 que
294 653 484 692 afferrem
523 651 622 702 illa,
670 666 774 706 quae
806 653 848 692 in
879 651 1105 702 librorum,
1147 653 1197 692 de
1228 651 1376 707 quibus
1414 653 1590 706 agimus,

186 720 475 774 explanatione
515 719 620 760 lucis
658 718 813 773 aliquid
853 719 1053 773 praebere
1093 728 1273 772 possent.
1332 718 1460 760 Cuius
1500 733 1592 760 cum

184 788 359 840 primam
390 795 545 841 partem
574 789 657 827 iam
688 785 972 841 divulgamus,
1011 788 1055 826 in
1085 801 1164 841 qua
1191 788 1347 841 priores
1377 788 1457 827 duo
1493 786 1594 827 libri

186 869 278 895 cum
317 857 622 896 commentariis
671 863 757 895 tum
796 855 957 908 graecis
1000 862 1085 895 tum
1125 856 1277 895 nostris
1318 855 1593 904 continentur,

184 921 304 976 plura
336 932 431 963 sunt
459 937 564 978 quae
595 922 800 962 monenda
830 921 950 961 nobis
980 922 1194 972 videntur,
1236 923 1470 976 idcircoque
1499 935 1596 976 age-

185 1004 277 1031 mus
306 998 391 1030 tum
421 991 470 1031 de
502 999 668 1031 auctore
694 989 813 1039 libri,
852 1003 972 1043 quem
1013 1003 1089 1030 nos
1129 991 1293 1044 quidem
1329 988 1598 1029 Aristotelem

185 1069 277 1097 esse
306 1072 535 1108 censemus,
564 1067 650 1098 tum
678 1058 728 1098 de
751 1057 903 1111 duplici
927 1058 1015 1097 eius
1041 1059 1296 1107 recensione,
1329 1071 1450 1111 quam
1470 1071 1598 1111 agno-

183 1125 294 1164 visse
329 1125 449 1166 nobis
485 1125 693 1166 videmur:
744 1125 892 1165 deinde
929 1125 979 1165 de
1009 1125 1221 1166 codicibus
1251 1139 1298 1165 ac
1328 1123 1596 1174 editionibus,

185 1205 359 1246 quorum
392 1209 471 1248 ope
500 1207 650 1248 graeca
679 1191 807 1232 verba
837 1193 974 1233 denuo
1005 1193 1254 1233 constituere
1275 1194 1411 1233 conati
1441 1207 1599 1242 sumus,

185 1261 362 1316 denique
392 1262 442 1302 de
471 1262 632 1316 graecis
669 1258 916 1315 latinisque,
973 1259 1184 1300 veteribus
1223 1274 1271 1300 ac
1298 1260 1599 1301 recentioribus

184 1329 491 1384 interpretibus.
550 1327 723 1368 Restant
752 1326 848 1378 alia,
878 1342 982 1382 quae
1005 1330 1049 1368 in
1073 1326 1203 1368 altero
1234 1326 1444 1369 volumine
1474 1342 1601 1383 expo-

186 1398 322 1438 nenda
350 1398 602 1446 censuimus,
639 1397 875 1436 dissertatio
904 1396 955 1436 de
985 1404 1128 1450 quarto
1157 1394 1281 1446 libro,
1312 1397 1443 1451 deque
1473 1409 1600 1446 nexu,

185 1465 254 1517 qui
283 1465 393 1504 inter
421 1463 548 1505 hosce
584 1463 716 1504 libros
747 1478 794 1503 ac
822 1462 982 1518 reliqua
1009 1463 1248 1505 Aristotelis
1285 1462 1460 1518 physica
1502 1464 1602 1504 scri-

184 1539 254 1585 pta
292 1532 533 1572 intercedat.

185 1665 226 1728 §.
253 1666 289 1712 I.
370 1666 587 1712 Utrum
621 1664 1126 1727 Meteorologica
1160 1665 1228 1711 ab
1259 1664 1604 1712 Aristotele

535 1744 786 1807 scripta
829 1745 984 1802 sint,
1034 1744 1258 1790 necne?

294 1852 407 1894 Nota
435 1861 513 1903 est,
544 1867 666 1908 quam
691 1852 898 1894 ‘Strabo
929 1854 963 1907 ¹)
994 1861 1035 1894 et
1064 1851 1391 1893 Plutarchus
1413 1850 1452 1905 2)
1483 1850 1606 1892 nobis

185 1922 392 1962 tradidere
430 1922 482 1962 de
519 1922 615 1962 fatis
655 1920 1018 1963 Aristotelicorum
1060 1920 1265 1962 librorum
1307 1921 1603 1969 narrationem,

186 1992 256 2045 qui
286 2005 379 2031 cum
411 2005 466 2030 ex
491 1989 853 2043 Theophrasti
884 1998 1131 2031 testamento
1148 1990 1184 2043 ³)
1215 1989 1267 2030 ad
1294 1987 1474 2029 Neleum
1503 1987 1606 2027 Sce-

184 2060 319 2112 psium
349 2059 650 2113 pervenissent,
679 2059 760 2098 situ
793 2067 834 2099 et
864 2058 1058 2113 squalore
1082 2059 1216 2098 vitiati
1246 2058 1396 2111 diuque
1418 2054 1606 2109 ‘neglecti

184 2128 228 2167 in
260 2128 372 2167 cavis
402 2134 542 2168 essent
571 2128 750 2177 servati,
797 2120 849 2167 ne
880 2141 904 2167 a
933 2126 1183 2166 Ptolemaeis
1217 2125 1398 2180 A„egypti
1435 2122 1606 2177 regibus

186 2195 471 2247 auferrentur,
527 2195 658 2235 donec
701 2196 870 2236 emisset
918 2209 991 2235 eos
1037 2193 1290 2248 Apellico
1340 2192 1511 2233 Teius
1539 2191 1604 2243 ⁴),

186 2265 304 2304 cuius
342 2278 397 2304 ex
424 2261 684 2304 bibliotheca
713 2278 738 2303 a
767 2262 884 2316 Sylla
920 2262 1101 2303 Athenis
1139 2260 1315 2302 Romam
1354 2268 1496 2301 essent
1537 2259 1607 2298 de-

184 2329 272 2371 lati.
331 2331 422 2380 Qua
453 2332 503 2371 de
532 2345 577 2371 re
609 2345 702 2371 cum
734 2330 875 2385 plures
905 2332 1201 2384 exposuissent
1227 2331 1308 2370 viri
1335 2329 1470 2378 docti,
1499 2328 1607 2367 inter

888 2433 904 2451 Φ

276 2508 304 2550 1)
337 2511 437 2543 XIII.
463 2522 497 2554 p.
522 2513 589 2545 906
614 2511 641 2545 C
666 2523 729 2555 sqq
790 2511 883 2546 Atm.
906 2512 973 2545 608
998 2511 1077 2546 Cas.
1101 2510 1169 2545 384
1193 2509 1288 2545 Sieb·

272 2575 308 2615 2)
342 2577 421 2618 Syll.
448 2587 477 2610 c.
502 2577 557 2610 26.
587 2589 619 2620 p.
645 2576 711 2612 468
735 2578 779 2612 A.
807 2579 969 2612 [francof.

276 2640 313 2682 3)
343 2642 535 2689 Diogen.
559 2644 705 2677 Lae'rt.
731 2645 775 2687 V,
803 2646 859 2678 52.

275 2707 314 2751 4)
349 2708 511 2743 Athen.
536 2711 578 2743 V.
608 2722 642 2753 p.
670 2709 736 2743 214
759 2711 797 2744 F..

0 3121 131 3158 ἿἿΗΙἿ
147 3137 167 3158 4
191 3142 204 3158 -ι
