1774 3198
265 337 358 382 492
480 347 921 388 COMMENTARIUS
949 348 1008 388 IN
1038 349 1439 390 METEOROLOG.

265 459 378 496 Tom.
395 459 444 498 ΙΙ.
473 470 515 508 Ρ.
537 460 601 495 82.
631 470 672 495 v.
693 457 794 496 Hos
799 458 821 495 f
843 459 867 496 l.
888 459 916 496 1.
948 459 1063 496 Tom.
1082 461 1110 498 I.
1139 472 1176 510 p.
1201 461 1278 499 123
1300 474 1386 511 sqq.
1416 467 1456 499 et
1474 474 1572 512 quae
1590 464 1664 515 ipsi

265 523 488 562 monuimus
508 523 720 561 Meteorol.
737 530 858 562 veter.
879 525 1028 563 Graec.
1049 532 1089 563 et
1109 526 1285 564 Roman.
1316 529 1390 576 XI,
1413 529 1478 566 56.
1507 535 1588 568 not.
1612 533 1664 569 96

263 603 303 641 p.
326 590 406 628 247
435 602 520 639 sqq.
551 612 599 617 —
622 585 697 636 Ἴτὰ
729 586 934 643 κοιλότερα
963 592 1071 630 Cam.
1111 614 1160 620 -—-
1210 589 1320 644 παρὰ
1348 591 1394 632 τὸ
1424 589 1526 632 κατὰ
1544 590 1665 646 λόγον

263 659 309 695 Ε.
333 658 381 694 F.
403 676 452 681 -—
483 653 591 693 κάτω
609 668 684 705 pro
703 651 887 694 κάτωθεν
909 659 957 696 F.
976 659 1029 696 H.
1053 658 1105 696 N.
1125 678 1180 685 ——
1207 656 1412 710 γινομένης
1430 659 1485 698 Ν.
1505 680 1558 687 —
1587 658 1667 711 ε’γέ-

263 735 350 760 νετο
371 735 446 773 pro
462 719 638 772 ἐγένοντο
660 722 707 759 Ε.
733 742 783 749 -
811 721 946 772 λίμναι
968 724 1144 762 correxit
1162 725 1210 762 Ε.
1229 746 1283 753 -
1311 722 1516 777 γινομένου
1537 724 1591 764 N.
1615 747 1665 753 --

263 784 508 840 ἀπολειφθέν
529 790 577 825 F.
595 788 646 826 H.
667 786 722 825 N.

373 858 438 893 29.
470 851 748 893 ἐπιδέδωκε
778 868 894 894 sensu
918 857 1178 896 intransitiva
1217 858 1289 895 cfr.
1321 856 1666 911 Theophrast.

263 922 422 959 Histor.
442 918 578 970 plant.
604 923 680 968 ΠΙ,
705 925 750 959 11
766 950 776 969 ,
800 926 863 959 13.
893 935 930 973 p.
956 923 1058 960 464:
1090 919 1171 977 ὅσῳ
1200 921 1320 962 πλέον
1348 918 1368 962 ὃ
1391 920 1502 974 ἥλιος
1529 921 1666 977 ἐξάγει,

262 982 443 1040 τοσούτῳ
479 987 632 1036 μᾶλλον
672 985 899 1026 ἐπιδίδωσιν
932 983 976 1039 [ἦ
1002 985 1198 1040 ἄμπελος]
1229 988 1294 1028 καὶ
1323 989 1378 1036 εἷς
1403 988 1573 1042 μέγεθος
1603 991 1667 1030 καὶ

263 1052 318 1099 εἷς
346 1049 573 1105 εὐκαρπίαν.
612 1054 714 1092 Ὀΐικ
734 1057 792 1103 Π,
814 1058 859 1102 2,
878 1059 944 1094 20.
981 1077 1025 1083 -—
1057 1053 1252 1109 προχώσει
1271 1056 1325 1095 Ν.
1347 1077 1399 1083 ·—
1433 1054 1584 1096 ἐλάττω
1611 1059 1668 1111 τῷ

261 1117 439 1171 μεγέθει,
467 1119 603 1157 addito
623 1120 790 1157 articulo
818 1123 864 1158 F.
884 1122 936 1159 A.
954 1123 1023 1159 Er.
1045 1123 1153 1161 cam.
1180 1124 1221 1161 P.
1248 1124 1288 1161 S.
1316 1122 1404 1161 Cas.
1430 1146 1485 1153 —-
1522 1123 1674 1163 εἰσπλεῖ

260 1186 483 1236 recepimus
506 1198 557 1222 ex
573 1187 621 1224 E.
639 1185 690 1224 A.
712 1185 782 1223 Er.
806 1187 915 1224 Cam.
932 1176 1092 1239 ffiCas,
1112 1211 1162 1217 —
1194 1189 1366 1239 Reliqui,
1388 1190 1528 1240 quibus
1548 1191 1670 1247 adegi-

260 1252 416 1303 pulatus
437 1258 495 1289 est
514 1252 640 1293 Bekk.
669 1250 849 1290 εἶσπλεΐν.
877 1274 933 1282 —·
960 1249 984 1304 ἢ
1014 1250 1090 1306 πρὸ
1119 1250 1231 1300 ἔτους
1259 1250 1472 1305 ἑξηκοστοῦ
1493 1259 1539 1296 F.
1571 1270 1669 1307 quae

262 1324 320 1355 est
343 1318 565 1368 explicatiO.
597 1318 670 1356 cfr.
698 1320 924 1356 zonarae
951 1320 1049 1357 Lex.
1068 1334 1098 1358 s.
1116 1333 1157 1359 v.
1177 1319 1314 1373 τρίτην
1330 1316 1494 1373 ἡμέραν.
1524 1322 1667 1371 Aliter,

261 1384 312 1422 de
329 1390 509 1434 tempore
529 1385 634 1422 enim
657 1385 806 1432 futuro,
833 1376 1130 1423 He'rodotus
1160 1388 1229 1433 VI,
1252 1390 1350 1424 126:
1381 1387 1437 1434 εἷς
1452 1384 1668 1439 ἑξηκοστὴν

262 1445 425 1503 ἡμέραν.
446 1470 512 1498 -,
536 1446 560 1500 ’ἢ
581 1447 714 1505 ἕτερον
744 1446 957 1501 ἑξηκοστόν
988 1458 1046 1489 est
1073 1452 1115 1490 in
1142 1452 1230 1490 cod.
1261 1452 1317 1490 N.

373 1521 437 1555 30.
467 1514 544 1554 Pro
563 1515 635 1567 μέν
652 1505 777 1569 Ε.γ-ρ
799 1513 912 1568 ἄλλη.
972 1518 1324 1557 Schneiderus
1364 1520 1507 1570 Eclog.
1546 1519 1667 1569 phys.

262 1585 380 1635 Tom.
401 1586 450 1624 H.
467 1597 509 1635 p.
524 1586 600 1622 105
631 1583 807 1621 correxit
825 1578 845 1622 ὃ
866 1581 1080 1637 Βόσπορος
1103 1583 1178 1635 μὲν
1204 1582 1267 1638 ῥεῖ
1291 1582 1357 1623 διὰ
1383 1582 1430 1624 τὸ
1461 1582 1519 1624 ἀεὶ
1548 1598 1668 1637 προς-

258 1652 456 1701 χοῦσθαι,
497 1663 619 1701 eaque
648 1651 771 1688 verba
795 1643 837 1688 in
858 1650 964 1689 hunc
991 1652 1277 1703 interpretatur
1306 1652 1486 1690 modum:
1515 1653 1576 1689 Er·
1597 1649 1671 1688 hat

260 1714 400 1756 seinen
414 1717 669 1767 fliessenden
689 1715 820 1771 Laus
839 1717 992 1765 daher,
1029 1719 1122 1755 weil
1144 1719 1286 1756 immer
1310 1718 1420 1756 nach
1447 1719 1532 1755 und
1559 1716 1670 1754 παι-11,

261 1786 339 1822 das
365 1787 506 1822 weiter
528 1784 682 1821 Izinaus
700 1783 890 1821 stehende
912 1784 979 1822 W
975 1797 1090 1821 asser
1120 1785 1250 1822 durch.
1274 1784 1339 1821 die
1359 1784 1504 1821 Fliisse
1533 1786 1575 1820 in
1604 1786 1671 1820 ein

260 1852 381 1888 Bette
410 1850 495 1887 und
520 1848 729 1886 innerlzalb
754 1850 822 1886 des
843 1851 911 1888 W
906 1864 1036 1887 asset-s
1055 1852 1325 1901 eingedd'mmt
1345 1851 1462 1887 usird.
1511 1851 1670 1888 ‘Omnes

260 1917 396 1967 scripti
413 1922 450 1953 et
468 1915 564 1952 editi
589 1912 648 1952 ἀεὶ
673 1913 748 1964 μὲν
781 1911 845 1966 ῥεῖ
868 1912 935 1959 ’διά
961 1913 1007 1953 τὸ
1037 1917 1340 1967 προσχοῢσθαι,
1370 1916 1485 1952 sicuti
1502 1929 1573 1952 nos
1597 1928 1669 1952 ex-

259 1983 458 2020 hibuimus
483 1981 674 2032 probante
703 1982 820 2019 etiam
848 1981 1145 2019 Alexandro
1173 1983 1241 2020 fol.
1263 1985 1328 2026 90,
1346 1981 1391 2019 b.
1419 1980 1483 2019 καὶ
1502 1978 1570 2019 τὸν
1585 1978 1669 2019 Βό-

262 2062 413 2101 σπορον
442 2046 486 2086 δὲ
519 2046 577 2087 αει
606 2045 680 2098 μὲν
716 2044 796 2101 ῥεῖν
834 2059 968 2099 φησιν.
1016 2044 1096 2086 ἔστι
1125 2045 1167 2086 δὲ
1196 2042 1216 2085 ὃ
1246 2044 1461 2125 Βόσπορος
1487 2061 1565 2085 vno
1595 2061 1668 2097 την

260 2113 429 2157 Πόντον
500 2155 510 2164 .
530 2159 531 2162 Ἰ
561 2152 570 2164 Ι
592 2124 595 2125 ’
620 2129 645 2152 α
666 2128 795 2165 στενη,
827 2129 853 2166 η
873 2110 1111 2166 διείργεταιζ
1091 2129 1115 2164 η
1134 2110 1307 2164 Εὐρώπη
1332 2109 1410 2151 ἀπο
1430 2114 1502 2164 τῆς
1523 2110 1669 2159 Ἀσίας.

259 2178 411 2232 ταύτην
439 2152 499 2232 δὴ,
519 2167 592 2231 τὴν
621 2177 837 2219 θάλασσάν
864 2193 986 2232 φησιν
1016 2177 1074 2218 ἀεὶ
1101 2178 1174 2231 μὲν
1204 2177 1284 2233 ρεῒν
1315 2177 1379 2218 διὰ
1404 2176 1450 2218 τὸ
1469 2181 1670 2231 προσχοῢ-

260 2246 380 2301 σ3*ᾢῇ;4>
383 2245 517 2304 λέγοι
547 2244 586 2285 δ’
617 2244 665 2286 ἂν
694 2245 740 2286 τὸ
771 2244 847 2285 ἀει
887 2243 994 2300 ρεΐν
1023 2244 1111 2285 ἀντὶ
1138 2248 1211 2285 τοῦ
1240 2244 1578 2285 εστενῶσθαι.
1617 2243 1670 2284 τὰ

259 2310 347 2369 γαρ
343 2302 481 2383 Ασὲενα
509 2315 589 2352 τῶν
616 2314 816 2365 πελαγῶν,
861 2309 956 2352 ὅταν
987 2309 1234 2365 εκατέρωθεν
1263 2310 1331 2366 ἔχῃ
1359 2311 1547 2358 πλατείας
1587 2313 1670 2350 θα-

259 2377 431 2426 λάσᾶας,
466 2378 708 2433 μεταρροίας
728 2377 935 2430 λαμβάνει.
982 2376 1100 2418 τοῦτό
1131 2394 1252 2432 φησιν
1281 2375 1376 2418 εἶναι
1405 2378 1492 2431 περὶ
1520 2375 1667 2428 ταύτην

258 2444 333 2498 την
360 2444 576 2486 θάλασσαν
607 2444 672 2484 διὰ
693 2444 738 2484 τὸ
769 2443 826 2485 ἀεὶ
853 2445 928 2496 μὲν
955 2447 1249 2499 προσχοῦσθαι.
1306 2448 1372 2484 Ex
1388 2443 1668 2496 posterioribus

259 2515 392 2552 verbis
417 2515 572 2564 colligas
592 2515 757 2552 fortasse
777 2514 1028 2551 scribendum
1051 2527 1134 2551 esse
1162 2511 1222 2551 ἀεὶ
1249 2510 1323 2562 μὲν
1352 2508 1415 2564 ῥεῖ’
1439 2505 1504 2547 δια
1530 2505 1575 2546 τὸ
1608 2505 1668 2546 ἀεὶ

260 2594 438 2632 προσχοι·
420 2582 554 2618 σθαι.
615 2581 694 2617 Sed
713 2582 829 2618 etiam
852 2582 944 2630 Bag.
965 2593 1119 2628 semper
1137 2578 1424 2634 quidemfluit‚
1445 2581 1668 2624 propterea

260 2647 371 2697 quod
391 2647 525 2697 wlago
510 2653 686 2684 weratur.
741 2647 997 2698 προχοῦσθαι
1029 2647 1076 2684 Ε.
1098 2647 1150 2684 N.
1176 2666 1230 2674 -
1273 2642 1337 2682 καὶ
1363 2646 1452 2679 ante
1480 2643 1563 2685 τοΐς
1592 2654 1668 2690 θμ-

260 2726 383 2761 μασιν
403 2714 547 2751 omittit
564 2714 609 2750 E.
625 2734 680 2740 —
709 2710 936 2763 συνέβαινεν
954 2713 1003 2750 Ε.
1014 2712 1064 2749 Α.
1077 2714 1145 2752 Er.
1164 2731 1218 2739 -—
1240 2706 1386 2760 ἐγένετο
1405 2720 1479 2758 pro
1499 2720 1665 2758 εγιγνετο

262 2778 304 2815 F.
329 2776 379 2816 H.
400 2777 454 2816 N.
482 2799 528 2805 -
560 2775 674 2827 ἠϊόνα
694 2781 761 2817 Er.
788 2780 895 2817 Cam.
916 2780 958 2816 S.
976 2779 1020 2816 P.
1048 2778 1131 2815 Cas.
1155 2798 1203 2804 ——
1234 2770 1379 2825 σμικρά
1398 2774 1448 2812 Α.
1470 2775 1536 2811 Er.
1558 2773 1664 2812 Cam.
