1820 3158
306 346 368 388 40
414 352 800 396 —-p.347,b.Be1<k.—
853 354 1001 393 LIB.1.
1031 354 1255 393 CARXII.
1308 353 1672 397 -p.333,11.cas.-

301 461 493 516 μότητος,
524 464 558 504 εἲ
574 463 629 516 μὴ
655 459 854 515 ἐπεκράτει
881 460 926 502 τὸ
956 465 1099 513 ψῦχος.
1138 461 1178 501 ἓν
1205 461 1279 515 γὰρ
1309 465 1366 517 τῷ
1394 461 1499 517 νέφει
1524 463 1585 505 ’ἔτι
1616 464 1696 505 ἕνε-

303 542 366 569 στι
401 528 502 570 πολὺ
533 528 579 569 τὸ
608 526 763 582 θερμὸν
791 525 837 567 τὸ
866 523 1084 568 ὖπόλοιπον
1122 531 1194 567 τοῦ
1230 527 1512 579 ἓξατμίσαντος
1549 529 1592 569 ἐκ
1626 534 1697 582 τῆς

250 595 275 633 4
303 599 374 647 γῆς
399 594 444 635 τὸ
474 592 593 647 ὑγρὸν
619 591 759 644 πυρός.
815 594 852 632 4.
890 591 1061 643 Χάλαζα
1101 592 1140 633 δ’
1175 593 1256 633 ἐκεῖ
1284 593 1356 645 μὲν
1383 594 1549 648 γίνεται,
1589 596 1629 636 ἓν
1655 596 1697 636 δὲ

248 1325 273 1359 10

305 664 361 714 τῷ
396 660 562 712 πλησίον
589 662 662 711 τῆς
697 661 768 712 γῆς
796 656 995 710 άτμίζοντι
1022 657 1136 700 τοῦτ’
1170 659 1355 699 ἐλλείπει·
1402 658 1586 714 καθάπερ
1622 661 1698 715 γὰρ

303 725 474 776 εἴπομεν,
505 721 558 772 ὥς
582 724 657 776 μὲν
685 724 768 764 ἐκεῖ
786 724 898 776 χιών,
928 725 1107 766 ἐνταῦθα
1133 725 1278 778 γίνεται
1306 724 1447 778 πάχνη,
1478 723 1532 774 ὡς
1560 726 1600 766 δ’
1624 727 1705 767 ἐκεῖ

302 788 437 840 ὑετός,
468 790 646 831 ἐνταῦθα
674 788 842 844 δρόσος·
883 788 936 838 ὡς
965 790 1006 830 δ’
1033 790 1115 830 ἐκεῖ
1133 788 1300 841 χάλαζα,
1331 791 1509 832 ἐνταῦθα
1536 791 1607 832 οὐκ
1632 791 1700 833 ἀν-

302 857 545 897 ταποδιδωσι
581 854 627 897 τὸ
667 854 819 908 ὅμοιον.
874 855 920 897 τὸ
961 855 1001 897 δ’
1037 855 1164 897 αἴτιον
1200 857 1352 896 εἰποῦσι
1396 857 1483 912 περὶ
1525 857 1702 910 χαλάζης

302 921 411 963 ἔσται
439 924 574 975 δῆλον.

409 992 509 1030 XII.
557 989 638 1030 Δεῖ
661 988 704 1028 δὲ
733 990 867 1039 λαβεῖν
901 987 986 1040 ἅμα
1022 989 1086 1028 καὶ
1123 987 1174 1029 τὰ
1209 989 1479 1040 συμβαίνοντα
1514 991 1600 1044 περὶ
1629 990 1700 1043 τὴν

300 1053 446 1107 γένεσιν
474 1053 614 1107 αὐτῆς,
641 1053 693 1095 τά
712 1069 753 1094 τε
777 1052 832 1106 μὴ
860 1056 1072 1094 πλανῶντα
1099 1055 1164 1094 καὶ
1194 1053 1246 1094 τὰ
1276 1055 1457 1095 δοκοῦντ’
1491 1053 1587 1096 εἶναι
1623 1073 1715 1096 πα-,

305 1119 468 1174 ράλογα.
514 1119 595 1161 ἔστι
622 1120 696 1173 μὲν
722 1119 797 1173 γὰρ
827 1117 850 1171 ἡ
875 1119 1031 1171 χάλαζα
1059 1118 1324 1174 κρύσταλλος,
1363 1119 1554 1174 πήγνυται
1583 1123 1627 1162 δὲ
1654 1120 1698 1163 τὸ

301 1184 411 1241 ὕδωρ
439 1190 511 1227 τοῦ
526 1190 742 1240 χειμῶνος·
775 1185 815 1225 αἱ
838 1185 881 1225 δὲ
905 1184 1074 1237 χάλαζαι
1103 1187 1274 1239 γίνονται
1304 1184 1422 1239 ἔαρος
1446 1187 1520 1238 μὲν
1549 1189 1612 1228 καὶ
1633 1205 1700 1240 με·

303 1251 488 1307 τοπώρου
509 1251 697 1305 μάλιστα,
727 1249 812 1292 εἶτα
839 1251 904 1292 καὶ
923 1254 995 1303 τῆς
1021 1250 1202 1306 ὀπώρας,
1226 1255 1420 1303 χειμῶνος
1449 1251 1490 1292 δ’
1515 1252 1699 1307 ὀλιγάκις,

302 1319 366 1358 καὶ
395 1316 492 1360 ὅταν
520 1313 640 1372 ἧττον
666 1312 692 1373 ᾗ
721 1322 865 1370 ψῦχος.
933 1324 972 1358 2.
1011 1319 1094 1359 Καὶ
1123 1316 1226 1366 ὅλως
1255 1318 1298 1358 δὲ
1326 1319 1498 1371 γίνονται
1531 1319 1700 1370 χάλαζαι

302 1385 376 1436 μὲν
403 1384 445 1425 ἓν
472 1391 557 1432 τοῖς
585 1383 876 1438 εὖδιεινοτέροις
902 1382 1052 1435 τόποις,
1082 1384 1122 1424 αἱ
1144 1384 1187 1424 δὲ
1210 1383 1340 1436 χιόνες
1368 1384 1408 1424 ἐν
1435 1390 1519 1432 τοῖς
1544 1396 1701 1439 ψυχρο-

302 1450 452 1504 τέροις·
493 1450 642 1492 ἄτοπον
672 1450 715 1491 δὲ
743 1451 808 1491 καὶ
835 1449 880 1490 τὸ
910 1448 1137 1504 πήγνυσθαι
1167 1448 1275 1504 ὕδωρ
1306 1451 1347 1490 ἐν
1372 1454 1430 1506 τῷ
1458 1450 1539 1492 ἄνω
1567 1451 1699 1508 τόπῳ·

303 1514 391 1556 οὔτε
418 1516 493 1572 γὰρ
523 1519 693 1571 παγῆναι
722 1515 893 1557 δυνατὸν
921 1516 1013 1570 πρὶν
1039 1516 1223 1570 γενέσθαι
1251 1515 1384 1572 ὕδωρ,
1415 1515 1502 1557 οὔτε
1522 1516 1567 1557 τὸ
1591 1515 1701 1571 ὕδωρ

303 1652 504 1699 evicisset,
533 1665 583 1690 ne
601 1665 689 1690 cum
716 1653 859 1690 multus
888 1651 1047 1701 quidem
1071 1652 1249 1690 infuisset
1278 1652 1404 1690 adhuc
1433 1652 1559 1700 calor,
1598 1653 1702 1690 soret

301 1719 572 1768 conglaciatus.
627 1719 672 1756 In
699 1719 804 1756 nube
842 1719 946 1755 enim
974 1718 1141 1755 multum
1169 1724 1349 1769 superest
1374 1718 1534 1766 caloris,
1575 1718 1642 1767 qui
1680 1732 1702 1755 e

300 1791 406 1821 terra
433 1784 639 1822 humidum
661 1797 853 1835 vaporem
873 1777 1136 1834 protraxorat.
1189 1786 1226 1822 4.
1257 1784 1420 1822 Grando
1441 1784 1520 1820 illic
1544 1784 1699 1833 quidem

299 1851 554 1899 progenitur:
587 1856 627 1887 at
646 1850 778 1887 deficit
802 1850 844 1887 in
860 1850 1022 1899 regione
1041 1856 1171 1887 terrae
1194 1849 1414 1900 superficiei
1433 1849 1561 1886 vicina
1577 1862 1702 1899 vapo-

299 1915 407 1952 ribus
435 1917 599 1966 repleta.
657 1915 780 1952 Sicuti
810 1915 913 1952 enim
939 1914 1129 1963 diximus,
1156 1916 1215 1952 uti
1231 1916 1314 1970 illic
1337 1915 1429 1960 nix,
1456 1914 1519 1950 hic
1540 1916 1700 1964 pruina:

300 1981 356 2018 uti
376 1981 456 2018 illic
476 1982 630 2031 pluvia,
659 1980 723 2018 hic
743 1994 826 2019 ros:
856 1986 901 2017 ut
919 1994 1017 2018 vero
1044 1981 1126 2017 illic
1152 1981 1321 2031 grandO,
1359 1979 1421 2016 hic
1448 1979 1547 2016 nihil
1575 1981 1701 2018 simile

298 2047 511 2097 reperitur.
567 2047 688 2086 Cuius
717 2047 777 2085 rei
809 2060 919 2084 causa
947 2046 1064 2085 nobis
1098 2047 1245 2097 patebit
1277 2046 1326 2083 de
1356 2045 1544 2096 grandine
1580 2047 1703 2084 disse-

300 2113 490 2152 rentibus.

410 2181 507 2218 Cn».
525 2180 625 2219 XII.
684 2181 791 2218 Inter
812 2192 856 2217 ea
878 2191 976 2230 quae
997 2178 1100 2216 circa
1119 2178 1201 2215 eius
1227 2183 1357 2215 ortum
1383 2178 1571 2215 eveniunt
1600 2185 1638 2215 et
1659 2194 1701 2218 ea

298 2246 486 2284 sumenda
509 2253 620 2295 sunt,
647 2260 745 2297 quae
767 2251 880 2284 extra
904 2257 1062 2282 omnem
1092 2244 1375 2282 dubitationem
1403 2244 1530 2294 posita
1555 2251 1646 2282 sunt
1665 2253 1703 2284 et

301 2325 399 2362 quae
417 2318 576 2363 praeter
595 2314 788 2352 rationem
811 2325 895 2350 esse
914 2311 1113 2350 videntur.
1169 2311 1239 2348 Est
1261 2310 1365 2347 enirn
1387 2310 1535 2360 grando
1553 2311 1701 2359 glacies.

300 2379 423 2429 Atqui
450 2380 675 2429 congelatur
702 2392 800 2429 aqua
821 2377 990 2416 brumali
1008 2382 1207 2427 tempore5
1237 2377 1443 2426 grandines
1469 2382 1602 2412 contra
1631 2377 1702 2413 de-

300 2444 435 2482 cidunt
474 2459 572 2483 vere
601 2445 833 2495 praesertim
875 2450 915 2482 et
951 2449 1162 2488 autumno,
1216 2443 1357 2480 deinde
1396 2442 1512 2479 etiam
1547 2442 1589 2478 in
1622 2441 1701 2478 fine

299 2510 472 2558 aestatis,
500 2510 644 2560 hyeme
672 2517 803 2548 autem
833 2523 924 2548 raro
955 2522 1027 2546 nec
1054 2509 1131 2546 nisi
1165 2522 1254 2546 cum
1292 2507 1455 2544 debilius
1484 2507 1532 2543 sit
1562 2506 1698 2556 ffigus.

300 2581 338 2613 2.
369 2577 542 2613 Omnino
574 2576 716 2613 deinde
746 2577 954 2626 grandines
986 2575 1089 2613 fiunt
1120 2576 1161 2613 in
1190 2573 1437 2612 calidioribus
1465 2571 1700 2621 regionibus,

300 2642 411 2678 nives
438 2651 566 2678 autem
596 2642 637 2678 in
664 2642 945 2692 frigidioribus.
1012 2643 1197 2692 Ineptum
1225 2651 1322 2676 vero
1341 2643 1417 2684 est,
1448 2650 1583 2687 aquam
1605 2651 1702 2675 con·

300 2707 455 2756 glaciari
485 2708 523 2744 in
553 2708 707 2744 sublimi
737 2709 844 2755 loco,
883 2721 972 2746 cum
999 2719 1128 2757 neque
1160 2706 1286 2755 queat'
1299 2703 1532 2746 consistere,
1571 2703 1701 2753 prius-

300 2785 415 2824 quam
435 2773 474 2811 in
493 2786 630 2824 aquam
651 2774 700 2810 sit
717 2773 892 2822 redacta,
920 2786 1046 2824 neque
1066 2783 1163 2821 aqua
1182 2770 1308 2807 ullum
1327 2768 1514 2819 temporis
1535 2768 1698 2819 spatium
