1820 3158
92 343 499 391 —p.361,b.Bekk.-
581 343 757 385 LIB.11.
797 333 981 382 CARV.
1058 337 1415 383 —p.345,F.Cas.-
1462 331 1524 376 95

91 458 155 502 διὸ
178 459 267 513 περὶ
287 457 488 513 Ὠρίωνος
514 453 718 509 ἀνατολὴν
744 452 924 508 μάλιστα
952 453 1100 508 γίνεται
1127 451 1294 505 νηνεμία
1316 451 1383 493 καὶ
1408 451 1528 508 μέχρι

90 531 172 569 τῶν
205 526 376 580 ἐτησίων
406 525 472 566 καὶ
500 521 763 580 προδρόμων.
823 528 863 564 3.
896 519 1033 568 “Όλως
1065 519 1110 561 δὲ
1136 519 1312 574 γίνονται
1343 518 1385 561 αἱ
1413 536 1529 591 νηνεῑ
1557 525 1582 561 3

89 596 179 648 μίαι
220 593 289 635 διὰ
329 591 397 635 δύ’
441 592 594 640 αἰτίας·
655 589 679 645 ἢ
709 589 786 646 γὰρ
818 589 886 631 διὰ
914 592 1049 642 ψῦχος
1079 587 1430 642 ἇποσβεννυμένης
1455 591 1530 642 τῆς

92 659 430 715 ἀναθυμιάσεως,
470 656 557 702 οἷον
587 657 688 701 ὅταν
716 658 876 714 γένηται
905 655 1033 711 πάγος
1062 654 1248 712 ἰσχυρός,
1287 654 1314 710 ἢ
1343 672 1530 709 καταμαρ-

43 763 45 765 -
91 729 331 786 ραινομένης
365 725 444 769 ὕπὸ
482 731 556 769 τοῦ
586 728 764 782 πνίγους.
814 725 856 767 αἶ
885 725 930 766 δὲ
958 728 1141 766 πλεῖσται
1170 725 1236 766 καὶ
1266 724 1308 766 ἓν
1334 730 1425 773 ταῖς
1453 723 1531 766 ἀνὰ

90 798 216 852 μέσον
245 796 388 853 ὥραις,
429 793 453 850 ἢ
484 798 543 852 τῷ
571 794 695 849 μήπω
725 793 1066 856 ἀναθυμιᾶσθαι,
1101 791 1126 847 ἢ
1155 796 1214 850 τῷ
1241 791 1319 847 ’ἤδη
1347 793 1534 847 ἐξεληλυ-

90 866 211 908 θέναι
238 864 312 919 τὴν
342 863 622 914 ἀναθυμίασιν
649 863 716 904 καὶ
742 860 868 916 ἄλλην
886 859 1010 915 μήπω
1034 861 1222 917 ἐπιρρεῖν.
1281 862 1322 901 4.
1341 859 1530 921 ’Άκριτος
1562 862 1588 900 4

91 934 138 976 δὲ
166 934 231 975 καὶ
258 930 436 986 χαλεπὸς
464 928 485 972 ὃ
512 930 662 986 Ὠρίων
683 927 783 972 εἶναι
802 931 924 981 δοκεῖ’,
954 930 1020 971 καὶ
1044 928 1176 970 ὃύνων
1205 928 1272 970 καὶ
1302 928 1531 979 ε’πιτὲλλων,

92 1001 160 1043 διὰ
190 1001 238 1043 τὸ
270 1001 312 1041 ἒν
340 1001 548 1054 μεταβολῇ
580 996 690 1053 ὥρας
718 998 953 1051 συμβαίνειν
981 996 1056 1050 τὴν
1089 996 1205 1038 δύσιν
1234 996 1300 1038 καὶ
1329 995 1403 1050 τὴν
1433 995 1534 1038 ἅνα-

91 1067 240 1122 τολήν,
280 1067 433 1121 θέρους
459 1064 485 1120 ἢ
509 1070 730 1119 χειμῶνος,
777 1065 844 1106 καὶ
875 1063 944 1105 διὰ
969 1063 1017 1106 τὸ
1055 1063 1231 1119 μέγεθος
1266 1067 1339 1106 τοῦ
1378 1062 1533 1120 ἄστρου

91 1132 253 1191 ἡμερῶν
282 1135 434 1190 γίνεταί
458 1150 496 1176 τι
523 1137 710 1187 πλῆθος·
754 1132 796 1173 αἶ
825 1132 872 1174 δὲ
899 1133 1125 1185 μεταβολαὶ
1155 1130 1319 1174 πάντων
1345 1130 1536 1189 ταραχώ-

93 1205 175 1253 δεις
204 1202 272 1245 διὰ
299 1202 373 1257 τὴν
403 1201 614 1257 ἀοριστίαν
642 1201 754 1243 εἰσίν.
823 1206 863 1242 5.
897 1199 947 1241 Oi
977 1199 1018 1241 δ’
1049 1199 1206 1254 ἐτησίαι
1235 1199 1401 1242 πνέουσι
1431 1199 1536 1254 μετὰ
1566 1204 1589 1242 5

91 1271 247 1326 τροπὰς
275 1270 342 1313 καὶ
371 1268 492 1317 κυνὸς
522 1268 711 1324 ἐπιτολήν
721 1301 732 1321 ,
762 1269 829 1310 καὶ
857 1268 949 1310 οὔτε
978 1272 1199 1323 τηνικαῦτα
1230 1266 1298 1311 ὅτε
1326 1267 1536 1323 πλησιάζει

91 1338 269 1391 μάλιστα
299 1335 320 1380 ὅ
350 1336 485 1391 ἥλιος,
524 1336 614 1379 οὔτε
647 1336 714 1380 ὅτε
742 1336 909 1393 πόρρω·
960 1337 1027 1378 καὶ
1055 1336 1131 1386 τὰς
1157 1337 1233 1389 μὲν
1261 1333 1415 1392 ἡμέρας
1443 1336 1538 1379 πνέ-

92 1420 203 1458 ουσι,
238 1406 312 1455 τὰς
342 1405 387 1447 δὲ
414 1403 562 1454 νύκτας
590 1403 804 1447 παύονται.
854 1404 984 1446 αἴτιον
1014 1403 1056 1446 δ’
1082 1403 1145 1446 ὅτι
1173 1405 1348 1459 πλησίον
1374 1405 1451 1459 μὲν
1481 1404 1537 1448 ὢν

93 1473 245 1529 φθάνει
282 1474 482 1530 ξηραίνων
523 1474 618 1530 πρὶν
653 1472 844 1529 γενέσθαι
873 1472 949 1528 τὴν
979 1472 1272 1525 ἀναθυμίασιν.
1348 1479 1386 1513 6.
1408 1472 1537 1515 ‘'Ozav
1568 1478 1592 1513 6

93 1540 137 1582 δ’
162 1540 323 1597 ἀπέλθῃ
342 1541 502 1596 μικρόν,
534 1541 766 1597 σύμμετρος
794 1539 874 1595 ἤδη
904 1542 1053 1595 γίνεται
1086 1537 1124 1594 [ἡ
1147 1539 1426 1593 ἀναθυμίασις
1454 1541 1535 1593 καὶ]

93 1606 372 1664 ἧθερμότης,
403 1607 505 1651 ὥστε
534 1610 586 1652 τὰ
617 1607 825 1663 πεπηγότα
853 1606 987 1650 ὕδατα
1015 1607 1239 1662 τήκεσθαι,
1270 1609 1336 1649 καὶ
1366 1612 1440 1662 τῆς
1466 1611 1540 1663 γῆς

93 1758 205 1796 illam
228 1771 330 1796 vero
350 1759 625 1798 exsiccationis
645 1760 850 1799 celeritate
867 1759 974 1811 gigni
993 1757 1226 1810 prohibens.
1273 1759 1475 1810 Quocirca
1495 1759 1539 1798 in

100 1825 265 1864 Orionis
287 1831 401 1874 ortu,
433 1840 558 1878 usque
577 1827 629 1865 ad
651 1829 802 1867 Etesias
821 1835 862 1866 et
885 1826 1132 1866 Prodromos
1152 1828 1416 1878 tranquillitas
1436 1826 1541 1866 aeris

96 1893 271 1932 maxime
297 1894 438 1933 oritur.
512 1899 550 1935 3.
589 1892 770 1935 Omnino
798 1901 933 1933 autem
963 1894 1129 1933 malacia
1159 1894 1312 1933 duabus
1340 1895 1391 1933 de
1415 1897 1540 1934 causis

98 1960 163 1999 fit:
201 1967 270 1999 aut
298 1962 406 1999 enim
438 1974 536 2014 prae
562 1963 737 2014 frigore,
765 1963 873 2016 quod
892 1962 1187 2001 exhalationem
1218 1963 1465 2015 exstinguat,
1497 1970 1542 2002 ut

97 2043 188 2068 cum
221 2030 312 2082 gelu
345 2028 567 2069 vehemens
598 2031 671 2075 sit,
710 2038 780 2081 aut
809 2045 901 2070 cum
931 2032 980 2069 ab
1012 2037 1125 2069 aestu
1154 2032 1426 2070 consumitur:
1456 2033 1543 2071 fre-

95 2103 266 2149 quenter
288 2111 392 2136 vero
414 2104 454 2136 et
473 2099 616 2137 mediis
636 2099 899 2151 temporibus,
927 2106 996 2137 aut
1015 2100 1108 2150 quia
1132 2100 1312 2138 nondum
1341 2099 1541 2138 exhalatio

97 2164 255 2203 reddita
285 2171 368 2213 est,
403 2171 474 2203 aut
500 2165 610 2216 quod
640 2167 720 2204 iam
751 2167 936 2215 evanuit,
976 2167 1239 2219 nondumque
1265 2168 1340 2206 alia
1366 2167 1541 2205 affluxit.

99 2231 136 2268 4.
164 2232 297 2270 orion
320 2239 455 2271 autem
485 2239 636 2271 etcum
658 2234 807 2272 occidit
835 2241 876 2272 et
896 2248 988 2273 cum
1009 2236 1163 2282 oritur,
1192 2236 1369 2274 incertus
1395 2234 1545 2273 diffici-

100 2298 227 2348 lisque
254 2305 338 2348 est,
367 2300 475 2351 quod
501 2301 544 2338 in
571 2303 763 2352 temporis
792 2302 951 2340 aestatis
984 2301 1183 2341 hiemisve
1206 2304 1430 2342 variatione
1459 2303 1544 2340 eius

101 2379 262 2403 occasus
292 2372 485 2418 ortusque
517 2368 699 2407 accidant
725 2370 848 2421 idque
874 2377 1047 2422 propter
1064 2370 1206 2408 sideris
1227 2370 1545 2421 magnitudinem

101 2433 241 2471 diebus
263 2433 400 2472 multis
426 2433 633 2485 perdurat.
690 2436 884 2475 Omnium
919 2443 1051 2475 autem
1085 2439 1325 2476 mutationes
1358 2438 1546 2489 quoniam

102 2508 195 2539 sunt
222 2500 317 2539 inde
345 2502 605 2548 terminatae,
636 2504 891 2543 turbulentae
919 2510 1024 2543 sunt.
1083 2507 1121 2544 5.
1153 2506 1311 2557 Etesiae
1333 2518 1436 2543 vero
1454 2511 1546 2556 post

102 2568 314 2607 solstitium
341 2575 382 2607 et
401 2570 506 2607 circa
521 2571 638 2608 Canis
661 2578 847 2610 exortum
869 2573 1036 2624 spirant,
1066 2585 1149 2610 non
1168 2587 1258 2610 cum
1278 2573 1339 2610 sol
1369 2572 1544 2610 maxime

102 2642 173 2674 aut
191 2638 441 2688 propinquus
464 2644 524 2675 est
545 2643 613 2675 aut
634 2645 830 2688 remotus,
855 2647 895 2677 et
912 2638 1089 2678 interdiu
1111 2640 1273 2691 quidem
1294 2639 1403 2689 flant,
1420 2646 1544 2678 noctu

102 2710 237 2742 autem
267 2704 467 2742 desinunt.
525 2696 650 2744 Cuius
680 2707 741 2743 rei
773 2720 889 2745 causa
910 2714 989 2756 est,
1016 2707 1125 2759 quod
1145 2721 1238 2746 cum
1266 2721 1398 2759 prope
1421 2707 1545 2758 adest,

104 2778 220 2810 antea
233 2772 418 2819 exsiccat,
439 2786 558 2823 quam
575 2772 780 2812 exhalatio
798 2775 899 2814 oriri
918 2781 1062 2827 potest.
1109 2778 1148 2813 6.
1168 2777 1270 2815 Cum
1289 2781 1422 2813 autem
1441 2789 1546 2827 psu-

104 2838 234 2877 luhun
261 2839 444 2889 recessit,
473 2840 704 2880 moderatus
723 2841 802 2881 iam
821 2843 931 2881 calor
950 2844 1144 2895 gignitur,
1171 2844 1226 2883 ita
1250 2849 1296 2882 ut
1311 2856 1438 2895 aquae
1452 2844 1546 2895 gelu
