1774 3198
346 359 442 402 614
561 369 1010 408 COMMENTARIUS
1039 369 1099 408 IN
1122 368 1527 410 METEOROLOG.

346 479 506 529 reliquis
532 479 747 529 exponitur
772 479 878 530 apud
907 477 1244 517 Plutarchum
1271 479 1390 518 Plac.
1415 479 1567 530 philos.
1597 483 1679 532 ΙΙΙ,
1712 488 1751 521 3.

347 558 384 596 p.
407 548 598 584 78—80.
631 546 695 583 ed.
715 546 828 584 Cors.
871 545 1009 584 Stob.
1037 545 1180 595 Eclog.
1202 544 1323 595 phy-⁹.
1348 546 1390 592 Ι,
1417 549 1484 584 30.
1514 560 1551 598 p.
1573 537 1752 605 5905}sp

351 632 399 636 ——
431 612 628 649 Seneca
654 611 731 650 hoc
760 625 916 663 quoque
946 613 1033 650 loco
1064 612 1181 649 aliam
1212 617 1342 650 textus
1369 613 1640 652 recensionem
1667 622 1756 653 ante

348 678 481 714 oculos
498 677 677 716 habuisse
695 678 866 722 videtur.
925 680 1036 729 Quae
1055 678 1159 716 enim
1184 679 1350 728 Quaest.
1368 686 1459 717 nat.
1476 682 1527 728 II,
1550 683 1613 727 12,
1633 684 1655 719 3
1674 694 1755 733 sqq.

347 742 477 792 habet,
510 746 758 783 Aristotelica
777 745 935 796 quidem
956 751 1059 794 sunt,
1084 745 1153 783 sed
1170 746 1286 795 longe
1306 746 1419 783 aliter
1439 759 1636 797 expressa,
1657 747 1755 785 alio-

348 823 425 860 que
454 811 594 848 ordine
622 812 813 862 exposita.

462 881 496 916 1.
525 875 612 929 περὶ
642 879 874 930 πρηστῆρος
901 877 1035 915 addita
1062 876 1354 928 praepositione
1377 879 1421 916 F.
1451 878 1522 916 cfr.
1551 878 1599 916 ad
1628 875 1648 916 I
1658 908 1669 929 ,
1694 883 1757 928 12,

352 947 415 982 19.
442 966 497 971 —
535 940 662 996 ἀρχήν
690 945 836 982 omittit
864 946 910 983 E.
949 966 1003 972 —
1043 939 1260 993 ὑπολαβεῖν
1287 957 1361 994 pro
1388 938 1683 995 ὑπολαμβάνειν
1707 947 1758 985 Η.

349 1010 452 1048 Cam.
470 1000 640 1063 ἶρῙΟειε.
662 1031 718 1039 ·-
746 1007 906 1049 πάντων
927 1009 990 1049 δεῖ
1013 1011 1193 1049 dedimus
1214 1023 1303 1048 cum
1322 1010 1371 1048 E.
1398 1012 1517 1049 Alex.
1534 1012 1604 1050 fol.
1622 1015 1691 1050 111
1699 1026 1752 1061 ‚a.

347 1076 398 1114 A.
423 1076 529 1114 Cam.
562 1077 604 1115 P.
634 1078 672 1115 S.
693 1078 780 1115 Cas.
836 1078 992 1128 Reliqui
1023 1091 1112 1116 cum
1142 1078 1190 1116 B.
1221 1077 1383 1116 inverso
1410 1077 1550 1116 ordine
1579 1077 1642 1117 δεῖ
1662 1075 1760 1117 πάν·-

345 1154 440 1184 των.
489 1150 497 1157 ’

457 1211 495 1245 2.
535 1204 658 1261 ἄμφω
693 1210 735 1247 in
764 1210 940 1259 margine
972 1210 1085 1259 ponit
1112 1212 1158 1248 F.
1169 1237 1181 1257 ‚
1223 1209 1290 1259 qui
1318 1209 1461 1246 deinde
1493 1217 1584 1261 post
1612 1207 1760 1249 συστά-

349 1282 450 1319 σεως
483 1274 593 1313 addit
631 1272 754 1326 οὔσης
796 1283 835 1314 et
873 1274 990 1326 quod*
1028 1275 1207 1325 sequitur
1254 1272 1471 1326 γινομένης
1506 1277 1547 1315 in
1586 1278 1762 1328 margine

347 1340 471 1390 ponit.

455 1406 494 1445 4.
523 1406 662 1460 καίπερ
693 1422 768 1460 pro
798 1411 925 1447 καίτοι
951 1409 996 1446 F.
1021 1408 1075 1445 H.
1099 1405 1155 1445 N.
1185 1407 1308 1444 male:
1346 1407 1420 1444 cfr.
1451 1406 1761 1458 Bernhardy

347 1472 398 1510 ad
427 1474 636 1525 Dionys.
661 1488 698 1526 p.
720 1478 799 1514 873
811 1504 822 1524 ‚
845 1475 912 1525 qui
932 1474 1037 1511 hunc
1057 1486 1171 1511 usum
1194 1473 1287 1509 solis
1305 1473 1590 1510 recentioribus
1607 1473 1760 1511 tribuit.

348 1559 404 1566 —
430 1541 502 1578 τοῦ
530 1541 687 1593 θερμοῦ
717 1538 799 1580 ἅνω
827 1539 1025 1593 φέρεσθαι
1056 1535 1123 1577 διά
1151 1534 1301 1584 παντός
1327 1541 1373 1577 F.
1417 1535 1483 1576 διά
1510 1534 1659 1584 παντός
1688 1552 1761 1576 ex-

348 1605 458 1644 hibet
484 1607 600 1645 etiam
631 1605 740 1645 Cam.
771 1598 843 1659 79-
872 1608 958 1646 Cas.
997 1619 1230 1656 quamquam
1259 1606 1475 1643 verborum
1504 1605 1644 1643 ordine
1680 1617 1761 1644 non

349 1680 511 1711 mutato.
552 1694 600 1701 —
660 1673 709 1711 In
743 1673 975 1713 Basileensis
1014 1672 1196 1710 editionis
1235 1672 1430 1720 margine:
1484 1671 1570 1708 cod.
1603 1671 1760 1721 quidam

351 1738 483 1778 δαλῶν
510 1754 582 1791 pro
614 1736 832 1788 δακτύλων,
874 1745 913 1777 et
938 1740 991 1776 ita
1019 1726 1090 1791 ff
1097 1740 1183 1777 Cas.
1216 1739 1282 1789 qui
1310 1738 1440 1776 addit:
1471 1739 1563 1776 Non
1584 1744 1691 1775 recte
1715 1743 1762 1776 ut

349 1819 414 1843 res
441 1806 527 1857 ipsa
555 1812 593 1844 et
625 1807 690 1844 alii
720 1806 944 1844 Aristotelis
973 1806 1050 1843 loci
1079 1804 1304 1842 ostendunt.
1336 1805 1416 1842 Cfr.
1447 1805 1552 1842 enim
1582 1805 1624 1851 I,
1656 1803 1705 1849 4,
1736 1806 1759 1842 9

348 1872 442 1923 ibiq.
464 1879 674 1910 comment.
694 1895 749 1901 —-
772 1871 1035 1925 ,ἐκπηδῶντες
1058 1885 1131 1922 pro
1160 1869 1362 1921 πηδῶντες
1392 1872 1436 1908 F.
1459 1871 1507 1908 H.
1531 1868 1586 1907 N.

460 1941 498 1976 5.
530 1937 785 1990 διασπιραται
804 1940 848 1975 Ε.
879 1924 1117 1988 διακρίνεται
1143 1950 1262 1987 supra
1285 1937 1409 1987 posita
1437 1942 1569 1975 nostra
1591 1936 1761 1974 lectione

350 2006 394 2042 F.
420 2027 469 2031 —-
500 2000 877 2056 ἐκπεριλαμβάνεται
905 2017 980 2055 pro
1009 1998 1394 2055 ἒμπεριλαμβάνεται
1422 2003 1466 2040 P.

462 2074 495 2107 6.
523 2066 593 2108 τὸν
622 2065 898 2113 αὖτόν,τόπον
925 2064 949 2121 ἦ
980 2065 1108 2120 πληγή
1137 2074 1288 2107 mutato
1318 2068 1457 2106 ordine
1476 2071 1522 2107 F.
1544 2090 1598 2096 -—
1626 2064 1760 2121 ὥσπερ

350 2133 502 2176 εἰκάσαι
531 2133 686 2186 μειζόνι,
704 2133 846 2188 μικρὸν
875 2133 1012 2182 πάθος
1041 2135 1220 2174 dedimus
1248 2148 1337 2173 cum
1358 2136 1403 2172 E.
1423 2137 1470 2173 F.
1496 2137 1549 2173 H.
1576 2134 1629 2173 N.
1656 2137 1698 2173 P.
1719 2136 1759 2173 S.

350 2193 427 2256 {fg
444 2204 527 2242 Cas.
559 2203 674 2253 Alex.
705 2204 778 2241 cfr.
800 2205 858 2251 11,
878 2206 921 2251 8,
943 2205 1004 2240 17.
1043 2197 1098 2247 ὥς
1124 2197 1278 2240 εἰκάσαι
1306 2198 1406 2254 πρὸς
1431 2197 1574 2254 μικρὸν
1611 2199 1758 2251 μεῖζον.

439 2368 638 2408 subtrahere,
662 2366 820 2401 addenda
842 2372 942 2400 erent
963 2366 1170 2400 Senecae
1193 2362 1304 2402 verba
1330 2369 1468 2409 Quaesi.
1490 2373 1558 2399 nat.
1581 2367 1645 2409 VI,
1669 2367 1702 2407 1,
1723 2365 1760 2407 6,

437 2422 498 2455 ubi
530 2421 686 2456 remedia
715 2423 886 2457 malorum
917 2433 963 2457 ex
994 2425 1077 2457 aere
1101 2422 1138 2455 in
1160 2432 1226 2457 nos
1250 2422 1456 2456 irruentium
1478 2426 1659 2456 recenset:
1696 2422 1760 2453 ad-

437 2490 550 2511 versus
574 2480 717 2510 tonitrua
739 2485 770 2511 et
792 2481 895 2511 minas
920 2481 1003 2512 caeli
1029 2480 1260 2511 subterraneae
1284 2480 1395 2511 domus
1419 2485 1450 2511 et
1475 2477 1595 2519 defossi
1612 2479 1644 2508 in
1658 2479 1758 2509 alium

439 2546 554 2576 specus
580 2536 722 2566 remedia
744 2541 829 2568 suni.
876 2533 962 2568 Cum
986 2534 1112 2567 deinde
1134 2545 1167 2577 p.
1192 2535 1269 2569 173.
1296 2540 1368 2568 not.
1382 2536 1414 2568 8.
1440 2534 1484 2567 de
1503 2531 1610 2568 variis
1634 2542 1758 2574 super-

439 2589 636 2622 stitionibus
660 2599 816 2636 agerem,
846 2591 1033 2633 pluresque
1057 2599 1166 2635 nugas
1189 2596 1349 2625 veterum
1374 2598 1592 2624 recenserem
1624 2588 1667 2620 de
1701 2598 1758 2620 ra-

439 2645 591 2678 tionibus
620 2645 744 2688 quibus
767 2645 912 2678 fulmina
931 2650 1075 2690 possent
1098 2645 1222 2687 averti,
1247 2656 1327 2678 cum
1348 2643 1488 2678 Plinii
1509 2645 1590 2676 loco
1613 2642 1757 2686 (Histor.

439 2708 546 2733 natur.
570 2701 688 2743 XVII,
715 2700 799 2742 10):
829 2703 938 2734 Persis
961 2713 1038 2734 vero
1062 2699 1179 2742 suffitu
1204 2702 1405 2734 Aehaiarum
1428 2705 1630 2741 tempestates
1655 2700 1759 2732 averti

386 2759 393 2768 ’
439 2763 468 2788 et
487 2763 657 2800 praeterea
674 2756 831 2798 fiumina,
854 2758 1086 2801 comparanda
1104 2761 1202 2790 erant
1219 2749 1327 2791 {rerba
1347 2754 1526 2789 etesiae
1550 2755 1639 2798 apud
1652 2755 1757 2789 Pho-

439 2811 550 2844 tium
575 2814 661 2845 Bibl.
691 2824 726 2854 p.
751 2813 795 2846 67
824 2813 881 2846 ed.
906 2812 1147 2846 Hoesehel.
