1774 3198
379 381 602 423 LIBRUM
631 381 959 421 SECUNDUM.
1018 381 1134 420 CAP.
1161 380 1266 421 VIII.
1450 373 1544 418 597

103 498 157 536 Ν.
178 503 218 535 et
236 496 280 535 in
298 496 484 536 omnibus
505 487 747 535 editionibus
762 501 854 548 post
874 489 1075 545 σωμάτων
1091 491 1310 544 adduntur,
1325 494 1544 545 omisimus

102 579 195 604 cum
212 566 272 615 E.,
290 564 520 617 glossatoris
543 564 650 603 enim
671 577 835 604 manum
855 564 1028 615 sapiunt.
1048 585 1098 591 —-
1128 563 1194 601 De
1213 562 1428 614 postremis
1446 576 1544 602 ver-

101 634 163 672 bis
191 634 267 672 cfr.
300 632 649 686 Theophrast.
676 633 727 671 de
749 634 848 684 igne
877 631 913 683 §.
937 635 1004 671 30.
1027 622 1073 683 p.
1098 633 1203 670 715:
1234 631 1357 670 τοῦτο
1376 627 1452 682 μὲν
1470 623 1543 670 οὖν

103 698 177 740 οὐκ
205 697 256 740 ἂν
285 697 443 754 ἀλόγως
473 696 601 749 δόξειε
626 703 828 753 συνεργεῖν
855 695 1052 751 πνεύματι
1079 698 1261 750 πνεῦμα·
1291 696 1358 738 καὶ
1385 694 1464 752 γὰρ
1492 694 1540 745 τὸ

103 771 183 823 πῦρ
213 763 301 810 οἷον
330 766 560 822 πνεύματός
588 783 650 817 τις
677 765 810 823 φύσις.

216 838 256 876 4.
296 834 388 879 οὐκ
418 835 476 879 ἂν
504 836 669 892 ὕδωρ,
697 838 760 877 uti
788 836 946 876 censuit
971 834 1302 876 Democritus
1332 832 1413 887 (ΙΙ,
1437 837 1478 882 7,
1497 830 1545 887 5)

102 902 226 945 οὐδὲ
253 907 334 959 γῆ,
364 914 412 947 ut
430 909 781 951 Anaximenes
801 904 873 960 (11,
895 908 934 954 7,
956 903 1013 954 6).
1029 925 1086 933 -
1113 900 1161 943 τὸ
1179 899 1276 942 εἴσω
1300 899 1544 954 ἀναθυμιώ-

100 987 223 1025 μενον
254 976 303 1014 F.
333 976 387 1014 H.
415 975 468 1014 N.
496 976 648 1028 inepte.
721 976 788 1014 De
809 987 854 1012 re
877 973 1019 1012 confer
1047 973 1226 1011 senec.
1258 973 1430 1022 Quaest.
1450 977 1544 1009 nat.

101 1043 176 1090 VI,
197 1046 274 1093 12,
296 1046 342 1092 3,
372 1044 439 1096 qni
463 1042 780 1087 Aristotelis
808 1041 934 1081 verba
952 1047 1090 1093 aperte
1105 1046 1199 1080 ante
1219 1039 1356 1078 oculos
1375 1037 1541 1078 habuit:

100 1110 227 1147 IVunc
258 1124 420 1163 quoque
454 1126 582 1164 quum
608 1111 677 1149 hic
705 1117 841 1149 motus
869 1110 917 1148 in
943 1110 1187 1161 Campania
1201 1108 1320 1161 fuit,
1347 1106 1544 1158 quamvis

100 1176 275 1215 hiberno
296 1185 490 1229 tempore,
509 1187 652 1218 tamen
668 1179 834 1230 quietus
847 1191 929 1228 per
948 1178 1185 1228 superiores
1208 1175 1296 1215 dies
1315 1173 1390 1212 αέίν
1405 1175 1539 1212 stetit.

102 1245 220 1296 Quid
248 1259 345 1298 ergo
363 1246 386 1284 ?
438 1247 664 1298 Nunquam
695 1247 845 1297 flante
884 1252 1008 1285 vento
1048 1251 1167 1282 terra
1203 1254 1407 1281 concussa
1446 1240 1542 1279 est?

98 1313 338 1362 Admodum
365 1326 470 1353 raro
509 1311 590 1352 duo
619 1314 793 1364 flavere
827 1313 958 1352 simul
987 1313 1115 1351 venti.
1177 1311 1303 1348 Fieri
1331 1316 1472 1347 tamen
1501 1315 1544 1346 et

93 1387 238 1436 pogen
257 1388 299 1419 et
313 1381 429 1431 solet,
458 1381 571 1434 quod
587 1382 627 1419 si
647 1383 894 1433 recipimus,
922 1387 965 1419 et
981 1384 1152 1418 constat
1170 1377 1272 1415 duos
1291 1383 1437 1416 ventos
1458 1388 1544 1413 rem

97 1448 226 1487 simut
236 1462 384 1500 gerere
396 1465 407 1487 .-
436 1449 587 1501 quidni
599 1449 794 1488 accidere
805 1450 960 1500 possit,
976 1455 1024 1488 ut
1037 1447 1147 1485 alter
1165 1445 1424 1496 superiorem
1437 1441 1543 1480 ab‘ra

101 1517 264 1567 agitet,
301 1516 414 1555 alter
444 1517 665 1569 inferum?
723 1516 1004 1556 confidentius
1033 1513 1240 1554 Plinius
1269 1513 1437 1550 Hister.
1455 1516 1542 1550 nat.

97 1585 153 1632 ΙΙ,
182 1586 250 1632 79,
280 1587 354 1622 81:
388 1586 547 1624 Ventos
567 1585 614 1622 in
633 1597 768 1622 eausa
792 1597 891 1630 esse,
922 1598 1005 1622 non
1032 1582 1207 1620 dubium
1234 1594 1353 1618 reor:
1381 1592 1542 1630 neque

97 1652 211 1688 enim
239 1664 466 1703 unquam
493 1651 783 1691 intremiscunt
811 1659 972 1701 terrae,
1001 1651 1087 1688 ηἰεί
1114 1650 1254 1699 sopito
1283 1648 1412 1693 mari,
1442 1658 1542 1684 cae-

97 1719 218 1770 loque
245 1719 352 1757 adeo
372 1719 621 1771 tranquillo,
655 1726 702 1757 ut
719 1719 887 1758 volatus
909 1719 1055 1757 avium
1078 1730 1164 1755 non
1180 1715 1411 1766 pendeant,
1441 1712 1540 1752 sub—

98 1794 240 1824 tracto
271 1788 384 1825 omni
412 1787 584 1837 spiritu,
611 1788 684 1838 qui
711 1786 848 1824 vellit:
877 1799 970 1825 nec
999 1796 1247 1836 unquam,
1282 1783 1392 1820 nisi
1415 1788 1539 1832 post

98 1861 291 1903 ventos,
319 1854 496 1910 condito¹
518 1854 676 1892 acila'eet
703 1856 751 1893 in
769 1866 900 1893 venas
918 1860 960 1893 et
977 1865 1091 1892 cava
1109 1853 1196 1890 eius
1215 1849 1380 1889 occulta
1400 1849 1538 1901 flatu.

102 1944 154 1952 ·—
183 1917 250 1973 ῥεῖ’
271 1934 349 1974 pro
379 1915 487 1977 ὁρμᾷ
516 1922 562 1960 F.

212 1993 253 2029 5.
290 1989 386 2028 Post
412 1988 598 2042 γίνεσθαι
628 1988 784 2028 addunt
812 1983 1005 2040 σεισμούς
1030 1990 1077 2027 F.
1117 1987 1239 2027 Alex.
1271 1987 1343 2026 fol.
1374 1987 1455 2025 107
1465 2004 1477 2032 ,
1497 1999 1533 2024 a.

98 2056 151 2096 A.
170 2056 283 2096 Cam.
305 2057 351 2096 P.
372 2058 460 2096 Cas.
489 2053 670 2111 θάτερος
696 2071 774 2110 pro
802 2053 983 2110 θάτερον
1011 2057 1068 2097 Ν.
1109 2055 1219 2108 quod
1245 2069 1330 2095 non
1355 2066 1538 2094 necessa-

98 2125 206 2164 rium
224 2139 236 2164 z
280 2138 334 2163 ex
366 2125 625 2177 sequentibus
662 2126 770 2164 enim
806 2125 1078 2177 supplendum
1113 2125 1284 2174 πνεῦμα.
1319 2143 1376 2151 --
1418 2117 1537 2166 ὄντος

99 2188 329 2242 πνεῦματος
353 2193 519 2233 inverso
548 2192 692 2231 ordine
719 2191 777 2232 H.
804 2193 858 2230 N.
897 2213 971 2229 —.
991 2193 1101 2232 Ante
1132 2187 1297 2242 σεισμός
1323 2188 1535 2228 articulum

98 2258 253 2297 addunt
278 2261 328 2298 F.
349 2260 405 2298 Η.
429 2260 484 2298 N.
513 2259 790 2311 editionesque
818 2273 972 2302 omnes.
1028 2259 1116 2298 Nos
1132 2258 1298 2297 fecimus
1328 2269 1421 2295 cum
1443 2255 1533 2294 cod.

98 2327 148 2365 E.
166 2347 224 2355 --
251 2326 310 2379 τῷ
337 2323 499 2378 μεγέθει
526 2340 604 2378 pro
632 2322 680 2365 τὸ
706 2322 883 2378 μέγεθος
910 2328 959 2365 F.
979 2347 1036 2354 —-
1079 2328 1145 2366 De
1173 2323 1402 2364 discrimine
1426 2323 1556 2377 inter*

101 2389 206 2446 ἀρχή
230 2397 270 2430 et
288 2391 398 2431 αι’τιά
426 2394 501 2432 cfr.
523 2393 577 2432 ad
594 2395 629 2444 1,
650 2397 690 2442 3,
713 2397 778 2432 13.
807 2397 842 2443 I,
864 2397 903 2443 7,
927 2397 965 2432 3.
1000 2396 1052 2444 II,
1072 2393 1111 2441 4,
1137 2395 1203 2433 17.

216 2463 255 2498 6.
282 2460 447 2499 Nullam
472 2460 553 2499 diei
575 2461 757 2500 noctisve
781 2466 939 2512 partem
965 2466 1098 2500 terrae
1115 2459 1291 2500 motibus
1316 2473 1415 2511 prae
1435 2459 1534 2497 reli-

26 2543 31 2547 ’
102 2527 191 2579 quis
215 2542 300 2566 esse
320 2527 537 2566 obnoxiam
554 2527 692 2567 docuit
718 2528 866 2567 Krios
885 2529 913 2567 l.
935 2530 959 2567 l.
989 2542 1031 2580 p.
1053 2533 1142 2568 9-
1157 2532 1221 2568 10.
1275 2529 1445 2580 Magnus
1463 2527 1533 2566 ille

102 2602 233 2636 terrae
259 2601 413 2644 motus,
452 2595 520 2646 qui
550 2595 717 2640 Tiberio
751 2596 980 2647 imperante
1005 2595 1136 2635 Asiae
1160 2594 1377 2633 duodecim
1411 2592 1532 2632 urbes

102 2662 229 2700 simul
247 2662 466 2713 perdidit,
494 2669 540 2701 ut
559 2663 695 2702 verbis
717 2669 808 2702 utar
837 2664 1063 2702 Senecae
1095 2664 1267 2713 Quaest.
1289 2670 1433 2700 natur.
1455 2663 1530 2708 VI,

106 2733 144 2777 1,
169 2731 244 2777 11,
274 2735 398 2768 noctu
417 2730 562 2769 accidit
584 2736 685 2769 teste
713 2730 898 2770 Tacito
929 2730 1090 2768 Annal.
1114 2732 1167 2780 H,
1189 2729 1256 2770 47.
1285 2730 1359 2768 cfr.
1384 2730 1531 2769 Gata-

103 2797 178 2834 ker
205 2794 258 2833 ad
278 2797 504 2836 Marcum
521 2797 846 2837 Antoninum
862 2798 936 2843 IV,
959 2796 1028 2836 43.
1057 2811 1098 2850 p.
1120 2800 1215 2837 172.
1247 2796 1529 2836 Schneider

103 2859 285 2902 Analect
317 2865 408 2902 crit.
437 2868 467 2906 I.
496 2878 539 2918 p.
562 2868 627 2905 17.
649 2887 704 2895 —
737 2859 880 2911 νυκτὸς
897 2860 938 2903 δ’
960 2864 1107 2904 omisso
1133 2862 1205 2905 καί
1225 2865 1272 2904 F.
1295 2865 1348 2904 H.
1368 2865 1421 2904 N.
1462 2863 1529 2903 καὶ
