1760 3138
210 381 299 422 ἘΤ
323 380 542 422 OLYMP.
567 380 630 420 IN
654 379 837 421 ARIST.
857 379 1194 421 METEOROL.
1224 379 1332 420 Lm.
1351 379 1386 419 1.
1456 371 1551 418 255

110 494 278 536 Νείλου.
327 492 380 535 τὰ
411 492 456 537 δὲ
483 489 587 547 μετὰ
616 491 792 549 Μερόην
833 490 1006 547 ἆοίκητά
1045 492 1145 535 ἐστι.
1202 491 1250 535 τὸ
1285 491 1363 548 γὰρ
1392 496 1556 549 πρῶτον

109 562 248 616 κλίμα.
276 560 374 616 μετ’
400 560 502 603 αὒτὸ
532 559 677 603 λοιπὸν
703 557 1054 616 ἡᾶντοικουμὲνη.
1105 564 1169 603 Ol
1178 577 1254 615 ym
1265 576 1303 615 p.
1321 564 1390 603 fol.
1405 564 1472 613 24,
1483 564 1525 603 b.

222 649 291 684 22.
328 641 611 696 Πρῶτον*)
641 637 662 682 ὃ
691 639 788 694 μὲν
809 639 1067 699 Ἀχελῶος
1095 640 1151 683 ἐκ
1178 640 1406 695 Πίνδου]
1447 641 1555 683 Πίν-

108 708 224 759 δος’
211 709 309 766 όρος
337 709 421 751 ἔστι
449 705 768 762 Πελοποννήσου
785 709 854 764 **).

220 794 290 832 27.
345 789 475 844 Περὶ
514 787 605 843 τὴν
641 787 922 845 Ἀρκαδίαν
961 788 1138 844 ἐστίν]
1176 763 1389 846 Ἐπειδὴῆ
1417 793 1556 834 Πελο-

107 855 312 911 πόννησος
342 857 398 905 εἷς
426 855 540 898 πέντε
571 855 783 913 διῄρηται,
821 855 1063 913 Ἀρκαδίαν,
1102 855 1353 914 Μεσσήνην,
1383 858 1555 913 ἏΗλιδα,

96 923 244 981 ’Άργος
271 925 337 966 καὶ
366 925 691 980 Λακεδαίμονα,
733 923 801 966 διὰ
836 928 958 967 τοῦτο
998 923 1081 968 εἶπε
1119 927 1210 983 περὶ
1239 926 1315 982 τὴν
1336 926 1556 984 Ἀρκαδίαν

104 996 180 1046 τῆς
206 991 544 1046 Πελοποννήσου.
586 993 796 1046 συμβαίνει
827 986 901 1034 οὖν
929 993 972 1035 ἒν
1000 992 1106 1050 αὐτῇ
1136 993 1396 1050 ἀναποθῆναι
1426 1013 1557 1038 ποτα-

103 1059 186 1115 μὸν
215 1061 281 1102 καὶ
312 1061 354 1102 ἐν
381 1059 493 1117 ἄλλῳ
522 1059 637 1118 τόπῳ
667 1061 904 1116 ἐκφανῆναι.
945 1059 1130 1117 ἀνεπόθη
1157 1062 1224 1116 δέ,
1265 1062 1401 1119 ἐπειδὴ
1432 1062 1557 1119 ὄρους

106 1128 404 1185 παρακειμένου
430 1127 488 1183 μὴ
516 1127 618 1182 ἔχων
647 1128 852 1181 διέξοδον,
901 1127 1007 1171 ἀλλὰ
1044 1131 1111 1172 καὶ
1139 1130 1381 1186 βιαζόμενος
1408 1132 1452 1174 ἔκ
1481 1136 1556 1175 τοῦ

105 1196 400 1252 ἐπιφερομένου
426 1195 579 1245 ὕδατος
608 1197 747 1239 δίοδον
767 1193 880 1255 αὑτῷ
894 1199 968 1253 Μ’)
997 1197 1063 1240 ἐπὶ
1093 1198 1147 1241 τὰ
1175 1198 1288 1243 κάτω
1317 1200 1554 1257 ἐποιήσατο.

106 1267 311 1319 Olymp.
338 1267 412 1306 fol.
434 1265 502 1315 24,
523 1266 562 1305 b.

216 1349 288 1386 29.
336 1341 521 1397 ’Άλλην
549 1340 643 1399 γὰρ
672 1344 790 1400 περὶ
819 1340 910 1387 τὸν
938 1345 1226 1390 Καύκασον
1254 1350 1444 1406 λίμνην
1473 1368 1554 1393 κα-

103 1412 289 1453 λοῦσιν
334 1407 450 1453 οἷαν
496 1411 581 1453 καὶ
621 1410 904 1456 θάλατταν
924 1414 1009 1468 †)]
1068 1416 1176 1472 Περὶ
1204 1420 1281 1471 τῆς
1308 1418 1557 1470 Μαιώτιδος

101 1477 248 1533 λίμνης
275 1477 388 1534 λέγει,
419 1477 483 1521 ὅτι
514 1478 617 1534 αὐτὴ
647 1478 847 1536 ἀνεπόθη.
891 1483 959 1524 καὶ
988 1480 1014 1537 ἦ
1043 1482 1236 1539 ἕκφανσις
1264 1484 1393 1541 αὐτῆς
1421 1487 1555 1543 γέγονε

101 1546 192 1602 περὶ
232 1544 306 1589 τὸν
333 1546 514 1590 Πόντον.
566 1545 621 1597 ὡς
655 1548 812 1591 ἐκεῖθεν
849 1549 975 1605 γλυκὺ
1004 1548 1119 1607 ὕδωρ
1149 1551 1462 1609 ἀναβρῦεσθαι,
1498 1556 1556 1606 εἷς

102 1613 177 1663 οὓς
212 1613 368 1663 τόπους
402 1612 428 1668 ἡ
467 1614 661 1671 ἕκφανσις
697 1616 856 1671 γέγονεν
894 1617 938 1659 ἐν
971 1621 1023 1673 τῇ
1054 1617 1262 1676 θαλάττῃ.
1311 1622 1480 1677 ζητῆσαι
1510 1624 1557 1666 δὲ

102 1679 216 1729 ἄξιον
224 1712 238 1732 ,
267 1681 310 1722 τί
338 1680 488 1735 δήποτε
515 1683 738 1725 θάλασσαν
766 1683 894 1739 αὐτὴν
923 1685 1099 1729 ἐκάλεσε.
1139 1688 1211 1729 καί
1237 1704 1393 1745 φαμεν,
1428 1689 1455 1746 ἢ
1487 1691 1556 1734 διὰ

101 1746 150 1789 τὸ
177 1747 356 1803 μέγεθος
396 1747 532 1803 (οὕτω
559 1749 638 1806 γὰρ
668 1752 735 1792 καὶ
765 1751 840 1807 τὴν
877 1753 1100 1797 θάλασσαν
1139 1756 1333 1812 λίμνην
1369 1758 1556 1802 ἐκάλεσεν

103 1812 126 1858 ὅ
151 1814 325 1871 ποιητής
354 1816 423 1859 διὰ
451 1818 498 1860 τὸ
529 1819 685 1870 πλάτος
712 1820 883 1876 εἰρηκώς
898 1823 982 1876 ††)
1001 1836 1013 1847 ·
1055 1882 1058 1885 Δ

280 1892 447 1945 Ἠέλιος
476 1895 520 1938 δ’
543 1895 740 1956 ἀνόρουσε
767 1900 898 1942 λιπών
923 1902 1166 1958 περικαλλέα
1192 1904 1356 1961 λίμνην)

99 1971 126 2028 ἢ
166 1971 270 2015 διότι
304 1973 505 2029 στάσιμόν
542 1976 627 2019 ἔστι
667 1995 715 2020 το
752 1982 938 2034 λιμναῖον
974 1979 1102 2038 υδωρ.
1155 1983 1325 2039 τοιαύτη
1357 1986 1403 2028 δὲ
1431 2004 1498 2029 και
1528 2006 1554 2071 η

99 2038 311 2083 θάλασσα.
361 2043 397 2084 ει
422 2043 500 2100 γὰρ
530 2041 680 2100 ὃλότης
714 2046 843 2098 ἐστίν,
880 2047 952 2103 (αι
982 2049 1027 2092 δὲ
1056 2047 1249 2107 ὃλότητες
1286 2053 1410 2096 ἀΐδιοι
1449 2055 1555 2098 κατὰ

93 2107 377 2166 Ἀριστοτέλην
388 2112 525 2167 ††-1·),
534 2112 712 2169 μόνιμός
727 2115 813 2158 ἔστι
833 2134 901 2159 και
922 2116 1124 2174 στάσιμος
1139 2138 1166 2175 η
1188 2120 1405 2164 θάλασσα.
1438 2122 1463 2178 ἢ
1485 2123 1555 2165 διὰ

190 2242 298 2277 ficare
317 2243 440 2288 possit.
466 2245 532 2279 cfr.
555 2247 812 2294 Musgrave
835 2252 879 2285 ad
902 2251 1103 2297 Euripid.
1120 2254 1384 2291 Phoeniss.215.
1409 2256 1554 2291 Bern-

191 2300 346 2345 hardy
367 2302 412 2335 ad
434 2301 640 2348 Dionys.
663 2306 905 2361 Perieget.
937 2320 974 2344 v.
1000 2310 1080 2345 592.
1107 2321 1143 2355 p.
1169 2311 1251 2346 689.

146 2364 183 2410 *)
208 2365 357 2405 Addidit
380 2368 453 2402 hoc
475 2371 692 2406 vocabulum
714 2373 883 2420 Aldus,
906 2376 1032 2412 nescio
1060 2389 1105 2412 an
1128 2379 1174 2413 de
1198 2388 1280 2416 ⁸110.

144 2433 203 2478 **)
235 2433 515 2472 Adnotationem
541 2439 634 2475 hanc
664 2441 795 2486 Olym
805 2443 883 2488 pio
894 2446 916 2479 d
925 2455 948 2480 ο
957 2445 998 2480 ri
1029 2447 1128 2481 nulla
1151 2446 1221 2481 alia
1245 2447 1290 2482 de
1314 2458 1421 2483 causa
1434 2473 1444 2490 ,
1482 2448 1551 2485 nisi

188 2497 337 2537 propter
356 2491 529 2539 ineptiam
553 2497 816 2543 adscripsimus.

144 2554 221 2605 ***)
244 2561 328 2595 Ald.
354 2556 466 2606 αυτῷ.
502 2562 579 2598 Cfr.
608 2565 769 2602 Matth.
798 2570 858 2604 Gr.
882 2583 935 2612 gr.
964 2571 1048 2605 Vol.
1073 2572 1105 2608 I.
1135 2583 1170 2616 p.
1192 2573 1274 2607 278.

143 2626 189 2671 †)
211 2629 293 2663 Hoc
319 2630 427 2665 modo
459 2630 613 2667 Aldus.
664 2633 855 2669 Caeterum
879 2637 1002 2672 nescio
1027 2638 1112 2679 quid
1139 2638 1294 2685 ineptius
1318 2647 1426 2686 queat
1446 2653 1551 2687 repe-

188 2684 277 2729 riri,
327 2699 435 2731 quum
472 2691 572 2727 11.1.
608 2691 767 2739 cogitare
807 2704 889 2727 cum
931 2695 962 2729 Ο
975 2696 1070 2739 lym
1081 2707 1104 2740 p
1115 2695 1127 2730 i
1137 2707 1160 2731 o
1171 2698 1193 2730 d
1205 2707 1227 2732 o
1239 2709 1258 2732 r
1270 2707 1292 2732 o
1338 2700 1384 2734 de
1417 2701 1549 2744 palude

188 2741 384 2779 Maeotide.

143 2806 212 2852 ·1·†)
240 2811 358 2854 Odyss.
382 2809 427 2858 γ’,
453 2818 486 2848 1.

146 2877 238 2920 -ὶ-Η)
264 2879 369 2925 Quod
389 2882 506 2918 elucet
528 2895 575 2919 ex
599 2885 655 2929 iis,
681 2897 772 2931 quae
790 2885 1012 2932 disputantur
1033 2887 1072 2923 in
1094 2892 1319 2935 Metaphysic.
1342 2893 1445 2934 XIV,
1467 2895 1502 2928 2.
