1774 3198
301 400 390 443 ‘⁹58
512 406 957 448 COMMENTARIUS
979 410 1041 448 IN
1068 412 1469 454 METEOROLOG.

295 524 335 556 et
357 519 412 556 ita
434 516 623 566 Olymp.
640 513 710 554 fol.
735 519 798 565 39,
811 517 846 554 b.
904 518 1111 570 vulgatam
1129 526 1260 560 tuetur
1279 523 1371 573 Bag.
1394 524 1460 574 qui
1477 526 1690 566 verborum

293 583 435 621 deinde
459 581 706 631 sequentium
730 578 812 621 κατ’
839 580 984 623 ἐκεῖνον
1002 599 1073 624 τον
1096 583 1221 625 τόπον
1245 589 1392 626 nnllam
1424 589 1534 627 dedit
1565 591 1690 631 inter-

289 648 562 699 pretationem.
582 667 635 677 --
660 647 727 684 Ad
746 649 869 687 verba
887 647 938 688 τὰ
955 649 1042 703 περὶ
1061 648 1134 702 τὴν
1150 648 1295 704 ἄρκτον
1315 655 1455 704 supple
1471 652 1686 705 πνεύματα.

289 716 355 752 Ex
371 713 621 763 sequentibus
642 714 747 751 enim
767 714 999 766 intelligitur
1015 717 1099 768 ipsa
1124 714 1328 766 πνεύματα,
1354 717 1395 756 h.
1415 720 1441 757 l.
1473 716 1621 771 νήνεμα
1650 730 1689 761 et

290 771 438 817 εὕέινοα
469 779 623 826 vocari,
671 780 817 830 quippe
846 794 944 832 quae
977 783 1064 819 loco
1098 789 1136 822 et
1165 790 1345 834 tempore
1376 790 1690 826 commemoratis

287 858 385 883 uon
414 844 595 882 abeant
631 845 680 882 in
709 850 914 896 ventum
950 860 1043 885 nec
1070 849 1251 887 flatum
1285 857 1520 900 apertum
1549 854 1690 892 emit-

286 916 402 948 tant.
433 931 489 939 ——·
516 906 592 960 ἤδη
612 911 757 949 omittit
773 913 816 949 F.
838 934 891 941 -
919 910 1101 965 λαμπρὸν
1123 914 1267 967 γίνεται
1294 922 1441 954 mutato
1470 918 1687 963 verborum

287 976 427 1014 ordine
446 977 497 1014 H.
517 977 635 1014 Alex.
659 978 777 1015 Cam:
791 978 833 1016 P.
855 979 894 1015 S.
917 980 1002 1016 Cas.

397 1045 462 1080 28.
490 1037 558 1079 τίν’
581 1040 709 1087 αἰτίας
737 1043 869 1094 inepte
897 1043 1010 1082 Alex.
1037 1045 1109 1086 sol.
1136 1049 1226 1095 101,
1245 1060 1279 1085 a.
1298 1069 1353 1077 —-
1391 1050 1572 1100 Denique
1596 1057 1687 1090 ante

284 1104 422 1160 βορέαι
453 1106 507 1145 N.
536 1107 645 1145 addit
671 1107 749 1146 καί.

876 1221 940 1259 CA
955 1234 991 1258 1’.
1033 1223 1085 1261 V.

395 1309 431 1345 1.
462 1308 524 1345 De
539 1320 584 1344 re
611 1308 684 1345 cfr.
715 1307 1128 1358 Theophrastum
1151 1310 1199 1346 de
1219 1313 1350 1347 ventis
1378 1314 1412 1362 §.
1439 1314 1501 1351 15.
1529 1318 1682 1364 p.763:

284 1367 305 1410 ὃ
335 1368 446 1422 ἣλιος
475 1370 586 1409 δοκεῖ
608 1371 673 1410 καὶ
703 1377 819 1411 κινεῖν
855 1370 1078 1430 ᾀναῖέλλων
1115 1373 1179 1412 καὶ
1215 1373 1454 1416 καταπαύειν
1490 1375 1540 1416 τὰ
1568 1377 1685 1418 πνεύ-

281 1452 405 1488 ματα.
435 1434 495 1475 διὸ
514 1435 578 1475 καὶ
592 1432 806 1484 ’ἐπαυξάνει
835 1437 900 1476 καὶ
921 1437 1049 1477 πίπτει
1073 1437 1281 1487 πολλάκις,
1313 1443 1421 1479 cuius
1439 1449 1568 1482 tamen
1588 1445 1682 1483 vide

280 1504 406 1541 verba
425 1504 607 1552 proxime
618 1502 908 1554 subsequentia,
938 1517 989 1541 ex
1007 1505 1146 1554 quibus
1165 1506 1291 1543 elucet
1307 1507 1363 1544 illi
1380 1506 1453 1546 hac
1469 1509 1519 1546 de
1537 1523 1582 1547 re
1600 1509 1682 1548 non

281 1571 371 1607 satis
401 1570 629 1607 constitisse.
686 1570 803 1608 Adde
833 1567 1031 1607 Problem.
1057 1571 1221 1608 XXVI.
1251 1571 1317 1608 34.
1353 1585 1393 1623 p.
1423 1573 1522 1621 944,
1553 1588 1588 1613 a.
1626 1595 1681 1603 —-·

280 1635 457 1690 ξυνορμᾷ
486 1633 535 1672 Ν.
573 1648 649 1686 pro
679 1635 914 1690 συνεξορμᾷ.
947 1656 997 1661 --
1037 1631 1424 1701 τάςοάναθυμιάσεις
1450 1640 1493 1677 in
1509 1641 1682 1690 margine

278 1703 410 1752 posuit
431 1704 479 1741 F.
507 1724 557 1730 —
596 1698 735 1753 φθάνω]
764 1715 838 1753 pro
869 1697 1018 1753 φθάνει
1048 1702 1154 1739 Cam.
1184 1722 1239 1730 -——
1277 1702 1332 1748 εἷς
1358 1698 1404 1741 τὸ
1433 1702 1534 1742 πολὺ
1560 1707 1605 1744 Ρ.
1635 1707 1678 1744 S.

279 1769 366 1807 Cas.
397 1766 452 1816 εἷς
478 1764 652 1812 πολλοὺς
682 1769 733 1806 Α.
764 1789 815 1796 -
853 1764 950 1818 πὲση
979 1781 1054 1818 pro
1085 1764 1234 1820 ἐμπέσῃ
1257 1769 1302 1805 F.
1334 1789 1383 1794 ——
1414 1769 1574 1821 ποίησαι
1603 1785 1678 1822 pro

279 1835 440 1884 ποιῆσαι
475 1831 664 1871 exhibent
700 1834 750 1871 H.
778 1832 860 1878 N.‚
898 1847 1066 1884 quorum
1100 1835 1297 1885 posterior
1336 1836 1499 1886 praebet
1537 1837 1679 1876 deinde

279 1896 539 1951 κατακαφθέν
559 1912 635 1950 pro
656 1896 921 1938 κατακαυθὲν.

386 1968 426 2003 2.
463 1963 529 2002 καὶ
554 1961 667 2001 παύει
694 1978 770 2015 pro
798 1961 1026 2013 καταπαύει,
1056 1966 1197 2003 omisso
1229 1965 1371 2003 deinde
1398 1979 1455 2015 τε,
1483 1966 1600 2005 habet
1628 1970 1676 2006 F.

277 2051 331 2059 -—
359 2027 431 2080 τὴν
457 2027 529 2079 μέν
554 2054 659 2068 .....
687 2026 761 2080 τὴν
789 2026 853 2075 δέ,
888 2030 1030 2067 omisso
1056 2032 1128 2081 τῆς
1155 2037 1246 2067 ante
1275 2027 1491 2082 ξηρότητος
1512 2033 1573 2079 A„
1601 2046 1676 2083 qua

276 2096 496 2147 posteriore
521 2095 627 2153 iqre
647 2101 801 2133 secutus
825 2102 882 2133 est
903 2095 1074 2133 codicem
1092 2098 1139 2134 Ε.
1166 2097 1236 2146 τῆς
1265 2094 1308 2134 δὲ
1335 2092 1444 2145 τάχει
1471 2098 1528 2150 τῷ
1555 2094 1674 2149 ξηρό-

277 2175 396 2212 τητος
424 2162 552 2206 (38η1.,
599 2173 716 2211 quam
747 2161 956 2199 lectionem
990 2161 1188 2212 quomodo
1225 2161 1438 2199 defendere
1473 2163 1597 2212 possit
1631 2166 1672 2203 S.

279 2228 427 2265 discere
465 2227 600 2266 velim.
648 2227 698 2278 τῇ
725 2223 799 2276 μὲν
829 2254 975 2265 .....
1009 2228 1059 2279 τῇ
1088 2224 1134 2265 δέ
1157 2228 1201 2264 Ρ.
1233 2228 1273 2265 S.
1314 2228 1399 2265 Cas.
1445 2240 1526 2265 non
1555 2229 1668 2267 male.

275 2291 447 2344 γίνονται
477 2305 550 2342 pro
578 2289 722 2343 γίνεται
760 2293 907 2343 Olym
920 2306 959 2343 p.
997 2293 1068 2330 fol.
1097 2296 1168 2340 39,
1194 2293 1232 2330 b.
1261 2314 1316 2320 -—
1351 2291 1415 2331 καὶ
1443 2299 1532 2330 ante
1557 2291 1672 2344 μέχρι

279 2359 387 2397 deest
407 2357 512 2409 apud
531 2355 579 2395 A.
594 2379 650 2386 —-·
675 2356 930 2410 προδρομίων
949 2357 1003 2395 Ν.
1018 2379 1073 2385 —-
1100 2359 1235 2402 Verba
1264 2355 1340 2397 διὸ
1370 2357 1480 2409 περὶ
1504 2355 1671 2409 Ὠρίω-

277 2437 363 2469 νος
390 2419 644 2472 ἀνατολὴν
776 2451 786 2460 .
816 2421 1127 2476 προδρόμων
1149 2424 1197 2461 de
1212 2430 1302 2462 ortu
1321 2425 1523 2471 matutino,
1554 2437 1668 2473 quem

277 2490 420 2527 Graeci
437 2489 556 2539 vulgo
577 2485 758 2538 ἐπιτολήν
775 2502 916 2528 vocare
934 2490 1073 2535 solent,
1101 2489 1351 2539 intelligenda
1368 2495 1468 2537 sunt,
1497 2489 1585 2538 quia
1602 2489 1669 2526 ille

275 2553 382 2592 haud
400 2554 469 2592 diu
488 2561 577 2593 ante
593 2555 746 2593 solstitii
762 2556 902 2594 aestivi
919 2561 1070 2605 tempus
1088 2561 1126 2592 et
1143 2557 1350 2610 'etesiarum
1367 2555 1519 2593 initium
1537 2553 1666 2592 fiebat.

277 2621 445 2670 Quando
464 2626 594 2658 autem
615 2620 757 2664 deinde
774 2621 925 2659 adiicit:
955 2609 1114 2673 c’ae'zchvog
1139 2618 1183 2659 δὲ
1208 2620 1273 2660 καὶ
1296 2615 1468 2671 χαλεπὸς
1485 2613 1504 2656 ὃ
1523 2614 1666 2670 Ὠρίων

275 2681 371 2723 εἶναι
402 2684 513 2724 δοκεῖ
536 2712 675 2725 .....
703 2687 915 2736 χειμῶνος,
943 2693 1035 2724 tunc
1053 2686 1103 2723 de
1120 2686 1191 2724 illo
1208 2680 1291 2737 ipso
1312 2692 1403 2724 ortu
1419 2684 1608 2721 matutino
1627 2690 1666 2722 et

274 2749 324 2788 de
343 2763 480 2789 occasu
501 2752 693 2789 matutino
718 2753 820 2790 circa
846 2752 1023 2790 medium
1048 2751 1319 2790 Novembrem
1342 2749 1538 2799 loquitur,
1574 2751 1666 2800 quia

272 2815 365 2853 anni
393 2821 572 2866 tempora
595 2813 719 2868 θέρος
745 2823 785 2856 et
808 2813 956 2873 χειμών
982 2817 1059 2855 illis
1085 2817 1172 2856 fere
1199 2816 1334 2855 diebus
1366 2814 1663 2856 dirimebantur.
