1812 3158
464 378 685 420 LIBRUM
711 375 951 418 PRIMUM.
1018 375 1140 416 GAP.
1162 375 1236 416 IV.
1477 364 1574 410 363

130 509 305 535 nomena
325 494 502 533 diximus
523 494 703 531 Meteor.
722 497 804 529 νει.
831 503 874 542 p.
889 491 956 538 36,
985 487 1057 527 sed
1075 487 1292 528 cohaerere
1316 487 1403 527 eius
1422 485 1578 539 signifi-

131 565 330 603 cationem
358 576 449 601 cum
468 561 598 600 verbo
619 555 787 599 ἀί’“σσειν.
833 557 926 597 Alia
946 556 1126 596 eiusdem
1144 555 1333 597 vocabuli
1349 555 1484 596 forma
1502 560 1576 604 est,

131 646 209 685 qua
240 629 559 683 Apollonius
597 625 835 667 Rhodius
862 626 938 672 IV,
963 629 1045 665 820
1073 627 1224 666 utitur:
1265 621 1425 676 ἀνέμων
1454 619 1576 670 ἔϊκες.

134 722 191 728 -—
222 695 471 752 διαφέρει
501 694 552 736 δὲ
579 696 647 751 τῷ
677 694 880 746 μᾶλλον
908 689 934 746 ἢ
961 683 1118 745 ἧττον
1146 693 1577 739 efr.Politic.1,1,2:

133 763 285 818 πλήθει
317 763 383 805 καὶ
414 760 616 818 ὀλιγότητι
635 759 854 817 διαφέρειν,
885 758 969 801 ἀλλ’
994 758 1070 802 οὐκ
1088 758 1197 802 εἴδει.
1226 764 1287 802 Ita
1300 761 1407 801 infra
1425 761 1461 807 I,
1475 763 1540 810 11,
1553 763 1576 799 1

136 832 387 889 διαφέροντα
426 835 486 889 τῷ
519 833 677 885 μᾶλλον
708 829 775 871 καὶ
802 821 926 883 ἧττον
975 828 1043 869 καὶ
1084 826 1236 882 πλήθει
1265 827 1333 869 καὶ
1361 824 1579 882 ὀλιγότητι.

133 903 256 942 Adde
283 903 347 951 II,
380 905 427 952 1,
456 905 498 942 7.
538 903 593 952 11,
614 905 653 951 3,
681 899 750 940 45.
779 921 838 929 —
873 894 930 938 τὸ
962 894 1093 939 αὐτὸ
1133 894 1221 938 διὰ
1259 893 1355 950 τὴν
1397 894 1581 936 αἰτίαν

133 971 289 1009 omissis
317 967 388 1009 καί
416 976 458 1009 et
486 965 613 1022 αὐτήν
644 969 694 1009 Ε.
723 989 782 1007 --,
823 962 957 1021 ἀρχὴ
988 962 1033 1006 δ’
1060 963 1174 1007 ἐστὶ
1201 962 1404 1006 τούτων
1433 965 1581 1004 omisso

134 1037 200 1077 καὶ
228 1040 274 1077 Ρ.
298 1039 341 1078 S.

247 1111 287 1146 2.
314 1102 412 1159 γὰρ
439 1104 482 1143 in
503 1103 620 1142 initio
643 1102 884 1142 narrationis
904 1101 1095 1154 positum,
1125 1102 1181 1140 ita
1200 1108 1247 1141 ut
1268 1101 1582 1154 explicationem

133 1180 456 1226 antegressorum
474 1171 682 1210 exhibeat:
698 1170 783 1210 h.1.
798 1169 1021 1210 verborum
1039 1165 1065 1208 ἀ
1076 1165 1170 1222 ρχῆ
1195 1166 1236 1209 δ’
1252 1167 1365 1209 ἐστὶ
1380 1197 1390 1207 .
1403 1196 1414 1207 .
1426 1197 1438 1208 .
1451 1195 1462 1207 .
1475 1165 1502 1221 ἥ
1515 1167 1538 1208 δ
1548 1183 1581 1209 ε.

134 1243 210 1281 cfr.
238 1240 470 1281 Erfurdt
497 1239 549 1277 ad
578 1237 730 1291 Soph.
753 1237 959 1290 Antigon.
980 1251 1023 1276 v.
1038 1241 1134 1278 178.
1165 1238 1371 1290 Imprimis
1388 1238 1585 1289 frequen-

134 1316 244 1348 tatur
263 1315 356 1361 post
374 1307 702 1355 enuntiationem,
730 1307 775 1345 in
793 1319 871 1358 qua
893 1319 1122 1358 pronomen
1141 1306 1307 1359 aliquod
1330 1305 1586 1345 demonstra-

134 1378 279 1416 tivum.
338 1376 539 1428 Exempla
572 1376 741 1427 praebet
770 1374 1101 1415 Matthiaeus
1133 1375 1206 1414 Gr.
1233 1390 1298 1428 gr.
1339 1374 1376 1424 §.
1411 1375 1508 1413 615.
1538 1388 1582 1426 Ρ.

139 1445 264 1484 1243.
322 1444 469 1484 Verbis
509 1439 575 1490 ὥς
613 1457 754 1490 τινες
790 1440 996 1483 οἴονται
1020 1443 1188 1495 respicit
1211 1443 1268 1502 ad
1295 1444 1584 1491 Platonem,

134 1513 204 1565 qui
231 1513 277 1551 in
304 1513 475 1550 Timaeo
505 1525 546 1564 p.
571 1513 623 1551 56
648 1514 688 1551 D
719 1512 823 1550 dixit
842 1511 977 1550 omnia
999 1512 1199 1549 elementa
1224 1512 1269 1549 in
1291 1517 1443 1549 terram
1468 1524 1587 1562 posse

135 1580 296 1630 mutari,
325 1586 475 1619 terram
496 1592 599 1618 vero
617 1579 662 1617 in
681 1579 855 1617 nullum.
914 1579 1013 1617 Eius
1030 1578 1157 1616 verba
1175 1579 1274 1617 haec
1293 1585 1411 1617 sunt:
1441 1579 1491 1631 γῆ
1510 1575 1587 1629 μὲν

136 1644 467 1700 ’ξυντυγχάνουσα
502 1645 602 1699 πυρὶ
642 1641 886 1686 διαλυθεῖσά
924 1659 968 1684 τε
998 1640 1078 1684 ὕπὸ
1118 1642 1192 1697 τὴς
1227 1642 1425 1698 ὀξύτητος
1459 1643 1588 1686 αὐτοῦ

138 1712 288 1770 φέροιτ’
325 1711 397 1765 ἄν,
437 1711 513 1754 εἴτ’
547 1712 589 1753 ἐν
620 1710 732 1769 αὐτῷ
761 1713 858 1768 πυρὶ
889 1713 1063 1752 λυθεῖσα
1093 1710 1169 1753 εἴτ’
1204 1711 1247 1753 ἓν
1277 1711 1399 1767 ἀέρος
1436 1710 1510 1753 εἴτ’
1545 1712 1588 1754 ἐν

136 1779 292 1830 ὕδατος
320 1778 426 1837 ὄγκῳ
455 1779 594 1833 τύχοι,
623 1779 816 1837 μέχριπερ
852 1777 902 1821 ἂν
932 1778 1060 1833 αὐτῆς
1088 1797 1146 1836 πῃ
1174 1779 1424 1833 ξυντυχόντα
1442 1779 1495 1822 τὰ
1512 1779 1588 1833 με’-

139 1865 214 1905 ρη,
252 1846 374 1890 πάλιν
404 1848 743 1904 ξυναρμοσθέντα
776 1847 882 1890 αὐτὰ
911 1844 1071 1899 αῧτοῖς,
1107 1852 1157 1903 γῆ
1186 1847 1356 1903 γένοιτο.
1403 1847 1462 1890 οὗ
1490 1847 1587 1905 γὰρ

118 1917 214 1965 ..εἰς
245 1914 375 1957 ἄλλο
403 1931 458 1971 γε
487 1913 632 1965 εἶδος
667 1915 818 1958 ἔλθοι
847 1914 965 1958 ποτ’
998 1913 1071 1957 ἄν.
1132 1917 1254 1957 Adde
1284 1919 1405 1956 Plac.
1425 1916 1586 1958 Philos.

137 1986 246 2038 apud
272 1986 614 2026 Plutarchum
641 1989 681 2036 I,
706 1990 772 2026 17.
803 1988 926 2028 Tom.
948 1986 1022 2027 IV.
1052 1999 1094 2039 p.
1120 1986 1226 2026 5542
1257 1982 1333 2038 τὴν
1362 1987 1436 2039 γῆν
1465 1983 1523 2033 εἷς
1549 2001 1590 2026 τι

136 2050 294 2093 τούτων
322 2052 588 2107 (reliquorum
608 2055 734 2094 trium
752 2054 1062 2105 elementorum)
1084 2050 1383 2106 ἀμετάβλητον,
1415 2061 1456 2093 et
1474 2054 1591 2093 Phi-

138 2122 312 2174 lopon.
342 2122 395 2160 ad
422 2125 466 2169 Ι,
496 2126 540 2172 3,
569 2127 644 2172 21,
674 2123 786 2162 cuius
806 2123 933 2162 verba
956 2123 1000 2161 in
1018 2122 1266 2161 scholiorum
1292 2123 1494 2174 excerptis
1516 2122 1591 2161 ad-

139 2189 384 2240 scripsimus.
443 2191 655 2230 Caeterum
673 2205 756 2229 non
775 2205 874 2243 opus
892 2197 963 2240 est,
981 2196 1028 2229 ut
1045 2191 1279 2242 cogitemus,
1310 2190 1410 2228 alios
1427 2197 1592 2242 praeter

140 2257 419 2295 Platonem
445 2256 549 2296 hanc
575 2260 812 2298 sententiam
841 2257 1043 2297 habuisse.
1109 2258 1195 2296 Ubi
1224 2258 1332 2295 enim
1357 2256 1466 2295 hunc
1492 2271 1592 2310 sup-

141 2337 282 2375 presso
315 2324 478 2362 nomine
507 2332 620 2364 notat
633 2356 644 2376 ‚
686 2340 805 2377 saepe
837 2326 987 2378 plurali
1024 2339 1196 2364 numero
1235 2326 1378 2363 utitur.
1447 2322 1590 2365 Ethic.

144 2393 311 2430 Nic-om.
343 2394 374 2440 Ι,
397 2391 438 2438 4,
458 2396 504 2431 3:
545 2389 642 2446 ἔνιοι
674 2391 719 2432 δὲ
748 2390 879 2448 ᾤοντο
913 2423 922 2432 .
942 2421 977 2432 ..
998 2422 1007 2431 .
1039 2394 1091 2440 V,
1114 2396 1154 2438 7,
1180 2397 1227 2431 2:
1260 2391 1374 2431 δοκεῖ
1397 2389 1442 2431 δὲ
1471 2389 1593 2440 ἐνίοις
1635 2403 1640 2407 ’

143 2455 280 2498 πάντα
309 2454 409 2498 εἶναι
438 2460 612 2498 τοιαῦτα
643 2487 751 2499 .....
781 2463 853 2510 VI,
877 2464 942 2510 13,
964 2463 1010 2498 3:
1050 2456 1191 2512 διόπερ
1222 2458 1323 2513 φασὶ
1353 2456 1489 2507 πάσας
1517 2458 1593 2508 τὰς

144 2522 305 2581 ἆρετὰς-
326 2524 547 2580 φρονήσεις
575 2522 698 2577 εἶναι,
749 2541 850 2580 quae
879 2528 931 2566 ad
960 2528 1048 2566 loca
1081 2528 1178 2566 vide
1216 2529 1346 2568 Zell.
1388 2529 1508 2568 Tom.
1537 2531 1590 2570 H.

145 2608 185 2646 p.
207 2598 274 2634 17.
300 2598 395 2634 187.
414 2594 510 2635 247.
538 2597 670 2634 Ροίίι.
693 2598 723 2645 Ι,
745 2599 782 2644 1,
803 2599 850 2634 2:
882 2590 972 2634 ὅσοι
1000 2592 1076 2645 μὲν
1105 2587 1177 2634 οὗν
1207 2592 1362 2636 οἴονται
1394 2625 1403 2635 .
1423 2626 1432 2636 .
1453 2625 1490 2644 .,
1520 2596 1592 2635 ubi

145 2663 292 2700 iterum
314 2663 443 2701 solum
465 2664 673 2702 Platonem
701 2670 794 2702 ante
814 2665 950 2702 oculos
976 2662 1098 2702 habet
1125 2662 1313 2716 (Potitio.
1341 2679 1383 2717 p.
1409 2664 1502 2704 104.
1526 2664 1591 2703 ed.

147 2729 397 2783 Fischer).
428 2730 478 2768 de
502 2733 651 2769 anima
673 2734 712 2780 Ι,
733 2735 772 2771 2.
800 2745 839 2783 p.
859 2730 954 2778 404,
977 2744 1022 2769 a:
1053 2728 1116 2769 ἐπὶ
1145 2727 1271 2771 ταύτὸ
1304 2729 1498 2786 φέρονται
1524 2730 1591 2771 καὶ

149 2792 240 2835 ὅσοι
274 2795 456 2851 λέγουσιν
493 2796 568 2850 τὴν
606 2796 745 2851 ψυχὴν
782 2795 828 2838 τὸ
859 2793 958 2838 αὑτὸ
992 2801 1152 2848 κινοῦν,
1202 2813 1321 2852 quam
1355 2800 1591 2838 sententiam

149 2865 292 2903 Plato
321 2867 531 2918 proposuit
549 2868 591 2905 in
607 2866 820 2905 Phaedro.
855 2867 1046 2906 Acerbius
1065 2868 1216 2907 dictum
1237 2875 1307 2914 cst,
1328 2873 1373 2906 ut
1391 2868 1478 2907 fere
1497 2881 1590 2906 nos:
