1812 3158
367 357 459 400 372
581 359 1027 403 COMMENTARIUS
1056 361 1118 399 IN
1138 362 1541 402 METEOROLOG.

365 476 432 514 ubi
452 473 609 513 laudavi
633 474 658 510 S
671 486 802 510 enee.
837 473 1002 521 Quaest.
1019 477 1104 508 nat.
1120 472 1157 518 I,
1184 474 1217 517 1,
1238 468 1284 507 4:
1313 467 1363 506 Si
1378 471 1543 520 quando
1560 478 1681 509 tanta
1697 474 1760 510 vis

365 542 542 584 emicuit,
566 546 612 576 ut
628 540 752 575 etiam
769 536 959 574 advers-us
977 536 1080 573 diem
1096 536 1304 573 vindicare
1325 550 1442 573 suum
1455 535 1537 572 siba·
1547 535 1761 586 fulgorem

360 612 546 655 possent,
569 605 775 653 adparent
783 617 799 649 ;
829 603 1023 640 et'monui
1043 609 1177 639 nostra
1194 602 1309 639 etiam
1335 608 1458 639 aetate
1480 602 1607 638 stellas
1634 607 1761 640 trans-

364 672 532 708 silientes
549 669 724 707 interdiu
738 681 815 722 non
834 681 926 707 raro
945 681 1028 706 esse
1046 669 1279 716 observatas,
1295 668 1471 718 quamvis
1491 681 1534 704 ea
1553 667 1601 704 de
1618 681 1663 705 re
1681 681 1762 706 non

362 737 461 774 levis
491 736 686 773 exstiterit
712 735 759 772 lis
787 735 890 772 inter
909 734 1102 784 physicos,
1129 734 1194 785 qui
1215 734 1296 772 eius
1315 733 1423 770 modi
1444 747 1485 771 se
1502 733 1647 771 vidisse
1665 747 1761 771 con--

362 803 583 847 tenderent,
609 808 647 838 et
665 802 731 851 qui
749 806 945 850 negarent,
967 813 1040 850 qua
1059 800 1109 838 de
1125 813 1171 837 re
1189 800 1371 838 conferre
1386 799 1500 837 iussi:
1523 798 1762 850 Edinburglt.

362 883 450 905 neus
474 855 711 916 philosb'ph.
743 866 932 904 Journal.
982 868 1010 906 I.
1056 868 1158 917 Apr.
1186 888 1236 895 —-
1261 865 1395 903 Octbr.
1431 869 1549 903 1826.
1601 880 1640 916 p.
1669 869 1760 904 115.

360 947 399 971 v.
430 933 644 982 Froriep
673 933 856 970 Notizen
883 933 999 971 XIV.
1037 946 1071 982 p.
1100 935 1189 970 168.
1230 931 1581 982 Poggendorff
1603 931 1759 970 Annal.

360 1001 438 1038 IX.
465 1012 502 1049 p.
525 1000 600 1036 525
617 1011 697 1048 sqq.
724 998 890 1035 Ideler
919 997 1047 1035 Ueber
1066 998 1291 1048 Fenerkug.
1323 1011 1359 1048 p.
1377 1000 1442 1035 28.
1475 1017 1525 1026 —-
1564 998 1672 1035 Bene
1689 1009 1761 1034 au-

359 1071 439 1103 tem
463 1064 572 1102 addit
594 1062 658 1101 καὶ
680 1062 844 1114 αἰθρίας
870 1060 1007 1113 οἷῖσηςε
1038 1077 1229 1114 nusquam
1254 1064 1358 1101 enim
1378 1064 1481 1101 infra
1509 1063 1632 1100 nubes
1653 1063 1761 1101 visae

358 1128 567 1180 s‘unt‘(cfr.
600 1129 740 1168 Alex.
771 1129 818 1165 ab
848 1130 1117 1167 Humboldt
1149 1131 1321 1180 Voyage
1348 1143 1433 1166 aux
1459 1130 1543 1179 re'g.
1570 1130 1757 1179 e'quinox.

358 1198 473 1234 Tom.
494 1198 525 1235 Ι.
558 1209 596 1246 p.
616 1193 730 1245 161),
760 1195 831 1232 etsi
855 1194 897 1231 id
917 1194 958 1232 in
977 1195 1099 1244 igneis
1127 1195 1250 1245 globis
1277 1195 1415 1232 accidit
1439 1194 1650 1233 interdum.
1685 1195 1758 1232 cfr.

359 1261 558 1298 Gilbert
586 1258 737 1299 Annal,
767 1262 861 1299 XV.
890 1274 930 1311 p.
953 1263 1043 1298 211.

469 1330 533 1364 10.
568 1326 703 1363 Verba
721 1323 778 1369 ,εἷς
797 1322 843 1363 τὸ
873 1326 1019 1364 omittit
1037 1326 1088 1364 H.
1127 1322 1274 1378 ῥίπτειν
1301 1326 1490 1377 praebent
1513 1327 1560 1364 Ε.
1589 1327 1638 1364 A.
1668 1327 1759 1365 En:

356 1398 396 1429 at
434 1391 638 1429 transitive
674 1391 835 1441 ponitur
873 1389 1131 1442 καταρρέπειν
1168 1393 1272 1443 apud
1306 1391 1599 1443 Sophoclem
1630 1392 1759 1429 Anti-

354 1473 445 1508 gon.
480 1459 602 1504 1158,
640 1457 709 1495 ubi
737 1456 866 1494 Schol.
894 1446 1023 1509 y—Q-sd'e*
1038 1456 1283 1510 καταρρέπει,
1307 1454 1328 1496 ὅ
1348 1455 1453 1496 ἐστιν
1474 1455 1625 1496 πίπτειν
1643 1461 1758 1496 ποιεῖ,

355 1522 522 1562 Matth.
557 1523 709 1572 Gr.gr.
743 1522 771 1570 §.
791 1522 885 1561 423.
918 1546 967 1551 -—
997 1525 1043 1561 E.
1061 1523 1179 1560 habet
1197 1522 1251 1568 εἷς
1264 1525 1334 1574 γῆν
1362 1537 1437 1574 pro
1466 1519 1553 1574 τήν.
1610 1523 1669 1561 Ut
1688 1537 1759 1561 nos

356 1589 535 1627 dedimus
557 1601 647 1625 cum
668 1590 696 1625 B
709 1589 912 1634 ekkero,
943 1588 1104 1626 exhibet
1122 1590 1235 1627 etiam
1259 1589 1347 1628 cod.
1366 1589 1594 1627 Accoramb.
1613 1602 1650 1639 p.
1663 1589 1757 1627 474.

357 1676 406 1682 —-
440 1651 520 1692 διὸ
550 1653 631 1691 καὶ
663 1652 706 1692 οἳ
735 1653 966 1707 κεραυνοὶ
1002 1652 1132 1693 κάτω
1167 1653 1451 1693 πίπτουσιν.
1505 1656 1613 1695 Infra
1636 1657 1692 1704 ΙΙ,
1722 1658 1760 1694 9.

353 1734 393 1771 p.
413 1724 506 1765 369,
527 1733 550 1756 a
583 1720 723 1757 iisdem
747 1722 831 1758 fere
853 1721 1006 1768 verbis,
1041 1722 1180 1771 quibus
1207 1720 1245 1758 h.
1267 1722 1295 1758 l.
1322 1722 1456 1760 utitur.
1484 1742 1541 1749 --·
1585 1719 1666 1759 ἐπεὶ
1694 1719 1759 1758 καὶ

353 1782 455 1823 κατὰ
473 1781 594 1836 φύσιν
609 1799 648 1836 γε
677 1788 719 1822 Α.
745 1787 852 1824 Cam.
874 1789 943 1824 Er.
973 1784 1054 1824 ἐπεὶ
1083 1785 1184 1825 κατὰ
1213 1783 1332 1838 φύσιν
1362 1789 1505 1824 omisso
1535 1800 1576 1838 γε
1606 1789 1646 1825 S.

464 1855 480 1888 1
493 1854 526 1887 1.
554 1850 633 1887 Pro
653 1846 728 1892 ὅσα
745 1852 788 1887 Ρ.
807 1853 846 1888 8.
866 1852 951 1890 Cas.
967 1853 1156 1902 praebent
1170 1847 1299 1890 ὁπόσα
1317 1876 1367 1881 -—
1379 1854 1533 1902 μᾶλλον
1550 1852 1699 1891 omittit
1712 1855 1758 1892 E.

355 1936 400 1942 -
424 1911 617 1968 ἆνωτάτῳ
635 1917 673 1953 8.
693 1917 778 1954 Cas.
810 1912 893 1954 ἄνω
911 1918 1018 1956 Cam.
1038 1919 1087 1955 A.
1105 1919 1171 1955 Er.

466 1984 529 2018 12.
569 1979 593 2018 ὃ
603 1977 625 2018 ε’
656 1987 745 2031 post
779 1983 913 2032 plures
946 1983 1230 2021 enuntiationes
1264 1983 1516 2021 intermedias
1538 1983 1756 2021 orationem

352 2046 581 2096 antegressis
605 2059 742 2084 rursus
761 2048 946 2088 adnectit.
1002 2049 1220 2086 Commode
1244 2049 1365 2086 latino
1389 2050 1582 2087 vocabulo
1604 2050 1756 2098 igitur

352 2111 468 2165 reddi
492 2117 642 2162 potest:
680 2112 774 2151 vide
800 2114 1057 2152 Heindorf
1079 2115 1128 2152 ad
1155 2116 1276 2152 Plat.
1306 2116 1524 2165 Protagor.
1554 2128 1592 2164 p.
1610 2116 1687 2152 315
1712 2117 1756 2163 B,

352 2177 645 2230 Bernhardy
673 2178 724 2215 ad
750 2180 956 2229 Dionys.
989 2178 1191 2231 Perieges.
1212 2184 1277 2218 22.
1298 2183 1439 2231 p.53o.
1463 2203 1513 2209 ——-
1543 2177 1672 2225 ὅπως
1700 2176 1756 2218 ἂν

352 2239 510 2292 τύχοι,
539 2249 585 2281 ut
603 2246 742 2292 solent,
771 2245 821 2283 A.
837 2246 944 2284 Cam.
963 2247 1031 2284 Er.
1049 2248 1091 2285 P.
1113 2249 1151 2285 S.
1173 2247 1257 2285 Cas.
1279 2269 1328 2275 —
1358 2243 1382 2296 ἢ
1402 2251 1492 2284 ante
1511 2242 1592 2284 ἅνω
1611 2246 1756 2283 omittit

352 2308 404 2346 N.
433 2328 483 2334 -
513 2305 681 2348 πάντα
705 2308 798 2362 γὰρ
830 2309 920 2361 τὴν
954 2308 1082 2350 κατὰ
1118 2309 1405 2363 διάμετρον
1444 2309 1657 2363 φέρεται
1693 2308 1752 2348 τὰ

352 2375 573 2412 τοιαῦτα
602 2376 687 2414 cod.
706 2378 1083 2415 Accoramboni
1108 2391 1146 2429 p.
1167 2378 1261 2417 474.
1303 2380 1510 2417 Caeterum
1528 2377 1650 2415 verba
1669 2374 1752 2414 διὰ

353 2436 405 2476 δὲ
431 2436 525 2490 τὴν
552 2437 701 2480 θέσιν
721 2469 843 2482 ......
863 2445 1079 2482 τόιαῦτα
1100 2445 1216 2495 paulo
1241 2444 1465 2483 difficiliora
1482 2449 1584 2480 sunt.
1619 2444 1752 2491 Quae—

350 2505 453 2543 ritur
473 2506 598 2555 enim,
627 2509 783 2558 quando
804 2510 846 2547 vi
867 2510 1076 2557 deorsum,
1103 2517 1266 2549 naturae
1289 2511 1375 2561 lege
1397 2521 1551 2547 sursum
1575 2508 1753 2547 serantur

350 2582 507 2609 necesse
531 2572 602 2621 sit,
632 2574 738 2623 quod
754 2575 1052 2626 intelligendum
1078 2583 1137 2615 est
1166 2577 1215 2614 de
1237 2582 1347 2614 motu
1363 2575 1579 2625 centripeto
1599 2580 1638 2612 et
1658 2587 1752 2612 cen-

350 2636 518 2686 trifugO,
545 2650 616 2676 cur
631 2652 718 2682 ,non
736 2641 895 2678 omnino
923 2642 1138 2692 quiescant,
1170 2649 1332 2691 utraque
1354 2641 1395 2678 vi
1419 2641 1503 2690 pari
1528 2640 1751 2693 intensitate

350 2701 554 2749 gaudente.
616 2706 724 2742 Bene
754 2707 881 2752 enim,
920 2714 958 2745 et
987 2709 1123 2746 melius
1152 2709 1314 2747 fortasse
1323 2734 1334 2752 ,
1370 2719 1486 2755 quam
1514 2706 1628 2743 multi
1662 2712 1751 2756 post

350 2778 441 2816 eum
456 2766 727 2819 mathematici,
747 2772 937 2822 explicuit
954 2779 993 2810 et
1012 2772 1295 2811 demonstravit
1310 2771 1485 2810 Aristo
1496 2778 1512 2810 t
1523 2773 1635 2821 eles,
1653 2784 1749 2823 qua-
