1812 3158
435 350 656 392 LIBRUM
684 349 924 391 PRIMUM.
984 349 1112 390 GAP.
1132 351 1204 392 IV.
1232 370 1234 372 v
1443 344 1537 389 373

99 464 183 503 lem
199 463 461 504 directionem
478 464 728 503 nanciscatur
748 477 912 516 corpu8‚
943 463 1099 503 duobus
1125 464 1280 507 viribus
1301 471 1371 506 aut
1388 480 1440 506 ex
1457 481 1533 520 op-

97 533 227 582 posito
244 538 313 571 aut
329 545 412 570 non
430 545 483 570 ex
500 531 684 584 opposito
700 531 966 571 moventibus.
994 533 1069 571 cfr.
1081 532 1284 572 Problem.
1294 535 1531 574 Meolzanic.

95 613 134 651 p.
157 600 258 649 848,
277 600 318 639 b.
377 598 614 649 ffletaphys.
645 599 754 645 XII,
785 602 824 638 8.
854 613 896 651 p.
915 601 1046 646 1073,
1064 613 1088 638 a
1108 613 1166 651 sq.
1199 602 1248 639 de
1268 610 1460 652 generat.
1491 611 1532 641 et

95 669 274 704 interitu
299 669 359 717 Π,
382 671 447 705 10.
475 679 515 718 p.
532 668 634 715 336,
655 679 691 705 a.
721 667 980 718 Poselger
1007 668 1051 706 in
1076 666 1292 707 Abhandl.
1317 668 1391 707 der
1414 670 1528 710 Berl.

94 733 231 773 Acad.
251 737 370 774 1829.
405 731 464 774 Gt.
488 733 685 773 mathem.
711 747 753 785 p.
776 737 830 772 66
852 747 910 786 sq.
974 737 1032 774 At
1060 735 1164 774 bene
1197 735 1420 774 notandum
1454 742 1527 786 est,

92 801 244 840 verba:
283 797 418 840 πάντα
445 798 523 854 γὰρ
551 795 656 840 κατὰ
687 797 906 853 διάμετρον
943 801 1105 857 φέρεται
1143 804 1313 843 τοιαῦτα
1352 817 1433 842 non
1471 804 1527 843 ita

90 881 176 906 esse
205 869 466 920 explicanda,
503 883 549 908 ac
576 869 610 907 si
637 869 791 908 viribus
826 869 980 910 duabus
1014 871 1089 909 sibi
1121 871 1295 909 invicem
1335 872 1528 923 oppositis

88 934 258 974 directio
277 933 380 975 κατὰ
402 933 618 989 διάμετρον
630 937 826 988 prodiret,
847 937 954 988 quod
971 938 1062 977 fieri
1080 939 1238 989 nequit:
1269 935 1398 978 κατὰ
1420 936 1445 977 δ
1452 953 1464 976 ι
1476 934 1525 977 ά-

84 1016 179 1052 μετ
192 1017 281 1054 ρον
308 1004 416 1042 enim
436 1004 541 1043 nihil
560 1010 620 1042 est
639 1004 762 1051 aliud,
793 1018 910 1055 quam
930 1006 1039 1057 quod
1057 1006 1175 1057 paulo
1195 1011 1286 1044 ante
1306 1019 1474 1045 vocave1
1484 1012 1524 1045 at

85 1069 142 1116 εἰς
167 1067 214 1109 τὸ
243 1068 426 1123 πλάγιον.
482 1072 886 1111 Vicomercatus
924 1079 1151 1124 comparat:
1209 1068 1262 1111 τὰ
1291 1069 1522 1126 τετράποδα

83 1141 245 1176 κινεῖται
280 1136 384 1177 κατὰ
419 1136 638 1191 διάμετρον
673 1139 724 1177 de
747 1141 894 1179 incess.
919 1142 1096 1196 argimal.
1126 1144 1162 1180 1.
1192 1155 1232 1192 p.
1252 1140 1353 1190 704,
1372 1140 1411 1179 b.
1447 1142 1519 1179 cfr.

82 1217 116 1243 e.
142 1205 204 1243 14.
234 1219 273 1257 p.
296 1209 391 1255 712,
410 1219 443 1244 a.
467 1221 526 1259 sq.
552 1206 622 1244 ubi
641 1206 748 1245 hunc
767 1213 922 1246 motum
949 1209 1006 1246 ita
1030 1208 1243 1248 describit:
1273 1206 1316 1247 αἶ
1341 1206 1418 1259 μὲν
1446 1200 1519 1248 οὖν

80 1268 256 1322 κάμψεις
283 1274 365 1311 τῶν
394 1274 545 1313 σκελῶν
573 1269 720 1313 τοῦτόν
739 1288 782 1314 τε
804 1272 876 1314 τὸν
903 1272 1056 1327 τρόπον
1084 1273 1219 1326 ἔχουσι
1249 1274 1316 1315 καὶ
1347 1273 1414 1314 διὰ
1444 1273 1518 1322 τὰς

78 1338 212 1385 αἰτίας
239 1336 314 1386 τὰς
341 1339 574 1392 εἰρημένας,
603 1346 766 1381 κινεῖται
795 1341 841 1382 δὲ
868 1339 920 1382 τοὶ
950 1340 1123 1382 ὀπίσθια
1154 1340 1259 1396 πρὸς
1285 1340 1338 1382 τὰ
1366 1341 1517 1396 ὶζιιῑιρο-

77 1410 178 1446 σθεν
206 1404 310 1446 κατὰ
339 1405 571 1461 διάμετρον.
622 1405 726 1459 μετά
755 1406 832 1462 γὰρ
863 1402 910 1449 ‘cti
940 1408 1068 1457 d'e‘gzbv
1096 1411 1178 1450 τῶν
1207 1407 1442 1461 ἔμπροσθεν
1470 1407 1516 1449 τὸ

76 1470 286 1527 ἀριστερόν
315 1477 397 1515 τῶν
427 1473 600 1516 ὄπισθεν
618 1478 806 1525 κινοῦσιν,
835 1472 921 1516 εἶτα
939 1475 986 1516 τὸ
1008 1474 1220 1528 ἀριστερὸν
1249 1479 1331 1516 τῶν
1362 1474 1515 1530 ἔμπρο-

75 1543 199 1588 σθεν,
243 1539 349 1592 μετὰ
377 1541 421 1583 δὲ
451 1546 571 1598 τοῇτο
600 1541 647 1582 τὸ
678 1540 807 1590 δεξιὸν
834 1546 917 1583 τῶν
945 1541 1131 1584 ὄπισθεν.
1198 1544 1316 1582 Adde
1344 1546 1511 1583 Histor.

75 1611 250 1648 animal.
281 1613 340 1660 H,
366 1615 403 1661 1,
426 1616 461 1651 8.
491 1625 530 1663 p.
552 1612 647 1660 498,
668 1611 693 1649 b
721 1611 852 1650 Bekk.
893 1608 934 1649 αἱ
967 1609 1011 1650 δὲ
1037 1608 1210 1663 κινήσεις
1239 1613 1319 1650 τῶν
1347 1608 1422 1661 μὲν
1450 1625 1512 1651 τε·

71 1674 290 1728 τραπόδων
321 1677 387 1716 καὶ
415 1674 660 1718 πολυπόδων
688 1674 792 1718 κατὰ
821 1674 1040 1731 διάμετρόν
1068 1678 1143 1718 εἰσι
1172 1677 1237 1718 καὶ
1258 1673 1419 1716 ἑστᾶσιν
1442 1674 1511 1716 02³-

69 1756 175 1790 τως·
217 1739 241 1796 ἡ
274 1741 315 1783 (5²
345 1742 448 1798 ἀρχὴ
481 1742 560 1785 ἀπὸ
591 1746 672 1785 τῶν
703 1744 842 1791 δεξιῶν
871 1747 1006 1784 πᾶσιν.
1065 1748 1167 1785 Cum
1198 1746 1322 1784 tribus
1352 1745 1508 1783 dimen-

68 1812 245 1850 sionibus
264 1813 463 1864 gaudeant
482 1827 675 1866 corpora,
705 1813 831 1851 tribus
849 1814 968 1851 etiam
995 1814 1126 1851 modis
1157 1814 1321 1852 omnino
1349 1813 1507 1852 moveri

65 1886 247 1931 possunt.
308 1878 429 1931 Phys.
458 1881 700 1920 Auscultat.
728 1881 782 1930 V,
804 1882 842 1919 5.
873 1894 915 1932 p.
934 1884 1029 1930 229,
1050 1881 1095 1918 b:
1125 1879 1286 1920 ἐναντία
1307 1905 1358 1910 —
1376 1875 1402 1932 ἦ
1423 1876 1506 1919 ἄνευ

65 1943 177 1999 φορά
211 1946 277 1986 καὶ
306 1942 331 1999 ἦ
360 1946 492 1987 κάτω·
527 1946 688 1986 ἐναντία
715 1942 792 1999 γάρ
822 1949 952 1989 ταῦτα
983 1946 1024 1987 ἐν
1051 1945 1191 1999 μήκει·
1221 1947 1285 1988 καὶ
1306 1943 1332 2000 ἦ
1353 1947 1409 1992 εἷς
1438 1947 1504 1986 δε-

64 2011 130 2061 ξιὰ
156 2016 207 2068 τῇ
234 2014 291 2061 εἷς
319 2011 526 2067 ἀριστερά.
564 2013 725 2054 ἐναντία
754 2012 831 2067 γὰρ
860 2017 992 2055 ταῦτα
1021 2013 1062 2055 ἓν
1093 2013 1257 2056 πλάτει·
1297 2014 1363 2055 καὶ
1393 2010 1416 2067 ἥ
1447 2015 1503 2061 εἷς

62 2078 296 2133 ἔμπροσθεν
323 2084 374 2135 τῇ
403 2082 460 2129 εἷς
487 2080 533 2122 τὰ
559 2080 753 2122 ὄπισθεν·
784 2081 945 2122 ἐναντία
967 2080 1045 2136 γὰρ
1064 2082 1129 2123 καὶ
1150 2086 1280 2123 ταῦτα
1304 2082 1359 2133 [ἓν
1375 2079 1501 2132 βάθει

61 2148 175 2187 addit
202 2150 291 2188 cod.
308 2151 567 2190 Laurentian.
597 2150 671 2200 F.].
726 2153 773 2191 In
794 2151 1088 2201 longitudinem
1108 2148 1230 2200 (κατὰ
1246 2153 1397 2202 μῆκος)
1425 2151 1500 2200 igi-

61 2221 129 2253 tur
146 2217 304 2254 moveri
318 2224 547 2267 nequeunt,
578 2216 629 2256 de
650 2219 794 2269 quibus
813 2232 946 2256 sermo
965 2223 1038 2263 est,
1068 2231 1238 2268 corpora
1259 2218 1381 2268 ignita
1398 2230 1499 2268 pro-

58 2288 152 2333 pter
175 2296 332 2321 causam
363 2285 484 2335 paulo
519 2291 610 2322 aute
640 2287 862 2336 prolatam,
897 2284 973 2322 nisi
1000 2284 1223 2330 rarissime,
1255 2283 1414 2335 quando
1434 2284 1498 2322 vis

57 2356 249 2397 naturae,
288 2363 390 2401 quae
421 2364 578 2389 sursum
612 2352 749 2402 pellit,
787 2353 967 2390 vincitur
997 2357 1066 2388 aut
1097 2351 1226 2389 vincit
1253 2352 1358 2399 vim,
1395 2364 1496 2401 quae

57 2417 247 2456 deorsum
272 2431 316 2455 ea
341 2418 543 2467 detrudit3
578 2418 686 2457 unde
714 2419 819 2457 dixit
846 2416 908 2457 τὰ
938 2418 1158 2456 πλεῖστα
1188 2416 1244 2462 εἷς
1260 2412 1307 2456 τὸ
1326 2413 1494 2469 πλάγιον

57 2482 233 2537 φέρεται.
291 2485 460 2523 Restant
479 2491 613 2523 motus
641 2482 742 2524 κατα
772 2483 925 2531 πλάτος
955 2491 995 2523 et
1023 2481 1126 2523 κατὰ
1153 2479 1313 2534 βάθος,
1351 2485 1493 2536 quibus

54 2551 156 2590 nihil
181 2552 311 2590 obstat
338 2559 378 2590 et
405 2566 504 2603 quae
531 2553 634 2590 bene
661 2552 849 2591 dicuntur
870 2566 957 2590 esse
983 2557 1114 2590 motus
1142 2547 1246 2601 κατὰ
1276 2547 1491 2603 διάμετρον

55 2624 123 2656 aut
149 2617 192 2665 ἐς
218 2621 266 2658 τῦ
296 2616 479 2672 πλάγιον.
537 2620 770 2659 Monuimus
797 2626 928 2657 autem
952 2632 1094 2670 supra,
1124 2617 1273 2657 habere
1296 2619 1370 2657 ista
1397 2632 1490 2657 cot-

54 2698 154 2735 pora
171 2687 419 2726 latitudinem
443 2694 484 2725 et
501 2688 767 2736 altitudinem,
795 2687 977 2738 quamvis
998 2687 1071 2725 vix
1091 2686 1378 2737 comparabiles
1398 2699 1489 2724 cum

55 2753 315 2803 longitudine.
356 2778 406 2784 —
466 2755 647 2794 Eandem
677 2755 987 2806 explicationem
1026 2751 1130 2806 (qua
1162 2767 1253 2792 usus
1283 2759 1343 2791 est
1372 2753 1487 2791 etiam

54 2821 156 2859 Fro
170 2821 385 2860 mondus
404 2823 622 2862 M'eteorol.
642 2826 690 2872 H,
713 2825 750 2861 8.
778 2836 820 2875 p.
839 2819 910 2874 84)
940 2821 1130 2873 probavit
1158 2821 1369 2866 Seneca,
1398 2833 1489 2859 cum
