1820 3158
341 355 449 398 XVI
827 347 1237 393 PRAEFATIO.

340 465 534 506 differunt
563 462 750 518 exempla
781 464 879 503 anni
909 463 1036 510 1590,
1087 471 1192 513 quae
1213 457 1405 498 eiusdem
1432 469 1523 497 esse
1551 457 1742 497 videntur

339 533 643 587 impressionis,
683 531 762 569 nisi
791 530 899 583 quod
925 537 1018 582 post
1048 525 1212 567 titulum
1240 523 1440 565 exhibent
1475 523 1622 564 folium
1651 532 1743 578 post

339 599 501 640 titulum
531 599 822 638 dedicatorium
852 597 903 636 ad
933 595 1096 635 Sixtum
1125 593 1189 644 V,
1219 590 1589 648 praefatiunculam
1613 606 1744 647 quan-

341 669 434 708 dam
462 668 590 720 ipsius
622 663 939 713 Accoramboni,
968 663 1107 703 addito
1135 670 1367 702 erratorum
1395 674 1524 715 parvo
1554 659 1742 709 elencho,

340 736 565 775 continens.
624 731 780 772 Omnes
809 732 905 771 inde
935 732 1069 770 varias
1097 728 1299 769 lectiones
1329 729 1745 783 deprompsimus.—

339 799 571 842 Nonnullas
600 801 643 839 in
671 814 747 840 sua
775 799 955 840 editione
985 796 1176 839 exhibuit
1204 798 1328 837 etiam
1356 795 1660 846 Morellius,
1688 810 1743 836 ex

338 866 464 908 MSS,
502 869 665 921 petitas.
720 867 776 907 At
802 880 855 907 ex
884 865 1134 907 editionibus
1166 862 1410 905 Camotiana
1440 874 1481 905 et
1509 863 1744 905 Basileensi

338 937 461 975 tertia
478 937 626 989 petitae
647 944 763 985 sunt,
792 937 1017 975 maximam
1045 933 1191 974 saltem
1221 942 1403 987 partem,
1437 946 1538 987 quas
1568 933 1611 972 in
1634 947 1746 973 mar-

338 1005 435 1057 gine
465 1003 802 1042 commemoravit
839 1000 1222 1051 casaubonus,
1257 1001 1447 1055 ,indeque
1485 999 1744 1042 Du-Val-

336 1070 461 1111 lius.
490 1095 543 1101 —
575 1069 736 1120 Quibus
768 1071 818 1111 de
844 1070 1094 1111 editionibus
1121 1069 1232 1110 infra
1259 1070 1296 1119 ᾖ.
1319 1067 1361 1109 V
1390 1077 1550 1123 agetur.

467 1227 509 1290 ξ.
543 1228 624 1274 IV.
698 1228 786 1274 De
825 1227 1086 1289 graecis
1131 1225 1614 1290 interpretibus.

447 1346 554 1388 Tres
583 1349 634 1389 ad
664 1356 847 1388 nostram
886 1356 1061 1389 aetatem
1100 1355 1377 1403 pervenerunt
1411 1346 1454 1388 i‘n
1490 1345 1745 1388 Meteorclo-

335 1417 428 1470 gica
467 1415 703 1458 Aristotelis
743 1418 1050 1466 commentarii,
1100 1418 1214 1471 prior
1252 1414 1317 1456 Al
1328 1429 1350 1454 e
1361 1430 1391 1456 x
1402 1429 1427 1455 a
1438 1429 1461 1456 n
1476 1416 1501 1456 d
1513 1417 1560 1456 ri
1577 1444 1589 1465 ,
1640 1414 1745 1455 alter

336 1482 488 1535 Olym
504 1485 744 1537 piodori,
786 1487 931 1525 tertius
961 1483 1182 1524 Ioannis
1211 1482 1535 1537 Philoponi,
1577 1484 1628 1524 de
1658 1484 1746 1538 qui-

334 1550 411 1590 bus
440 1552 524 1590 iam
562 1551 781 1591 dicendum
811 1562 885 1592 est.
944 1551 1241 1593 Commentarii
1281 1550 1536 1601 Alexandri,
1583 1550 1746 1605 Aphro-

333 1618 447 1658 diseo
477 1617 599 1658 huius
629 1621 808 1659 nominis
837 1623 1109 1673 grammatico
1140 1619 1375 1661 tribuuntur
1402 1622 1446 1661 in
1470 1619 1561 1660 cod.
1584 1618 1747 1659 Vindo-

286 1687 290 1690 ’
332 1685 510 1726 bonensi
539 1686 648 1738 apud
677 1686 917 1727 Lambec.
952 1687 1044 1727 Vll.
1084 1703 1123 1741 p.
1156 1692 1232 1729 185
1264 1703 1350 1743 sq.,
1388 1690 1524 1728 eidem
1551 1686 1638 1737 illi,
1678 1689 1746 1742 qui

332 1754 376 1792 in
397 1760 456 1792 tot
476 1751 711 1792 Aristotelis
741 1755 893 1806 scripta
923 1763 1226 1807 composuerat,
1256 1764 1301 1794 ut
1328 1756 1483 1794 idcirco
1514 1752 1533 1795 ὁ
1556 1754 1747 1808 ἐξηγητής

333 1828 562 1861 vocaretur.
621 1817 707 1859 Cfr.
738 1820 791 1859 ad
819 1820 1016 1874 Excerpt.
1046 1820 1081 1870 l,
1113 1825 1153 1871 6,
1184 1825 1223 1860 3.
1281 1819 1405 1860 Plura
1433 1830 1543 1871 sunt,
1574 1835 1627 1862 ex
1657 1824 1746 1876 qui-

333 1887 412 1928 bus
438 1885 587 1941 aliquis
608 1888 824 1926 veritatem
844 1886 966 1928 huius
988 1890 1230 1929 assertionis
1258 1888 1475 1942 probatum
1505 1890 1565 1928 ire
1585 1898 1744 1943 posset.

331 1955 498 1995 Etenim
530 1963 673 1995 auctor
706 1963 844 1995 noster
871 1954 943 1995 fol.
978 1960 1079 2005 126,
1109 1970 1134 1996 a
1181 1965 1370 2011 quartum
1397 1955 1556 1997 librum,
1580 1958 1743 1997 tertium

331 2020 531 2062 librorum
562 2023 612 2062 de
642 2024 909 2077 generatione
939 2032 981 2064 et
1001 2025 1171 2064 interitu
1192 2039 1284 2065 esse
1304 2025 1485 2065 censuit:
1516 2025 1626 2065 idem
1647 2024 1745 2065 fecit

331 2088 642 2130 Alexander
696 2089 1148 2144 Aphrodisiensis
1205 2101 1308 2133 teste
1357 2091 1742 2147 Olympiodoro

331 2155 404 2197 fol.
435 2162 482 2208 3,
511 2172 537 2197 a
572 2166 612 2198 et
639 2158 788 2198 iisdem
816 2158 903 2198 fere
933 2157 1096 2208 verbis,
1138 2160 1287 2213 quibus
1318 2169 1460 2201 noster
1488 2159 1743 2211 Alexander,

331 2226 460 2265 utitur
489 2233 632 2266 auctor
651 2224 751 2266 libri
774 2225 950 2281 ἀποριῶν
973 2226 1038 2266 καὶ
1066 2226 1216 2268 λύσεων
1238 2228 1314 2279 ΙΙΙ,
1339 2234 1404 2278 14,
1434 2242 1555 2282 quem
1576 2227 1743 2283 Aphro-

331 2293 518 2334 disaeum
547 2293 790 2347 perhibent,
835 2293 908 2334 ubi
934 2293 1077 2334 laudat
1103 2294 1467 2337 Aristotelem
1502 2296 1544 2337 ἐν
1573 2300 1631 2353 τῷ
1660 2296 1744 2336 ἔπι-

330 2361 568 2418 γραφομὲνῳ
596 2362 669 2414 μὲν
697 2362 874 2419 τετάρτῳ
903 2365 1268 2416 μετεωρολογικῶν,
1315 2363 1399 2405 ὄντι
1426 2364 1471 2404 δὲ
1501 2367 1656 2420 μᾶολλον
1685 2365 1744 2405 οῗ-

331 2429 421 2483 κείῳ
453 2432 501 2482 τῇ
534 2431 622 2484 περὶ
657 2430 841 2484 γενέσεως
882 2431 947 2471 καὶ
986 2434 1151 2486 φθορᾶς
1187 2433 1453 2490 πραγματείᾳ.
1520 2432 1743 2472 Praeterea

332 2493 745 2550 olympiodorus
766 2497 838 2540 fol.
861 2502 927 2549 38,
946 2499 972 2540 b
999 2500 1052 2540 ad
1070 2498 1356 2541 Alexandrum
1367 2499 1741 2554 Aphrodisiensem

332 2572 550 2616 provocat,
593 2564 665 2605 ubi
695 2566 744 2606 de
773 2581 818 2606 re
848 2568 984 2621 agitur
1019 2582 1123 2622 quae
1162 2570 1206 2609 in
1239 2576 1379 2609 nostra
1407 2566 1649 2621 paraphrasi
1677 2581 1742 2607 re-

332 2633 499 2684 peritur.
557 2632 720 2673 Deinde
751 2644 889 2675 noster
919 2637 1042 2676 etiam
1071 2635 1311 2677 Alexander
1348 2635 1667 2675 commentarios
1698 2635 1739 2674 in

331 2697 482 2739 librum
510 2701 560 2741 de
592 2700 707 2740 caelo
737 2705 1039 2757 conscripserat
1069 2704 1161 2753 (cfr.
1192 2704 1244 2744 ad
1272 2703 1466 2756 Excerpt.
1496 2701 1538 2751 Ι,
1569 2705 1617 2751 3,
1648 2707 1696 2742 21
1709 2702 1740 2755 ),

331 2767 453 2806 sicuti
485 2766 810 2821 Aphrodisiaeus
839 2769 930 2824 plus
960 2786 1081 2826 quam
1113 2772 1268 2812 centies
1298 2784 1323 2810 a
1342 2769 1624 2824 Simplicio
1653 2768 1741 2810 lau-
