1820 3158
208 314 279 353 ET
306 312 522 353 OLYMP.
552 311 614 350 IN
633 311 815 350 ARIST.
844 308 1187 350 METEOROL.‘
1208 309 1312 349 LIB.
1332 309 1366 348 Ι.
1440 300 1531 345 135

92 424 335 480 λεπτομερὲς
361 427 437 478 τῆς
466 421 705 471 καπνώδους
732 419 1049 475 ἀναθυμιάσεως
1076 418 1176 476 ὅπερ
1205 418 1279 463 οὐκ
1298 418 1376 474 ἕχει
1392 418 1440 462 τὸ
1463 419 1535 462 ἀν-

91 493 282 534 τίτυπον·
315 491 384 533 διὰ
409 495 531 533 τοῦτο
561 490 639 547 γὰρ
668 490 736 531 καὶ
765 487 919 545 ἀργῆτα
948 487 1144 544 κεραυνὸν
1173 485 1254 531 εἷπε
1284 488 1353 530 διὰ
1378 487 1427 530 τὸ
1458 487 1535 544 ἆρ-

91 562 172 614 γῶς
199 559 337 601 καίειν.
375 558 582 612 ψολοέντα
613 558 658 600 δὲ
687 557 756 599 διὰ
781 556 828 599 τὸ
856 555 1049 611 ψαύοντα
1078 556 1292 610 μελαίνειν.
1329 558 1364 599 εἲ
1392 556 1439 598 δὲ
1466 556 1534 598 ἔκ-

91 628 253 683 κριθείη
284 627 571 683 ἐκπυρωθεῖσα
597 625 702 680 μετὰ
731 625 903 691 ιζτμίδος
931 630 1041 667 ποιεῖ’
1062 623 1135 667 τὸν
1161 628 1392 681 πρηστῆρα,
1422 622 1535 673 ὅστις

92 695 207 736 καίει.
238 693 344 749 πλὴν
369 693 429 749 μὴ
459 693 693 751 ἀπορήσῃς,
724 693 793 736 διὰ
819 694 863 736 τί
888 690 909 735 ὃ
931 691 1125 748 κεραυνὸς
1153 686 1209 742 ὥς
1237 691 1339 747 ἔχων
1367 691 1535 748 ξηροτέ-

93 778 170 816 ραν
196 761 299 817 ὕλην
325 762 383 817 μὴ
412 766 572 816 μᾶλλον
600 764 715 805 καίει.
755 760 899 819 ῥητέον
926 760 1028 818 γάρ,
1066 759 1129 803 ὅτι
1158 760 1227 802 διὰ
1255 760 1302 803 τὸ
1332 759 1391 816 μὴ
1423 760 1535 802 ἀντι-

90 830 269 881 βαίνειν·
314 829 447 880 οῧτως
485 832 552 872 καὶ
583 830 754 887 σιδήρου
793 829 1082 887 πυρωθέντος,
1126 829 1193 871 ἐπ’
1227 828 1397 871 ἔλαττον
1434 829 1534 871 καίει

90 895 137 938 τὸ
160 901 266 954 πῦρ·
292 901 452 951 μᾶλλον
478 898 556 955 γὰρ
586 896 805 954 ἁπτόμεθα
832 897 964 954 πυρὸς
990 897 1018 953 ἢ
1048 896 1222 954 σιδήρου
1250 896 1533 953 πυρωθέντος.

90 962 199 1008 οὕτω
228 966 303 1017 μὲν
333 961 406 1008 οὖν
435 967 470 1009 εἷ
498 967 784 1024 ἐκπυρωθεῖσα
809 966 1012 1022 ἐξενεχθῇ.
1041 967 1078 1008 εἷ
1096 966 1142 1007 δὲ
1161 964 1468 1021 ἀνεκπῦρωτος,
1499 965 1535 1005 εἰ

88 1032 164 1086 μὲν
193 1032 295 1088 αὐτὴ
333 1033 436 1076 καθ’
473 1033 621 1089 αὖτήν,
659 1041 831 1078 ποιεῖται
859 1033 1024 1089 ἒκνέφια
1050 1031 1283 1086 πνεύματα,
1321 1031 1424 1089 ἅπερ
1451 1030 1531 1074 ἔλι-

89 1102 255 1151 κοειδιῦς
284 1101 557 1144 ἄνελίττονται
585 1103 653 1145 καὶ
682 1105 886 1144 κινοῦνται
920 1100 990 1143 διὰ
1017 1099 1064 1144 τὸ
1085 1100 1208 1155 λοξὴν
1224 1104 1433 1143 ποιεῖσθαι
1459 1099 1534 1154 τὴν

88 1168 133 1210 ἐκ
159 1173 242 1211 τῶν
269 1173 403 1225 νεφῶν
424 1170 584 1212 δίοδον·
616 1170 683 1212 καὶ
711 1169 789 1226 γὰρ
819 1169 862 1211 αἶ
890 1169 1025 1225 τρίχες
1054 1164 1171 1211 οὖλαι
1191 1169 1383 1224 γίνονται,
1413 1166 1533 1223 ἡνίκα

85 1234 238 1289 τύχωσι
268 1234 487 1292 λοξότητος
514 1236 668 1294 πόρων.
705 1242 838 1280 ταῦτα
865 1237 942 1291 μὲν
966 1231 1052 1288 οὗν,
1080 1238 1115 1279 εἷ
1135 1235 1238 1291 αὐτὴ
1270 1236 1375 1278 καθ’
1405 1233 1533 1290 αὖτὴν

85 1303 305 1360 ἔκκριθείη.
335 1304 372 1346 εἷ
390 1304 529 1364 μέντοι
547 1305 651 1360 μετὰ
670 1305 864 1360 ἀτμίδος,
897 1311 1008 1347 ποιεῖ
1032 1303 1130 1353 τοὺς
1157 1304 1434 1358 καλουμένους
1460 1321 1532 1346 τυ-

85 1374 238 1428 φῶνας.
287 1371 329 1414 οῗ
351 1388 457 1422 τινες
484 1372 680 1424 πολλάκις
717 1374 784 1415 καὶ
826 1372 1036 1429 αὔτανδρα
1073 1376 1197 1415 πλοῖα
1233 1372 1475 1427 ἀνήρπασαν
1504 1371 1531 1427 ἢ

83 1437 283 1496 πρόρριζα
312 1439 483 1496 δένδρα,
521 1439 624 1497 ἅπερ
654 1440 904 1484 ἀπολύουσιν
931 1438 1051 1495 ἦνίκα
1078 1445 1210 1483 ταῦτα
1239 1440 1434 1496 γενόμενα
1463 1439 1532 1481 διὰ

82 1506 159 1561 τὴν
187 1506 343 1562 πολλὴν
371 1509 526 1563 κίνησιν
554 1507 737 1558 καύσεως
760 1509 992 1564 γινομένης·
1022 1507 1196 1557 τούτους
1215 1508 1261 1549 δὲ
1279 1507 1376 1555 τοὺς
1390 1510 1532 1563 τυφῶ-

83 1591 158 1624 νας
185 1576 253 1616 καὶ
282 1576 466 1631 σίφωνας
493 1580 662 1618 καλοῦσι
691 1576 759 1618 διὰ
787 1576 835 1618 τὸ
866 1577 933 1618 καὶ
961 1574 1076 1630 ὕδωρ
1106 1573 1304 1623 πολλάκις
1343 1573 1531 1630 ἀναρπά-

84 1656 154 1684 σαι
171 1643 239 1696 ῧ).
284 1646 454 1685 καλοῦσι
484 1643 529 1685 δὲ
557 1642 685 1697 αὐτὴν
715 1645 781 1685 καὶ
811 1642 1008 1700 οὐρανίαν
1027 1643 1093 1698 **)
1123 1644 1314 1699 ῗδιωτικῷ
1343 1640 1527 1695 ὀνόματι.

83 1710 226 1766 τυφὼν
256 1710 301 1752 δὲ
329 1713 508 1753 καλεῖται
544 1710 612 1753 διὰ
643 1710 690 1753 τὸ
719 1709 883 1753 τύπτειν
912 1710 979 1753 διὰ
1014 1714 1088 1753 τοῦ
1126 1708 1279 1763 τάχους
1306 1713 1381 1751 τοῦ
1410 1709 1530 1752 πνεύ-

82 1794 228 1831 ματος.
258 1777 326 1819 διὰ
353 1777 431 1835 γὰρ
460 1782 583 1821 τοῦτο
612 1779 680 1820 καὶ
704 1776 726 1821 ὅ
757 1778 930 1836 ποιητής
959 1792 1061 1835 φησι
1090 1778 1158 1819 καὶ
1179 1776 1255 1827 τὰς
1286 1777 1434 1828 ἀέλλας
1461 1778 1528 1820 καὶ

82 1844 159 1895 τὰς
187 1845 424 1902 συστροφὰς
450 1850 533 1888 τῶν
561 1845 913 1901 πνευμάτων***).
954 1849 1107 1900 Olym
1116 1861 1156 1900 p.
1526 1857 1530 1862 ·

196 1921 236 1957 3.
278 1912 612 1962 Διελθόντες
651 1914 706 1955 δὲ
745 1914 862 1969 περὶ
898 1912 1126 1965 τούτων,
1171 1913 1527 1969 θεωρήσομεν

83 1981 134 2024 εἷ’
160 1998 210 2024 τι
239 1979 522 2035 δυνάμεθα
551 2012 563 2022 .
586 2011 598 2022 .
621 2012 632 2023 .
655 2011 667 2023 .
693 1982 884 2036 χωρίς]
927 1979 1052 2022 Μετὰ
1084 1980 1162 2036 γὰρ
1191 1980 1244 2022 τὰ
1271 1985 1526 2038 μετεωρολο-

81 2049 173 2104 γικὰ
199 2046 225 2104 ἦ
256 2049 346 2104 περὶ
378 2047 490 2107 ζῴων
518 2050 585 2091 καὶ
613 2053 755 2106 φυτῶν
784 2050 959 2091 λείπεται
991 2049 1165 2102 θεωρία.
1218 2050 1309 2105 περὶ
1347 2049 1425 2105 γὰρ
1453 2066 1526 2103 με-

82 2115 243 2159 τάλλων
269 2117 312 2158 ἐν
338 2120 397 2174 τῷ
426 2116 609 2174 τετάρτῳ
637 2120 720 2159 τῶν
748 2116 1023 2172 προκειμένων
1050 2116 1207 2166 ἐδίδαξε
1228 2117 1292 2170 †).
1320 2118 1525 2171 Philop.

172 2229 211 2263 in
237 2228 406 2263 extremis
432 2234 567 2263 tantmn
591 2229 775 2272 Odysseae
800 2227 912 2263 libris.
969 2228 1128 2272 Spohn
1164 2229 1209 2262 de
1243 2235 1378 2262 extrem.
1409 2230 1526 2271 odyss.

174 2292 271 2330 parte
294 2285 425 2329 p.158.
459 2284 564 2320 Adde
588 2286 785 2330 Stanley
807 2286 853 2319 ad
875 2284 1096 2328 Aeschyl.
1122 2286 1287 2318 Prometh.
1311 2285 1391 2320 359.
1419 2297 1454 2328 p.
1479 2286 1524 2318 82

175 2342 233 2376 ed.
264 2341 445 2376 Schiitz.

129 2397 166 2442 ᾗ)
191 2398 289 2432 Infra
316 2398 380 2431 fol.
395 2396 490 2439 46,a
512 2396 598 2431 dicit
621 2397 767 2432 Graecis
788 2397 911 2433 audire
932 2394 1105 2440 σίφωνας,
1128 2392 1190 2429 διοί
1214 2395 1257 2429 τὸ
1283 2392 1388 2439 δίκην
1411 2396 1523 2441 σι’φω-

174 2465 233 2489 νος
255 2450 429 2488 «immane
451 2450 495 2487 ‘to'
521 2449 617 2496 ὕδωρ
642 2450 844 2498 θαλάσσης.

127 2509 183 2554 **)
209 2511 283 2546 cfr.
308 2510 506 2544 Erfurdt
530 2511 575 2543 ad
598 2511 816 2554 Sophocl.
840 2512 999 2552 Antigon.
1023 2507 1115 2550 414,
1153 2508 1213 2552 qui
1237 2509 1343 2542 docet
1369 2508 1522 2552 quodvis

171 2567 298 2615 ingens
326 2572 363 2601 et
385 2571 629 2610 portentosum
652 2578 679 2609 a·
690 2566 850 2609 Graecis,
875 2564 1084 2611 praesertim
1107 2564 1237 2609 postis,
1259 2561 1428 2608 οὔράνιον
1453 2576 1521 2600 vo·
1581 2591 1585 2595 -

171 2630 290 2658 catum
316 2635 407 2659 esse.

127 2677 205 2724 ***)
228 2680 468 2715 Hesiodus
495 2681 662 2722 Theogon.
691 2690 729 2714 v.
753 2679 969 2714 869-880.

129 2734 169 2780 †)
204 2738 308 2772 Unde
338 2742 434 2782 patet
463 2735 710 2781 Philoponi
744 2741 860 2770 aetate
889 2736 1025 2770 nullum
1056 2735 1100 2769 de
1123 2733 1274 2769 metallis
1298 2734 1426 2769 librum
1453 2734 1519 2769 sub

172 2792 375 2829 Aristotelis
398 2793 542 2829 nomine
565 2793 807 2829 circumlatum
835 2803 925 2827 esse.
