1812 3158
425 374 644 415 LIBRUM
673 374 910 416 PRIMUM.
966 373 1087 413 cAP.
1107 372 1197 414 vn.
1427 362 1523 408 399

96 491 247 530 Xeno
256 487 334 540 ph.
363 488 558 527 Anabas.
575 488 648 529 VI.
677 491 724 538 1,
749 490 822 526 28:
849 483 908 538 μὴ
937 483 1028 525 λίαν
1055 482 1158 536 ταχὺ
1186 482 1525 539 σωφρονισθείην.

99 581 150 587 -
168 553 451 607 ἀποσβεθῆναι
467 555 519 594 Α.
534 556 605 593 Er.
625 578 675 584 —
714 554 874 594 Deinde
895 552 1110 604 συμπίπτει
1135 555 1183 593 F.
1201 554 1254 592 H.
1274 554 1328 593 N.
1344 555 1397 593 A.
1413 554 1523 593 Cam.

95 626 139 664 P.
157 626 199 663 S.
220 625 308 664 Cas.
343 644 395 650 —
426 619 655 674 ἀναβαίνειν
683 617 878 675 εὔκρατον
905 635 969 674 pr.
993 635 1099 660 man.
1120 635 1197 660 om.
1215 623 1260 660 E.
1289 643 1344 649 —
1380 619 1526 674 γίνεται

96 687 276 744 κομήτης
302 692 424 731 τοῦτο
453 692 617 730 inverso
640 690 783 729 ordine
805 692 851 729 F.
883 711 939 718 --
974 686 1089 741 τύχοι
1117 691 1170 729 Η.
1194 691 1246 729 Α.
1274 689 1318 727 P.
1347 689 1433 729 Cas.
1471 711 1527 718 --

97 761 214 810 Quae
233 773 330 798 mox
353 765 575 810 sequuntur
595 759 721 796 verba
749 753 819 796 ἐὰν
845 755 920 809 μὲν
948 755 1026 811 γὰρ
1054 754 1185 811 πάντῃ
1218 752 1368 808 ὁμοίως
1397 752 1527 807 κομή-

93 841 182 878 της,
213 823 284 865 ἐὰν
302 823 343 865 δ’
366 824 427 865 ἐπὶ
443 827 594 877 μῆκος,
627 826 803 865 καλεῖται
823 824 1045 878 πωγωνίας,
1074 832 1121 864 ut
1138 825 1186 864 ab
1206 825 1391 863 omnibus
1411 824 1526 863 codd.

95 901 137 933 et
163 894 282 944 edit.‚
321 894 463 945 quibus
490 894 748 945 adstipulatus
778 900 837 932 est
864 894 991 933 Bekk.
1021 893 1284 939 exhibentur,
1320 893 1397 931 nisi
1418 892 1527 944 quod

94 957 146 1000 ἄν
165 957 206 1000 δ’
232 962 425 1013 praebent
451 963 502 1000 H.
521 962 588 1010 N.‚
613 962 770 1013 egregie
795 968 991 1014 corrupta
1016 968 1130 1010 sunt,
1159 968 1199 1000 et
1218 960 1337 1000 valde
1362 961 1528 999 laetatus

93 1043 196 1079 sum,
214 1042 304 1067 cum
320 1037 455 1079 postea
473 1030 673 1078 vidissem,
691 1043 756 1068 me
774 1031 816 1068 in
835 1030 1002 1068 eandem
1018 1029 1204 1068 incidisse
1223 1029 1526 1076 correctionem,

92 1111 211 1150 quam
239 1097 593 1136 commendaverat
619 1096 984 1148 Koenigmann
1014 1097 1162 1148 Geogr.
1184 1096 1363 1135 Aristot.
1396 1109 1436 1147 p.
1461 1100 1527 1136 67.

93 1171 177 1203 not.
198 1169 292 1205 170.
351 1165 547 1215 Quamvis
573 1165 680 1203 enim
706 1165 816 1203 nulla
843 1178 974 1216 neque
999 1164 1044 1202 in
1070 1163 1272 1202 codicibus
1295 1177 1318 1202 a
1339 1164 1527 1202 Bekkero

94 1233 268 1281 collatis,
316 1244 450 1283 neque
477 1233 520 1271 in
546 1232 841 1270 Accoramboni
871 1238 911 1270 et
934 1231 1115 1271 Morellii
1147 1231 1265 1270 codd.
1299 1231 1528 1283 reperiatur

90 1299 272 1338 lectionis
297 1300 467 1338 varietas
481 1329 492 1349 ,
525 1299 672 1339 vitium
698 1305 834 1338 tamen
860 1299 938 1338 hoc
954 1300 997 1338 in
1013 1300 1104 1338 loco
1126 1299 1271 1349 latere,
1301 1299 1449 1339 docent
1469 1314 1526 1350 ea,

91 1380 192 1418 quae
210 1367 299 1418 ipso
309 1368 529 1406 Aristotele
547 1373 766 1418 praeeunte
786 1367 972 1406 disseruit
991 1369 1018 1406 S
1030 1374 1080 1406 to
1093 1367 1245 1406 baeus
1259 1367 1527 1419 Eelogfflhys,

89 1437 133 1484 I,
162 1438 230 1474 29.
263 1449 307 1487 p.
332 1438 435 1475 578:
452 1431 754 1488 .Ἀριστοτε’λης
780 1437 856 1486 τῆς
883 1435 1010 1488 ξηρᾶς
1038 1433 1082 1474 ἐκ
1109 1436 1183 1488 γῆς
1211 1432 1529 1486 ἀναθυμιάσεως

90 1498 288 1555 διάπυρον
304 1499 499 1542 σύστασιν
527 1501 678 1555 [φησί],
708 1491 973 1554 κομήτας-δ’,
997 1499 1098 1542 ὅταν
1117 1501 1180 1541 ἐπὶ
1210 1499 1333 1542 πλέον
1362 1501 1528 1556 ἐξαφθῇ

88 1567 155 1608 καὶ
179 1566 282 1623 πρὸς
309 1569 474 1609 πλείονα
504 1567 672 1623 διαμένῃ
688 1565 954 1623 χρόνον,τοῦ
974 1568 1049 1621 μὲν
1077 1567 1248 1623 ἀστέρος
1277 1568 1526 1624 φαινομένου

91 1631 301 1684 κάτωθεν,
338 1639 412 1688 τῆς
440 1635 484 1676 δὲ
514 1634 644 1689 κόμης
675 1634 837 1677 ἄνωθεν
867 1621 1194 1689 ἐπιλαμποῦσης·
1224 1638 1438 1692 πωγωνίας
1467 1635 1527 1685 δ’,

90 1698 191 1742 ὅταν
219 1700 390 1755 ἔμπαλιν
418 1700 439 1743 ὃ
456 1702 532 1756 μὲν
549 1701 680 1758 ἀστὴρ
709 1702 871 1745 ἄνωθεν
900 1707 1129 1760 θεωρεῖται,
1160 1700 1185 1757 ἡ
1208 1703 1253 1745 δὲ
1273 1702 1379 1758 κόμη
1404 1703 1527 1755 κάτω,

90 1768 342 1823 παρεχομένη
371 1773 430 1827 τῷ
459 1769 636 1824 σχήματι
661 1769 856 1825 πώγωνος
882 1769 1072 1827 ἔμφασιν.
1120 1775 1288 1813 Accedit
1315 1775 1528 1822 Plinius,

89 1838 158 1889 qui
180 1839 314 1877 omnia
333 1840 420 1879 fere
439 1853 491 1878 ex
507 1842 727 1880 Aristotele
745 1842 876 1891 petiit,
906 1854 1008 1893 quae
1028 1848 1167 1893 petere
1186 1848 1359 1894 poterat.
1417 1842 1529 1881 Dicit

90 1905 196 1942 enim
222 1908 384 1946 Histor.
410 1915 502 1948 nat.
522 1911 582 1955 H,
611 1913 690 1948 22:
740 1910 932 1948 cometas
971 1910 1126 1948 Graeci
1162 1918 1341 1960 vocant,
1391 1912 1530 1948 nostri

88 1974 282 2022 crinitas,
298 1973 519 2013 haerentes
536 1979 651 2014 crine
667 1978 917 2029 sanguineo,
935 1985 976 2015 et
991 1980 1215 2019 comarum?
1227 1979 1348 2017 modo
1370 1980 1415 2016 in
1432 1992 1530 2015 ver-

87 2041 212 2077 tieem
237 2039 445 2091 hispidas.
502 2043 637 2081 Iidem
657 2042 897 2096 Peg-onias,
927 2044 1076 2096 quibus
1095 2046 1301 2095 inferiore
1319 2060 1369 2084 ex
1384 2053 1528 2095 parte,

86 2108 134 2144 in
165 2109 344 2157 speeiem
379 2108 533 2148 barbae
558 2111 713 2164 longae
743 2115 1013 2162 promittitur
1043 2111 1158 2151 iuba.
1226 2113 1350 2152 Unde
1384 2119 1526 2151 nostro

86 2173 178 2211 loco
197 2175 482 2226 corrigendum
509 2178 703 2217 arbitror:
743 2176 814 2219 ἐὰν
844 2178 919 2231 μὲν
947 2179 1022 2233 γὰρ
1052 2177 1187 2221 ἐπάνω
1217 2175 1242 2232 ἡ
1266 2177 1370 2232 κόμη
1401 2175 1530 2231 κομή-

87 2253 175 2291 της,
206 2237 278 2279 ἐὰν
299 2239 420 2281 δ’ἔπὶ
450 2245 581 2295 μῆκος
609 2242 735 2296 κάτω,
768 2248 946 2287 καλεῖται
976 2248 1203 2301 πωγωνίας.
1265 2248 1388 2299 Quod
1418 2248 1529 2287 Pli-

87 2308 203 2346 nius
230 2309 348 2358 plura
376 2318 558 2350 recenset
586 2320 833 2353 cometarum
861 2327 1008 2366 genera
1036 2317 1115 2369 ipsi
1140 2316 1352 2355 Aristoteli
1380 2315 1528 2367 ignota,

87 2373 190 2413 nihil
207 2381 345 2414 contra
363 2388 428 2415 me
446 2385 606 2429 pugnat.
662 2382 750 2420 Aut
767 2383 875 2421 enim
894 2383 970 2421 ista
996 2384 1046 2422 de
1072 2397 1144 2422 suo
1164 2383 1339 2432 addidit,
1367 2389 1414 2422 ut
1433 2383 1529 2434 plu-

7 2481 14 2489 ,
85 2443 188 2480 rima
211 2445 254 2482 in
276 2445 614 2497 Meteorologicis‚
644 2454 684 2486 et
702 2449 746 2488 in
764 2448 944 2489 historiis
964 2452 1195 2490 animalium
1214 2458 1255 2490 et
1274 2452 1524 2503 plantarum:

84 2515 153 2548 aut
175 2511 309 2549 locum
327 2519 509 2552 nostrum
529 2515 769 2566 ampliorem
793 2524 886 2556 ante
907 2519 1044 2557 oculos
1062 2519 1214 2568 habuit,
1244 2520 1353 2571 quod
1373 2519 1424 2557 de
1442 2520 1526 2558 Se-

85 2590 211 2616 neca
239 2585 416 2630 constat,
463 2587 509 2619 ut
539 2582 581 2619 in
614 2584 908 2636 prolegomenis
945 2586 1132 2626 disertius
1171 2588 1354 2638 exposui.
1422 2590 1526 2626 Am—

85 2644 257 2694 pliorem
275 2647 372 2685 olim
388 2648 510 2686 fuisse
529 2648 637 2688 hunc
655 2652 790 2690 locum
807 2654 1019 2703 suspiceris
1034 2669 1086 2693 ex
1105 2656 1240 2694 verbis
1260 2655 1526 2706 Olympio-

87 2711 202 2750 dori
231 2714 300 2752 fol.
322 2715 438 2764 14‚b:
470 2712 574 2755 ἀλλὰ
595 2715 699 2770 πρὸς
716 2716 763 2758 τὸ
786 2716 988 2774 διάφορον
1008 2723 1143 2774 σχῆμα
1162 2724 1236 2762 τοῦ
1265 2719 1524 2774 ἐκκαιομένου

87 2775 154 2815 καὶ
182 2775 230 2818 τὸ
259 2781 396 2833 σχῆμα
423 2786 496 2823 τοῦ
523 2781 704 2836 κομήτου
731 2785 902 2839 γίνεται·
933 2785 959 2840 ἢ
980 2786 1057 2842 γὰρ
1075 2787 1266 2830 καὶκατὰ
1294 2791 1425 2842 μῆκος
1455 2788 1522 2830 καὶ

85 2842 190 2884 κατὰ
219 2843 372 2895 πλάτος
399 2849 547 2902 γίνεται
576 2849 722 2904 ἔξαψις
750 2854 816 2894 καὶ
847 2857 1025 2896 καλεῖται
1053 2856 1202 2911 κυρίως
1231 2855 1432 2911 κομήτης,
1474 2853 1521 2897 ὃν
