1774 3198
367 301 587 343 LIBRUM
615 298 938 341 SECUNDUM
994 298 1111 341 GAP.
1129 298 1225 339 V11.
1415 290 1475 334 59
1484 291 1505 333 1

87 425 219 457 terrac
244 424 476 462 tremorem,
506 413 616 466 quod
642 414 720 453 iam
735 412 928 452 indicavit
953 412 1272 452 Aristoteles
1298 413 1348 461 H,
1376 414 1413 461 8,
1446 415 1511 453 15.

87 488 180 538 Ipse
211 486 394 522 Seneca
406 512 416 531 ,
446 482 512 534 qui
530 482 684 521 iuvenis
702 481 894 520 volumen
912 479 964 519 de
981 486 1180 519 terrarum
1201 485 1313 519 motu
1330 479 1512 518 ediderat

90 552 185 601 (cfr.
210 553 257 602 Q.
278 553 335 588 N.
358 547 486 597 V1,'4‚
507 546 571 600 3),
601 548 767 587 eandem
788 548 1059 599 quaestionem
1081 548 1126 586 in
1150 547 1257 586 libro
1276 556 1392 586 sexto
1412 549 1511 586 Na·-

91 619 288 656 turalium
302 618 597 668 Quaestionum
613 616 856 664 retractavit,
875 615 1125 667 potissimum
1142 614 1369 654 Aristotelis
1387 616 1513 669 vesti-

91 686 152 736 gia
169 691 342 727 secutus.
403 685 534 723 Etiam
570 685 608 723 A
619 698 636 722 s
647 689 669 722 c‘
680 684 694 721 1
706 698 727 721 e
738 684 821 735 pio
833 683 918 721 dot
929 697 984 722 us
998 713 1009 733 ,
1047 683 1251 722 Posidonii
1280 683 1511 735 discipulus,

92 754 159 803 qui
192 752 243 790 de
278 753 551 803 quaestionum
589 744 830 790 naturalium
863 752 989 789 causis
1029 751 1178 790 librum
1210 751 1512 803 conscripserat,

91 821 198 859 unde
220 822 337 872 plura
356 820 524 871 sumpsit
552 817 576 856 S
591 833 646 857 en
659 821 746 857 e'ca
778 820 945 870 Quaest.
966 826 1056 858 nat.
1084 821 1135 868 II,
1155 823 1224 869 26,
1247 821 1283 857 5.
1313 819 1365 869 V,
1387 823 1451 866 15,
1476 824 1514 869 1,

90 888 132 926 in
153 887 292 926 eodem
314 887 362 925 de
382 893 515 926 terrae
533 887 705 924 motibus
725 886 987 932 disseruerat,
1017 886 1125 937 quod
1143 893 1255 938 patet
1275 901 1327 925 ex
1348 889 1421 933 VI,
1444 891 1512 937 17,

94 958 130 992 4.
150 975 201 981 —
242 953 402 1003 Stoicis,
430 955 490 992 uti
514 955 645 993 facere
673 955 868 1000 solemus,
897 954 1086 992 addamus
1111 961 1315 994 auctorem
1342 955 1445 993 libri
1463 955 1514 992 de

93 1022 264 1070 mundo,
295 1021 363 1072 qui
392 1035 425 1060 c.
450 1021 488 1060 4.
519 1022 552 1072 §.
573 1024 755 1060 27—29
782 1027 937 1059 causam
962 1021 1101 1059 itidem
1129 1023 1285 1073 quaerit
1307 1023 1351 1061 in
1368 1023 1514 1074 spiritu

94 1087 266 1140 (πνεῦμα
295 1085 497 1138 εὔκρατον.
525 1089 596 1127 cfr.
614 1087 664 1125 ad
686 1090 719 1134 Ι,
740 1092 776 1136 6,
797 1085 863 1140 2),
894 1089 962 1139 qui
988 1095 1055 1127 aut
1076 1089 1117 1127 in
1136 1095 1266 1128 terrae
1292 1091 1512 1129 visceribus

91 1161 306 1208 prognatus
326 1156 367 1194 vi
388 1155 554 1206 quadam
573 1155 663 1192 loco
688 1169 759 1193 suo
779 1161 911 1193 motus
927 1156 969 1193 in
987 1155 1188 1193 abstrusos
1212 1162 1346 1195 terrae
1363 1165 1515 1196 meatus

96 1220 170 1276 (εἷς
195 1221 364 1274 μυχιόυς
392 1219 576 1275 σύριγγας
604 1223 690 1260 sive
716 1229 762 1260 ut
792 1223 910 1273 paulo
946 1228 1040 1274 post
1077 1223 1132 1262 ait
1167 1221 1224 1270 εἷς
1259 1220 1514 1277 κοιλώματα)
1572 1220 1578 1227 ’

93 1296 278 1342 penetret
298 1303 420 1341 eaque
442 1290 598 1328 ratione
623 1290 764 1327 multas
793 1295 926 1328 terrae
951 1296 1086 1341 partes
1105 1292 1324 1340 concutiat,
1354 1299 1422 1331 aut
1441 1307 1516 1331 ex·-

91 1358 283 1396 trinsecus
299 1357 341 1394 in
353 1370 527 1396 concava
544 1357 619 1394 ista
634 1362 765 1395 terrae
780 1357 867 1395 loca
884 1359 1159 1409 penetraverit
1178 1359 1420 1411 exitumque,
1435 1374 1514 1412 quo

92 1430 234 1473 careat,
262 1437 455 1475 quaerens
476 1429 607 1462 terrae
627 1430 780 1463 motum
799 1431 1007 1476 provocet.
1065 1427 1249 1476 Quatuor
1270 1426 1414 1465 deinde
1431 1434 1517 1466 ter-

90 1505 160 1531 rae
186 1497 371 1529 motuum
399 1491 618 1529 secundum
644 1491 903 1529 directionem
923 1505 1067 1542 genera
1087 1493 1314 1545 distinguit:
1342 1491 1517 1534 ἐπικλίν-

92 1572 186 1606 τας,
215 1554 420 1610 βραστάς,
447 1556 676 1609 χασματίας
699 1565 739 1596 et
759 1555 927 1612 ῥηκτάς,
959 1571 1131 1610 quorum
1151 1562 1263 1612 prius
1281 1560 1331 1598 ad
1350 1563 1517 1613 angulos

92 1631 229 1664 acutos
245 1626 288 1662 in
308 1625 511 1676 obliquum
528 1626 674 1677 quatiat
703 1623 776 1677 (εἷς
802 1621 950 1678 πλάγια
978 1623 1061 1665 κατ’
1093 1623 1220 1674 ὀξείας
1247 1625 1430 1683 γωνίας),
1455 1631 1517 1668 al-

92 1699 225 1731 terum
255 1705 412 1730 sursum
440 1692 707 1743 deorsumque
736 1692 786 1731 ad
811 1699 941 1731 rectos
973 1696 1135 1746 angulos
1172 1701 1323 1734 terram
1354 1703 1518 1749 rumpat

97 1757 198 1812 (ἅνω
229 1757 294 1798 καὶ
322 1755 431 1798 κάτω
460 1756 552 1798 καθ’
587 1755 718 1812 ὀρθὰς
745 1757 933 1812 γωνίας),
960 1762 1125 1800 tertium
1144 1763 1408 1803 sedimentum
1429 1771 1517 1803 ter-

93 1841 162 1866 rae
186 1828 227 1866 in
256 1840 399 1865 cavum
427 1826 665 1865 subsidentis
691 1827 838 1866 afficiat
875 1825 1120 1880 (συνιζήσεις
1148 1832 1354 1878 ποιοῦντες
1381 1830 1436 1878 εἰς
1463 1829 1516 1871 τὰ

95 1892 233 1946 κοῖλα)
247 1924 259 1943 ,
304 1900 555 1946 postremum
598 1893 770 1946 denique
815 1893 968 1934 hiatum
1003 1902 1136 1936 terrae
1182 1898 1332 1950 aperiat
1387 1898 1515 1949 (coll.

95 1962 328 2000 strabon.
358 1963 436 2001 IX.
467 1974 504 2013 p.
523 1965 603 1999 622
623 1964 655 2000 B
673 1960 789 2013 sqq.).
848 1962 1005 2013 Quibus
1021 1964 1184 2015 prolatis
1203 1966 1420 2006 secundum
1439 1981 1516 2007 va-

92 2029 175 2068 rios
194 2030 354 2068 effectus
372 2035 504 2068 terrae
523 2035 654 2067 motus
675 2029 820 2068 dividit
838 2030 880 2068 in
899 2027 1049 2080 ὠστάς,
1078 2032 1145 2083 qui
1164 2046 1245 2071 uno
1263 2033 1346 2071 ictu
1365 2040 1515 2074 terram

93 2098 317 2135 concutiant
336 2102 376 2136 et
393 2095 623 2147 παλματίας
653 2092 808 2150 (τρόμῳ
825 2093 963 2144 πάθος
981 2095 1121 2149 ὅμοιον
1141 2095 1516 2153 ἀπεργαζομένους),

94 2163 162 2215 qui
190 2177 281 2201 cum
311 2170 418 2201 moto
443 2166 651 2202 vorticoso
681 2164 1043 2215 Neapolitanorum
1078 2167 1303 2217 comparari
1338 2176 1516 2219 possunt.

94 2230 235 2268 Tertio
255 2230 425 2280 denique
443 2230 563 2267 modo
579 2243 716 2267 omnes
735 2229 881 2268 dividit
899 2236 1031 2270 terrae
1050 2239 1183 2270 motus
1203 2233 1245 2271 in
1262 2234 1459 2285 μυκητίας
1476 2243 1517 2276 et

94 2297 160 2348 qui
186 2297 330 2347 absque
355 2297 507 2347 mugitu
533 2303 683 2335 terram
709 2298 908 2336 infestent.
927 2319 982 2328 ·—
1035 2300 1104 2339 Ad
1121 2300 1292 2339 verbum
1317 2304 1518 2344 transtulit

93 2362 192 2402 haec
227 2364 515 2415 Apuleius,
563 2364 659 2415 nisi,
706 2364 815 2415 quod
851 2366 1005 2406 mavult
1041 2367 1369 2407 Heumannus
1407 2371 1517 2422 apud

93 2430 295 2470 Fabric.
325 2430 520 2482 Bibagr.
550 2431 644 2471 Vol.
662 2432 737 2470 III.
763 2445 806 2483 p.
825 2436 920 2471 232.
947 2439 1032 2472 not.
1053 2433 1185 2484 ††††
1214 2434 1276 2473 ed.
1307 2437 1513 2485 Harles‚

93 2497 255 2548 Apuleii
282 2497 407 2537 verba
434 2498 476 2536 in
502 2511 688 2549 graecum
707 2500 893 2538 translata
910 2506 1025 2549 sunt,
1054 2501 1164 2553 quod
1183 2507 1317 2541 tamen
1346 2517 1418 2556 ego
1443 2506 1516 2545 vix

93 2564 345 2603 crediderim.

204 2629 236 2668 P
250 2632 414 2670 liuius
443 2645 533 2670 cum
553 2632 734 2684 pluribus
759 2634 803 2673 in
829 2635 926 2673 locis
955 2634 1004 2674 de
1021 2641 1153 2675 terrae
1174 2638 1348 2676 motibus
1369 2645 1515 2690 ageret,

94 2697 194 2737 nihil
219 2699 306 2738 fere
329 2700 533 2751 pequiare
558 2700 735 2740 tradidit.
791 2702 999 2742 Potissima
1033 2703 1112 2742 suis
1141 2704 1239 2743 locis
1271 2714 1518 2746 commenta-

93 2764 155 2801 rio
180 2765 411 2806 inseremus.
470 2766 590 2806 Nunc
618 2767 719 2807 illud
747 2774 900 2809 tantum
930 2783 1160 2819 monemus,
1204 2786 1385 2814 narrasse
1423 2789 1514 2813 eum
