1820 3158
117 334 329 376 —p.351,a.
354 332 517 367 Bekk.—
580 334 729 373 LIB.I.
758 333 1004 375 CAP-XIV'·
1055 345 1134 378 -Ρ,
1149 334 1229 376 336,
1246 333 1288 367 G.
1312 334 1439 370 Cass.-
1487 330 1548 372 53

71 463 73 465 ·
113 442 255 498 ἕκρουν
292 443 470 500 φανερὸν
509 444 721 486 ἐκδίδωσιν
755 442 845 492 ὑπὸ
865 449 939 500 γῆν
967 445 1070 487 κατὰ
1103 445 1339 502 Κοραξοὺς,
1380 449 1468 501 περὶ
1496 448 1548 490 τὰ

112 510 342 565 καλούμενα
367 511 509 566 βάθεα
537 515 612 554 τοῦ
630 510 819 554 Πόντου·
851 516 983 554 ταῦτα
1013 513 1053 555 δ’
1080 514 1188 556 ἐστὶν
1217 512 1382 570 ἄπειρόν
1409 532 1448 557 τι
1474 519 1549 570 τῆς

112 578 327 633 θαλάττης
354 578 517 632 βάθος·
549 578 689 628 οὐθεὶς
709 583 806 634 γοῦν
833 579 996 622 πώποτε
1026 581 1185 630 καθιεὶς
1212 581 1394 637 ἐδυνήθη
1423 583 1549 638 πέρας

112 643 253 703 εὑρεῖν.
314 654 382 690 30.
416 646 558 703 Ταύτῃ
588 646 638 701 δὴ
668 646 812 702 πόρρω
840 652 914 703 τῆς
940 652 1013 704 γῆς
1041 649 1183 703 σχεδὸν
1211 651 1302 707 περὶ
1325 649 1537 706 τριακόσια
1548 657 1602 693 30

112 714 271 768 στάδια,
302 714 474 769 πότιμον
504 713 728 757 ἀναδίδωσι
755 713 869 772 ὕδωρ
899 716 964 758 ἐπὶ
994 717 1124 759 πολὺν
1152 717 1303 768 τόπον,
1335 715 1383 758 οὐ
1404 722 1548 774 συνεχῇ

113 781 171 833 δέ,
205 782 310 825 ἀλλὰ
335 787 555 839 τρισσαχῇ·
583 784 650 824 καὶ
679 784 769 838 περὶ
794 783 868 837 τὴν
880 784 1137 839 Λιγυστικὴν
1164 784 1238 827 οὐκ
1266 783 1447 827 ἐλάττων
1473 790 1548 828 τοῦ

104 847 301 892 “.Ροὸανοῦ
329 852 593 893 καταπίνεταί
616 867 678 899 τις
705 847 914 904 ποταμός,
955 853 1022 894 καὶ
1050 852 1171 894 πάλιν
1201 851 1423 895 ἀναδίδωσι
1451 854 1546 896 κατ’

110 916 234 960 ἄλλον
261 918 410 960 τόπον·
448 916 469 960 ὃ
493 919 538 959 δὲ
559 915 754 967 Ῥοδανός
779 918 966 972 ποταμὸς
992 919 1287 974 ναυσιπέρατός
1314 920 1435 962 ἔστιν.

222 989 345 1028 XIV.
390 985 478 1028 Οὐκ
509 985 570 1029 ἀεὶ
602 986 645 1028 δ’
672 986 710 1028 οἱ
740 986 856 1027 αὐτοὶ
886 984 1005 1028 τόποι
1045 991 1120 1041 τῆς
1156 992 1232 1042 γῆς
1266 986 1357 1028 οὔτ’
1392 987 1551 1043 ἴνυγροί

110 1054 208 1095 εἰσιν
239 1053 330 1095 οὔτε
360 1055 500 1109 ξηροί,
544 1053 648 1095 ἀλλὰ
674 1051 976 1107 μεταβάλλουσι
1013 1054 1118 1096 κατὰ
1145 1054 1222 1103 τὰς
1247 1058 1329 1097 τῶν
1355 1060 1548 1110 ποταμῶν

108 1120 277 1175 γενέσεις
304 1122 370 1162 καὶ
398 1121 473 1169 τὰς
501 1120 748 1174 ἀπολείψεις.
793 1119 855 1163 διὸ
884 1123 950 1163 καὶ
980 1121 1032 1164 τὰ
1058 1123 1149 1178 περὶ
1177 1121 1254 1177 τὴν
1282 1121 1449 1179 ἤπειρον
1474 1140 1548 1177 με-

108 1187 299 1241 ταβάλλει
328 1189 395 1230 καὶ
421 1188 495 1242 τὴν
514 1187 746 1239 θάλατταν,
775 1189 842 1230 καὶ
874 1187 948 1230 οὐκ
970 1188 1031 1231 ἀεὶ
1059 1189 1112 1232 τὰ
1139 1190 1216 1243 μὲν
1243 1195 1294 1246 γῆ
1324 1189 1376 1232 τὰ
1399 1191 1445 1233 δὲ
1462 1191 1547 1233 θά-

107 1259 243 1297 λαττα.
264 1257 440 1298 διατελεῖ
462 1255 594 1298 πάντα
623 1256 695 1299 τὸν
719 1256 891 1313 χρόνον,
933 1257 1037 1300 ἀλλὰ
1069 1259 1218 1313 γίνεται
1254 1256 1447 1301 θάλαττα
1472 1259 1547 1311 μὲν

107 1323 212 1365 ὅπου
229 1323 389 1380 χέρσος,
420 1322 523 1365 ἔνθα
543 1324 588 1366 δὲ
607 1329 679 1366 νῦν
699 1324 905 1377 θάλαττα,
926 1324 1048 1368 πάλιν
1070 1326 1253 1367 ἐνταῦθα
1266 1330 1328 1380 γῆ.
1363 1333 1404 1368 2.
1424 1326 1546 1368 Κατὰ

106 1391 242 1445 μέντοι
280 1391 371 1433 τινὰ
406 1389 520 1441 τάξιν
558 1393 732 1445 νομίζειν
762 1393 844 1450 χρὴ
873 1398 1004 1456 ‘capta
1034 1395 1220 1450 γίνεσθαι
1249 1395 1315 1435 καὶ
1344 1395 1546 1449 περίοδον.

106 1459 211 1514 ἀρχὴ·
243 1459 288 1500 δὲ
314 1459 471 1502 τούτων
501 1461 567 1501 καὶ
598 1459 727 1502 αἴτιον
756 1459 820 1503 ὅτι
848 1462 916 1503 καὶ
944 1466 1019 1516 τῆς
1048 1466 1121 1516 γῆς
1148 1460 1201 1503 τὰ
1231 1460 1367 1513 ἐντός,
1411 1459 1546 1516 ὥσπερ

106 1527 158 1568 τὰ
188 1525 359 1580 σώματα
386 1527 439 1569 τὰ
465 1532 546 1570 τῶν
577 1532 718 1584 φυτῶν
757 1530 823 1571 καὶ
864 1528 978 1587 ζῴων
1015 1529 1150 1584 ἀκμὴν
1188 1530 1265 1583 ἕχει
1305 1529 1372 1570 καὶ
1406 1533 1547 1586 γῆρας.

108 1665 229 1713 cuim,
260 1664 329 1715 qui
349 1665 392 1702 in
412 1665 545 1716 ipsum
566 1665 754 1715 influunt,
786 1665 983 1705 effluxum
1006 1667 1260 1706 manifestum
1279 1679 1362 1704 non
1384 1665 1545 1715 habens,

107 1738 258 1770 terram
277 1729 405 1777 subit,
435 1745 481 1770 ac
501 1746 575 1784 per
595 1734 775 1772 Coraxos
797 1720 975 1785 erumpit
994 1735 1155 1773 circiter
1176 1735 1262 1772 loca
1281 1734 1422 1782 Ponti,
1448 1747 1549 1786 quae

106 1796 246 1849 βαθέα
263 1798 535 1851 appellantur.
593 1800 703 1838 Haec
730 1807 865 1839 autem
886 1801 1083 1839 immensa
1103 1802 1296 1853 quaedam
1316 1807 1408 1839 sunt
1427 1802 1547 1840 maris

108 1867 291 1907 altitudo.
327 1867 464 1906 nullus
483 1868 590 1906 enim
612 1882 788 1919 unquam
806 1869 1006 1907 immissus
1032 1869 1165 1919 [funis]
1190 1868 1409 1907 terminum
1427 1869 1546 1907 inve-

107 1936 199 1974 nire
219 1935 366 1987 potuit.
425 1939 491 1974 30.
519 1935 611 1974 Illic
628 1936 751 1987 igitur
769 1937 888 1987 longe
903 1950 925 1974 a
943 1942 1062 1986 terra,
1083 1936 1272 1975 trecentis
1290 1936 1450 1974 circiter
1466 1942 1547 1974 sta-

107 2003 194 2052 diis,
222 2002 350 2040 dulcis
369 2016 473 2054 aqua
501 2017 575 2055 per
600 2005 766 2055 longum
788 2009 964 2043 tractuni
979 2004 1168 2043 redditur
1194 2017 1278 2042 non
1296 2003 1549 2042 continenter

107 2070 297 2122 quidem,
328 2070 399 2108 sed
420 2070 550 2109 tribus
575 2072 686 2110 locis.
747 2072 859 2122 Quin
889 2073 1007 2110 etiam
1028 2073 1070 2111 in
1093 2072 1281 2123 Liguria,
1310 2084 1393 2109 non
1415 2071 1548 2109 minor

107 2137 306 2176 Rhodano
333 2137 481 2176 fluvius
511 2138 674 2190 quidem
701 2139 940 2177 absorbetur
966 2138 1135 2188 (fluvius
1155 2145 1291 2177 autem
1311 2138 1546 2190 navigabilis

108 2204 328 2243 Rhodanus
348 2201 423 2253 est)
443 2212 484 2244 et
498 2220 641 2244 rursus
658 2207 738 2245 alio
756 2207 801 2245 in
821 2206 913 2245 loco
936 2208 1118 2258 emergit.

222 2271 325 2310 CAP.
347 2273 469 2312 XIV.
527 2274 624 2312 Non
644 2288 803 2326 semper
823 2280 958 2313 autem
982 2274 1122 2312 eadem
1142 2280 1277 2312 terrae
1297 2274 1385 2312 loca
1401 2286 1546 2324 aquosa

110 2345 214 2387 sunt,
234 2339 302 2377 vel
321 2337 455 2387 arida,
483 2339 552 2377 sed
574 2354 650 2392 pro
669 2342 881 2380 fluminum
901 2348 993 2380 ortu
1014 2355 1060 2379 ac
1081 2341 1306 2379 defectione
1325 2345 1543 2378 mutantur.

111 2405 388 2458 Quamobrem
417 2408 584 2444 mutatio
611 2409 730 2446 etiam
752 2408 799 2446 fit
822 2409 929 2463 inter
960 2409 1229 2446 continentem
1252 2414 1293 2445 et
1312 2420 1421 2445 marc
1433 2435 1444 2453 ‚
1476 2420 1548 2445 nec

110 2488 272 2526 semper
300 2473 391 2511 loca
419 2472 517 2511 haec
534 2479 664 2524 terra,
703 2475 775 2515 illa
801 2489 914 2515 mare
945 2476 1055 2513 omni
1082 2481 1267 2526 tempore
1298 2480 1546 2525 permanent.

112 2542 193 2581 Sed
221 2541 291 2580 ubi
322 2547 432 2579 terra
459 2548 564 2591 erat,
602 2556 710 2580 nuuc
743 2557 855 2582 mare
891 2550 970 2591 est,
1011 2548 1052 2580 et
1084 2542 1154 2580 ubi
1184 2554 1292 2579 nunc
1324 2554 1436 2579 mare
1473 2548 1546 2591 est,

110 2623 252 2648 rursus
281 2609 359 2647 erit
384 2615 506 2648 terra.
578 2614 614 2648 2.
648 2611 902 2661 Quamquam
930 2609 1073 2649 ordine
1105 2608 1278 2661 quodam
1305 2622 1351 2676 ‘ic
1377 2608 1547 2660 periodo

111 2676 203 2715 fieri
228 2676 303 2714 ista
327 2676 578 2721 ,censendum
608 2683 681 2715 est.
749 2678 909 2717 Horum
938 2684 1071 2716 autem
1102 2676 1347 2729 principium
1376 2682 1416 2714 et
1435 2690 1549 2715 causa

113 2750 193 2794 est,
241 2743 349 2796 quod
387 2750 519 2783 terrae
559 2744 773 2795 interiora,
830 2744 1167 2798 quemadmodum
1205 2750 1246 2783 et
1280 2744 1464 2796 stirpium
1508 2751 1548 2782 et

113 2811 344 2850 animalium
387 2825 558 2865 corpora
574 2843 584 2862 ,
635 2813 840 2864 vigentem
876 2819 1023 2852 statum
1061 2818 1101 2850 ct
1141 2817 1339 2852 senectam
1388 2810 1548 2850 habent.

1579 996 1597 1029 1

1577 1335 1601 1369 1:
