1774 3198
445 361 669 403 LIBRUM
694 358 933 400 PRIMUM.
992 357 1112 397 cAP.
1134 357 1236 397 XII.
1466 345 1561 389 441

126 478 287 530 frigidi
317 477 444 515 illata
471 480 520 516 in
535 476 730 516 cavernis
754 480 828 512 est.
884 470 1018 511 Etiam
1047 468 1322 510 Cleanthes
1348 467 1457 521 apud
1485 467 1564 507 ci-

129 559 365 585 ceronem
403 546 452 583 de
491 552 582 583 nat.
619 543 730 582 deor.
775 540 839 590 11,
879 542 904 579 9
942 538 1081 578 docet:
1129 552 1182 577 ex
1209 538 1353 589 paceio
1391 535 1565 588 iugibus

131 627 291 666 aquam
312 613 499 661 calidam
522 612 663 660 trahi,
692 617 733 649 et
754 610 800 648 id
823 608 1007 646 maxime
1032 605 1218 645 hibernis
1234 605 1343 654 fleri
1367 604 1567 654 tempori-

130 681 222 730 bus,
251 679 362 733 quod
382 694 545 733 magna
564 682 629 719 νίε
653 679 811 718 calor-ie
830 684 971 714 terrae
990 676 1228 714 continetur
1246 673 1463 718 cavernis,
1492 683 1569 709 ea-

131 765 205 802 que
226 749 361 787 hieme
386 750 446 786 ait
471 749 634 794 densior
655 747 703 787 ob
721 759 890 797 eamque
919 756 1094 782 causam
1119 741 1304 780 calorem
1326 742 1502 779 insitum
1521 740 1570 778 in

130 819 257 856 terris
288 818 506 855 contineat
537 819 710 856 arctius.
745 837 802 845 —-—
860 808 1021 858 ἀλαίαις
1049 811 1162 851 Cam.
1203 831 1254 836 —
1297 807 1368 849 καί
1394 814 1488 848 ante
1515 804 1570 847 τὰ

129 881 240 925 κάτω
269 886 453 924 inserunt
472 887 520 924 F.
541 886 653 925 cam.
684 880 738 924 τὰ
759 879 870 922 κάτω
892 882 965 932 τῆς
981 881 1054 933 γῆς
1081 885 1174 918 sunt
1190 879 1280 918 loca
1297 878 1568 918 subterranea.

132 977 183 982 —-
216 950 342 1006 ὥραις
371 954 522 992 omittit
543 955 592 992 Ε.
625 973 677 978 -
716 948 852 1005 κύκλῳ
891 949 1004 988 deest
1032 948 1078 987 in
1105 947 1196 986 cod.
1226 947 1280 986 N.
1334 947 1411 986 Est
1437 951 1570 985 autem

127 1018 154 1074 ἦ
184 1019 317 1077 κύκλῳ
347 1017 583 1074 θερμότης,
629 1021 713 1072 qui
750 1018 1096 1059 circumcirca
1133 1021 1212 1054 est
1239 1014 1407 1063 calor,
1448 1027 1568 1066 quem

131 1091 165 1141 §.
199 1094 274 1130 13:
318 1086 364 1129 τὰ
397 1086 474 1136 ἔξω
501 1084 662 1141 θερμόν
688 1094 819 1128 vocat.
880 1085 1005 1137 Quod
1034 1085 1286 1132 monuimus,
1323 1095 1377 1120 ne
1401 1082 1490 1135 quis
1519 1082 1570 1120 de

130 1159 263 1197 calore
295 1158 463 1210 cogitet,
503 1164 704 1196 astrorum
732 1157 837 1194 circa
870 1161 1023 1192 terram
1057 1150 1276 1190 orbiculari
1313 1149 1572 1188 revolutione

129 1233 365 1277 provocato,
396 1225 447 1263 de
470 1238 549 1276 quo
571 1237 692 1276 supra
715 1224 879 1274 egimus,
937 1223 1000 1261 Ita
1028 1215 1208 1274 ἡκύκλῳ
1234 1214 1353 1271 χώρα
1380 1215 1471 1269 περὶ
1499 1212 1572 1256 τόν

128 1290 294 1332 Πόντον
332 1289 545 1344 οἰκουμένη
585 1291 695 1344 apud
731 1290 1076 1342 Xenophont.
1101 1286 1299 1326 Anabas.
1322 1287 1385 1335 V,
1417 1290 1468 1333 6,
1500 1290 1569 1325 20.

129 1357 236 1412 παχύ
267 1375 342 1413 pro
361 1358 465 1412 ταχύ
495 1360 662 1399 exhibet
681 1348 877 1413 Cam-‘ff
889 1360 976 1399 Cas.
999 1357 1118 1396 solito
1143 1369 1299 1395 errore.
1329 1355 1404 1394 cfr.
1423 1356 1573 1393 Sturz

130 1428 601 1482 EmpedocLAgrigent.
631 1443 672 1481 p.
691 1433 786 1468 309.
819 1451 870 1456 -
901 1425 945 1466 ἐκ
974 1423 1123 1480 νέφους
1151 1424 1298 1462 omisso
1329 1423 1499 1461 articulo
1527 1423 1575 1461 F.

128 1499 182 1536 H.
195 1498 250 1536 N.
273 1522 323 1527 -—
357 1498 546 1549 Denique
564 1497 693 1536 verba
712 1491 780 1536 ὁτὲ
798 1493 843 1535 δὲ
858 1491 1043 1546 χάλαζαν
1063 1493 1209 1532 desunt
1226 1493 1270 1530 in
1290 1490 1380 1529 eod.
1403 1492 1452 1530 E.
1462 1492 1509 1529 F.
1519 1490 1574 1529 H.

130 1571 172 1604 et
192 1566 325 1617 prima
348 1579 471 1604 manu
491 1566 535 1603 in
552 1566 607 1604 N.

246 1647 310 1682 12.
344 1640 422 1682 διὸ
450 1642 615 1682 καὶ
631 1671 641 1681 .
662 1637 976 1694 λαβρότερα.
1018 1641 1103 1680 Csr.
1124 1641 1234 1679 inter
1254 1635 1352 1678 alios
1383 1634 1576 1677 Schiib-

130 1711 210 1748 ler
241 1710 498 1748 Grundsmze
528 1710 602 1748 der
628 1709 950 1761 Meteorologie.
982 1721 1024 1761 p.
1052 1713 1070 1748 1
1083 1708 1134 1750 14
1164 1706 1269 1761 (IX.
1300 1721 1341 1759 p.
1365 1709 1446 1745 164
1456 1705 1489 1756 ).
1520 1726 1573 1733 -—

130 1776 316 1829 γίνεσθαι
347 1792 424 1830 pro
441 1776 620 1830 γίνονται
640 1777 690 1816 Ν.
712 1801 762 1806 -
794 1775 859 1816 καὶ
877 1773 1011 1816 ὕδατα
1030 1773 1295 1830 λαμπρότερα
1313 1777 1360 1815 Ε.
1387 1794 1446 1802 —-
1472 1776 1577 1814 Mox

132 1843 283 1898 λέγεται
312 1859 433 1898 supra
452 1852 588 1885 tamen
605 1847 738 1898 posito
764 1843 913 1897 γίνεται
942 1847 990 1885 F.
1047 1846 1184 1897 Ipsum
1203 1842 1352 1897 γίνεται
1381 1842 1578 1882 exhibent

131 1915 181 1952 H.
202 1914 254 1952 N.
282 1912 460 1966 γίνονται
479 1915 532 1953 Α.

247 1996 311 2031 13.
343 1986 443 2030 αὗτό
476 1992 681 2031 omisimus
710 2006 802 2032 cum
822 1992 911 2031 cod.
933 1993 981 2031 E.
1010 1993 1193 2045 quamvis
1218 1991 1263 2030 in
1293 1989 1405 2030 hisce
1430 1989 1574 2030 simili-

130 2059 284 2112 busque
303 2060 401 2098 locis
418 2067 555 2100 contra
573 2062 724 2100 nitatur
748 2059 1058 2113 Bernhardy
1079 2060 1130 2099 ad
1148 2061 1356 2111 Dionys.
1376 2059 1574 2110 Perieg.

131 2129 268 2178 p-782
288 2140 345 2179 sq.
379 2152 430 2157 ——
471 2126 653 2183 κατέλθῃ
678 2143 801 2183 supra
820 2130 953 2182 posito
974 2127 1127 2182 ἐμπέσῃ
1155 2130 1202 2168 F.
1259 2129 1399 2180 Ipsum
1421 2124 1576 2181 ἐμπέσῃ

134 2192 300 2232 exhibet
319 2184 518 2249 Cam-W
539 2198 627 2236 Cas.
656 2221 713 2227 —
751 2194 798 2235 δέ
822 2211 862 2236 τι
890 2211 968 2250 pro
999 2193 1040 2235 δ’
1067 2193 1124 2235 ἔτι
1151 2197 1203 2238 Η.
1225 2195 1281 2233 Ν.
1314 2218 1365 2223 ——
1413 2191 1461 2233 δέ
1486 2201 1578 2246 post

133 2256 247 2310 ’ὕδωρ
277 2261 390 2300 addit
414 2260 461 2301 F.
529 2265 727 2314 Quamvis
757 2261 806 2302 δέ
827 2265 871 2302 in
889 2264 1056 2316 apodosi
1077 2263 1185 2315 apud
1208 2276 1347 2301 omnes
1368 2264 1457 2302 fere
1475 2261 1576 2301 scri-

133 2335 293 2381 ptores,
320 2328 416 2368 inde
438 2330 487 2368 ab
505 2332 725 2370 Homero
758 2332 904 2383 odyss.
922 2333 1051 2381 XXI,
1073 2335 1170 2372 273.
1194 2330 1298 2371 274:

220 2415 259 2457 οἱ
291 2415 346 2468 δ’,
365 2417 475 2460 ἐπεὶ
506 2414 577 2461 οὗν
606 2419 773 2462 σπεῖσάν
802 2419 842 2461 τ’
867 2418 978 2461 ἔπιόν
1002 2419 1051 2461 θ’
1077 2418 1173 2462 ὅσον
1199 2419 1324 2474 ἤθελε
1354 2417 1504 2471 θυμός,

217 2490 304 2533 τοῖς
334 2484 386 2526 δὲ
418 2487 702 2544 δολοφρονέων
729 2488 883 2544 μετέφη
914 2486 1140 2543 πολύμητις
1162 2486 1386 2537 Ὀδυσσεύς

133 2589 219 2616 non
238 2578 295 2616 ita
313 2591 454 2617 rarum
474 2581 537 2630 sit,
564 2595 663 2632 prae
684 2582 851 2620 caeteris
876 2595 978 2621 vero
997 2583 1139 2621 tritum
1167 2582 1453 2622 Aristoteli
1479 2578 1574 2634 (cst.

135 2645 295 2684 Vater
326 2646 379 2684 ad
406 2648 626 2686 Aristot.
657 2649 784 2688 Rhet.
813 2647 1110 2688 Animadvers.
1140 2663 1183 2702 p.
1205 2654 1244 2690 9.
1284 2649 1576 2689 Schneider

136 2712 189 2750 ad
207 2714 426 2753 Aristot.
446 2717 576 2755 Poltt.
597 2719 677 2764 III,
701 2721 742 2764 7,
769 2722 807 2756 1.
836 2717 956 2755 Tom.
979 2720 1031 2758 H.
1060 2731 1104 2769 p.
1125 2721 1205 2757 201
1246 2719 1385 2770 ibique
1422 2718 1577 2757 Gott-

137 2779 252 2831 ling
279 2782 331 2820 ad
349 2785 381 2831 I,
400 2787 437 2821 1.
467 2797 506 2835 p.
525 2787 621 2823 291.
651 2786 767 2824 Zell
792 2785 845 2824 ad
864 2785 1005 2824 Ethic.
1026 2787 1193 2826 Nicom.
1215 2789 1248 2835 I,
1271 2791 1306 2836 1,
1327 2786 1365 2825 4.
1388 2786 1572 2826 Tum-II.

136 2860 176 2898 p.
200 2847 275 2900 5),
311 2863 394 2889 non
418 2852 643 2904 recepimus
671 2860 807 2892 tamen
834 2854 1072 2903 lectionem,
1109 2855 1356 2907 optimorum
1390 2855 1574 2894 codicum

937 3031 953 3065 I
