1820 3158
271 345 329 384 10
374 329 580 392 —12·-s40‚a2
605 347 766 381 Βεὼ-
837 347 985 388 LIBJ.
1009 345 1124 387 CAP.
1138 347 1212 386 111.
1279 344 1499 389 -p.327‚c.
1525 344 1647 380 cas.-

266 462 354 512 φῶν
382 457 600 513 ἀθροίσας,
628 450 675 498 οὗ
709 453 894 509 λήγουσιν
921 453 999 509 ἤδη
1030 453 1097 495 διὰ
1123 453 1170 496 τὸ
1201 454 1407 507 σχίζεσθαι
1435 456 1490 503 εἲς
1525 454 1668 508 ἀχανὲς

215 530 259 565 11
275 524 316 565 αἱ
345 524 514 572 ἀκτῖνες·
574 530 639 564 11.
660 522 725 563 ”H
745 516 814 563 οὖν
842 520 915 563 οὔκ
943 521 984 571 ἐξ
1013 519 1189 569 ἅπαντος
1214 525 1286 563 τοῦ
1315 520 1432 577 ἀέρος
1458 521 1569 577 ὕδωρ
1598 521 1667 563 πέ-

265 607 387 646 φυκεν
415 591 616 644 γίνεσθαι,
661 587 687 641 ἢ
714 588 748 628 εἲ
789 585 938 640 ὁμοίως
975 587 1017 636 ἐξ
1055 586 1256 639 ἅπαντος,
1317 585 1337 629 ὃ
1368 589 1456 643 περὶ
1495 587 1568 641 τὴν
1595 591 1667 642 γῆν

265 656 311 698 οὗ
341 656 466 710 μόνον
496 655 574 709 ἀήρ
605 654 709 695 ἐστιν
739 652 828 694 ἀλλ’
862 650 946 694 οἷον
975 652 1105 706 ἀτμίς,
1136 653 1197 695 διὸ
1217 653 1334 695 πάλιν
1361 655 1591 695 συνίσταται
1612 654 1668 701 εἷς

263 722 397 777 ὕδωρ·
439 721 540 761 ἀλλὰ
567 720 649 774 μὴν
678 721 712 761 εἷ
738 723 919 768 τοιοῦτος
947 718 1002 761 ὢν
1030 718 1051 761 ὅ
1073 719 1150 774 ἀὴρ
1173 718 1277 768 ἅπας
1305 720 1423 773 ἀτμίς
1450 721 1569 771 ἐστιν,
1599 719 1669 760 δό-

266 791 362 837 ξειεν
391 786 439 828 ἂν
467 786 568 828 πολὺ
597 784 857 842 ὑπερβάλλειν
883 784 908 839 ἢ
937 790 1019 827 τοῦ
1039 785 1155 840 ἀέρος
1181 785 1300 840 φύσις
1328 788 1394 828 καὶ
1421 785 1447 840 ἣ
1472 790 1546 827 τοῦ
1569 785 1669 827 ὕδα-

264 871 356 907 τος,
401 853 521 906 ἐἴπερ
562 851 614 893 τά
649 869 691 893 τε
735 850 989 905 διαστήματα
1030 855 1109 893 τῶν
1139 850 1221 893 ἄνω
1248 851 1379 907 πλήρη
1420 853 1502 894 ἐστὶ
1533 851 1669 905 σώμα-

263 920 336 968 τός
372 936 480 968 τινος
515 920 580 960 καὶ
615 917 743 974 πυρὸς
776 918 850 970 μὲν
888 917 1085 960 ἀδύνατον
1123 917 1189 958 διὰ
1220 917 1266 959 τὸ
1295 918 1589 974 κατεξηράνθαι
1621 916 1670 958 ἂν

264 981 392 1027 τᾶλλα
419 985 569 1036 πάντα,
611 986 783 1026 λείπεται
813 983 852 1024 δ’
885 983 1001 1038 ἀέρος
1028 985 1093 1025 καὶ
1121 988 1193 1026 τοῦ
1221 985 1310 1040 περὶ
1338 985 1411 1038 τὴν
1439 989 1511 1039 γῆν
1538 987 1670 1025 πᾶσαν

215 1051 444 1110 12ῧόατος·
487 1049 513 1106 ἡ
543 1050 619 1106 γὰρ
649 1050 767 1104 ἀτμὶς
792 1049 941 1097 ὕδατος
970 1049 1164 1105 διάκρισίς
1192 1051 1310 1091 ἔστιν.
1373 1058 1437 1092 12.
1467 1052 1572 1104 Περὶ
1599 1049 1672 1103 μὲν

265 1115 336 1161 οὖν
361 1118 515 1161 τούτων
542 1117 768 1173 ήπορήσθω
804 1120 947 1158 τοῦτον
973 1115 1044 1157 τὸν
1073 1114 1247 1171 τρόπον·
1299 1114 1441 1170 εΗμεΐς
1481 1117 1524 1157 δὲ
1553 1116 1674 1170 λέγω-

263 1202 336 1239 μεν
365 1184 451 1239 ἅμα
475 1183 578 1240 πρός
606 1200 647 1225 τε
667 1183 716 1224 τὰ
738 1181 1016 1236 λεχθησόμενα
1045 1184 1280 1236 διορίζοντες
1311 1184 1376 1224 καὶ
1403 1182 1505 1238 πρὸς
1531 1181 1583 1222 τὰ
1601 1185 1671 1222 νῦν

265 1252 472 1307 εἰρημένα·
500 1250 546 1293 τὸ
569 1250 643 1303 μὲν
662 1249 738 1304 γὰρ
769 1248 852 1290 ἄνω
882 1250 947 1289 καὶ
973 1248 1088 1304 μέχρι
1118 1249 1284 1303 σελήνης
1311 1249 1443 1304 ἕτερον
1472 1246 1569 1289 εἶναι
1592 1250 1672 1288 σῶ-

262 1317 323 1371 μά
354 1321 485 1374 φαμεν
513 1315 640 1371 πυρός
666 1332 708 1357 τε
738 1317 803 1357 καὶ
833 1314 959 1370 ἀέρος,
993 1315 1039 1356 οὐ
1068 1314 1148 1369 μὴν
1192 1315 1286 1356 ἀλλ’
1327 1315 1369 1357 ἓν
1408 1314 1516 1371 αὐτῷ
1553 1329 1595 1368 γε
1623 1313 1670 1354 τὸ

262 1386 337 1438 μὲν
372 1382 659 1440 καθαρώτερον
697 1379 795 1422 εἶναι
834 1381 880 1423 τὸ
921 1382 960 1422 δ’
993 1375 1115 1436 ἧττον
1153 1381 1377 1435 εἷλικρινές,
1432 1381 1497 1422 καὶ
1527 1382 1672 1435 διαφο-

266 1451 340 1506 ρὰς
374 1451 474 1505 ἔχειν
501 1451 567 1492 καὶ
597 1447 773 1502 μάλιστα
800 1441 826 1504 ᾗ
855 1441 1062 1502 καταλήγει
1098 1447 1201 1503 πρὸς
1235 1447 1307 1489 τὸν
1345 1446 1443 1502 ἀέρα
1477 1447 1543 1488 καὶ
1570 1445 1674 1501 πρὸς

213 1523 262 1558 13
275 1517 346 1559 τὸν
364 1519 452 1573 περὶ
471 1517 545 1572 τὴν
569 1521 640 1572 γῆν
660 1516 826 1570 κόσμον.
883 1522 949 1558 13.
979 1514 1210 1571 Φερομένου
1231 1514 1275 1556 δὲ
1293 1518 1366 1556 τοῦ
1387 1512 1548 1569 πρώτου
1568 1529 1673 1554 στοι-

265 1652 371 1689 enim
392 1651 559 1689 nubium
577 1649 919 1698 condensationes,
947 1649 1018 1686 ubi
1037 1654 1203 1700 propter
1232 1647 1515 1698 dispersionem
1539 1646 1582 1683 in
1600 1657 1675 1684 va-

265 1723 367 1755 stum
386 1718 555 1768 spatium
573 1717 676 1755 radii
695 1716 888 1753 desinunt.
945 1718 1010 1752 11.
1037 1715 1174 1765 Itaque
1199 1720 1268 1751 aut
1287 1727 1369 1751 non
1389 1727 1439 1751 ex
1455 1712 1564 1750 omni
1583 1713 1674 1749 aere

265 1797 364 1834 aqua
385 1784 451 1832 fit,
479 1789 548 1821 aut
566 1784 598 1820 si
614 1783 763 1834 pariter
782 1795 833 1818 ex
855 1781 1016 1831 quovis,
1045 1781 1113 1831 qui
1134 1786 1283 1817 terram
1305 1780 1424 1829 cingit
1449 1791 1530 1816 non
1545 1777 1672 1815 solum

266 1857 324 1888 est
351 1852 439 1897 aer,
467 1849 538 1886 sed
557 1849 664 1899 quasi
680 1860 828 1898 vapor,
855 1846 962 1884 unde
980 1860 1116 1885 rursus
1135 1846 1176 1883 in
1203 1858 1341 1896 aquam
1366 1844 1480 1882 redit.
1536 1843 1672 1893 Atqui,

264 1917 296 1954 si
317 1922 423 1953 tanta
442 1916 542 1953 n’e'ris
561 1914 753 1965 quantitas
773 1914 888 1950 unice
914 1926 965 1950 ex
980 1925 1131 1963 vapore
1157 1924 1301 1962 aquoso
1328 1916 1541 1957 constaret,
1571 1909 1673 1946 atiris

264 1988 304 2020 et
335 1995 457 2033 aquae
495 1983 636 2018 natura
659 1980 906 2030 reliquorum
935 1979 1219 2016 elementorum
1249 1983 1426 2014 naturam
1455 1976 1571 2026 longe
1600 1988 1671 2012 ex-

264 2048 406 2086 cedere
426 2047 654 2096 videretur,
684 2045 878 2096 siquidem
900 2045 1110 2083 intervalla
1128 2049 1322 2082 astrorum
1343 2043 1522 2093 corporis
1542 2041 1674 2079 cuius-

267 2115 355 2153 dam
374 2115 490 2165 plena
513 2119 604 2151 sunt
629 2134 685 2141 —
713 2113 804 2162 igne
829 2112 1011 2162 profecto
1035 2110 1189 2161 repleta
1214 2122 1296 2146 esse
1316 2114 1535 2158 nequeunt,
1565 2107 1672 2158 quod

265 2182 417 2231 reliqua
443 2181 575 2218 omnia
599 2179 678 2217 iam
704 2179 896 2216 exsiccata
916 2183 1043 2215 essent
1063 2197 1118 2203 —
1140 2176 1215 2222 ita,
1243 2182 1287 2212 ut
1304 2175 1404 2212 nihil
1428 2180 1569 2220 restet,
1598 2173 1673 2210 nisi

265 2254 310 2285 ut
334 2248 435 2284 aeris
461 2246 666 2296 omnisque
692 2245 795 2283 circa
815 2250 962 2282 terram
985 2255 1105 2294 aquae
1124 2242 1240 2293 piena
1259 2242 1348 2279 sint.
1405 2241 1543 2291 Vapor
1568 2240 1673 2277 enim

266 2327 388 2363 aquae
406 2319 464 2350 est
474 2312 660 2350 secretio.
719 2314 786 2349 12.
811 2312 875 2348 De
893 2310 953 2348 his
968 2310 1087 2359 igitur
1104 2307 1176 2346 hac
1194 2308 1347 2345 ratione
1364 2305 1584 2344 dubitatum
1603 2305 1673 2353 sit;

265 2393 338 2416 nos
359 2393 457 2417 vero
479 2379 652 2418 dicamus
672 2376 807 2424 simul,
838 2376 934 2427 quid
960 2375 1011 2413 de
1036 2376 1083 2413 iis
1103 2374 1354 2412 statuendum
1375 2373 1445 2420 sit,
1475 2385 1573 2423 quae
1594 2372 1671 2408 iam

267 2446 369 2483 dicta
400 2451 490 2483 sunt
520 2451 559 2482 et
582 2445 678 2495 quid
706 2445 756 2482 de
778 2444 848 2491 iia,
885 2455 984 2493 quae
1008 2440 1174 2479 dicenda
1197 2446 1360 2479 restant.
1418 2438 1540 2488 Quod
1567 2437 1671 2474 enim

264 2525 383 2561 supra
407 2511 456 2549 ad
477 2513 611 2549 lunam
629 2524 754 2561 usque
777 2509 1026 2557 extenditur,
1052 2507 1324 2545 contendimus
1345 2519 1429 2543 esse
1449 2517 1591 2554 corpus
1610 2503 1673 2540 di-

265 2590 426 2614 versum
458 2577 505 2614 ab
536 2578 625 2626 igne
653 2584 693 2615 et
721 2581 836 2624 aere,
873 2574 1100 2622 tamenetsi,
1137 2574 1281 2624 partim
1313 2571 1500 2609 sincerius
1527 2569 1671 2620 partim

264 2644 393 2680 minus
426 2643 645 2689 sincerum,
685 2644 890 2681 varietates
910 2641 1065 2686 subeat,
1093 2638 1324 2690 praesertim
1343 2637 1396 2675 ibi
1409 2662 1421 2683 ,
1446 2635 1515 2673 ubi
1532 2647 1671 2673 versus

265 2713 397 2747 aetem
418 2714 457 2746 et
477 2722 613 2746 versus
631 2709 838 2754 mundum,
869 2707 935 2758 qui
954 2713 1100 2744 terram
1119 2703 1252 2750 ambit,
1274 2701 1427 2740 desinit.
1484 2704 1546 2738 13.
1568 2700 1669 2737 Cum

266 2788 364 2814 vero
394 2774 566 2824 primum
598 2775 835 2813 elementum
858 2778 899 2810 et
926 2784 1024 2822 quae
1052 2771 1111 2809 illi
1135 2769 1341 2807 inhaerent
1370 2780 1538 2819 corpora
1570 2779 1669 2817 gyro
