1820 3158
186 362 358 408 —p.363,
373 373 406 397 a.
425 362 591 396 Bekk.—
633 362 801 403 LIB.11.
831 362 1028 402 CARVI.
1085 357 1458 404 —p.347,A.Cas.-
1513 350 1604 396 101
1668 337 1678 347 ’

162 475 425 531 παθημάτων
444 474 523 518 ὅσα
543 474 601 530 μὴ
629 473 883 541 συμβέβηκεν
912 472 954 514 ἓν
983 478 1070 521 τοῖς
1098 471 1385 529 προβλήμασιν
1413 473 1608 529 εῗρῆσθαι

162 550 248 593 τοῖς
286 542 391 586 κατὰ
429 542 575 599 μέρος,
622 545 696 584 νῦν
733 541 923 598 λέγωμεν,
984 548 1024 582 2.
1056 540 1138 582 Δεῖ
1163 540 1208 582 δὲ
1237 541 1328 598 περὶ
1355 543 1429 595 τῆς
1450 539 1609 589 θέσεως
1637 546 1663 581 2

162 610 251 665 α’μα
279 611 378 660 τοὺς
403 610 550 677 λόγους
581 610 626 652 ἐκ
654 613 729 664 τῆς
756 607 1000 666 υπογραφῆς
1034 612 1220 662 θεωρεῖν.
1277 608 1497 666 γέγραπται
1533 607 1608 662 μὲν

163 696 256 731 ουν,
285 683 360 721 τοῦ
386 672 545 734 μᾶλλον
573 677 764 733 εὐσήμως
794 677 918 731 ἔχειν,
948 674 970 719 ὃ
996 682 1069 719 τοῦ
1100 674 1307 733 ὁρίζοντος
1334 674 1608 726 abanec-‹512›

163 748 230 788 καὶ
251 745 519 804 στρογγύλος·
550 747 615 789 δεῖ
636 746 681 789 δὲ
701 751 807 789 νοεΐν
833 744 960 788 αὐτοῦ
991 744 1039 787 τὸ
1071 743 1208 800 ἕτερον
1219 743 1424 828 ἐκτμημα
1451 744 1500 786 τὸ
1530 741 1604 800 ὕφ’

163 811 280 869 ἡμῶν
301 814 560 869 οἰκούμενον·
591 814 702 856 ἔσται
723 813 802 871 γὰρ
828 813 986 856 κάκεῖνο
1017 814 1159 855 διελεῖν
1187 810 1287 856 τὸν
1345 811 1415 855 ὸν
1442 812 1608 870 τρόπον.

240 880 509 925 εΥποκείσθω
540 882 586 924 δὲ
613 886 778 939 πρῶτον
806 882 968 925 ε’ναντιά
997 881 1102 924 κατὰ
1131 879 1279 923 τόπον
1275 858 1388 923 εἷναι
1416 880 1469 923 τὰ
1498 884 1664 923 πλεῖ-3

163 967 261 993 στον
303 951 506 1005 ἀπέχοντα
541 949 647 993 κατὰ
683 949 835 1002 τόπδν,
895 948 1031 1006 ὥσπερ
1073 947 1169 991 κατ’
1209 946 1317 997 εἶδος
1357 949 1520 991 ἐναντία
1556 947 1610 991 τὰ

162 1022 350 1061 πλεῖστον
389 1018 594 1073 ἀπέχοντα
631 1017 736 1060 κατὰ
773 1017 821 1060 τὸ
854 1015 973 1067 εἶδος.
1034 1021 1223 1060 πλεῖστον
1261 1017 1303 1059 δ’
1339 1015 1476 1070 ἀπέχει
1505 1016 1610 1059 κατὰ

162 1085 291 1129 τόπον
326 1086 379 1129 τὰ
419 1087 581 1141 κείμενα
617 1085 722 1142 πρὸς
758 1084 918 1139 ἄλληλα
959 1084 1063 1127 κατὰ
1094 1084 1327 1141 διάμετρον.
1395 1086 1435 1126 4.
1470 1083 1606 1126 ’Έστω
1640 1085 1665 1124 4

163 1149 235 1196 οὗν
257 1155 304 1197 τὸ
330 1154 406 1210 μὲν
436 1152 507 1210 ἐφ’
541 1145 574 1211 ᾧ
603 1154 650 1194 A
679 1151 814 1207 δυσμὴ
846 1152 1080 1210 ισημερινῆ,
1110 1154 1293 1202 ἐναντίος
1323 1152 1369 1195 δὲ
1387 1151 1521 1210 τούτῳ
1539 1150 1610 1194 τό-

160 1238 260 1284 πος,
307 1221 377 1279 ἐφ’
410 1238 458 1263 ου
486 1219 534 1263 τὸ
564 1222 626 1271 Β,
666 1219 846 1276 ἀνατολὴ
876 1221 1113 1306 ἵσημερινή·
1174 1220 1278 1277 ἄλλη
1317 1221 1363 1263 δὲ
1394 1219 1611 1277 διάμετρος

159 1279 313 1344 ταύτην
340 1288 445 1346 πρὸς
473 1287 610 1345 ὀρθὴν
638 1288 858 1343 τέμνουσα,
888 1282 941 1344 ἧς
969 1289 1016 1332 τὸ
1049 1289 1119 1347 εφ’
1145 1306 1194 1332 ου
1215 1291 1282 1341 Η,
1309 1288 1413 1332 ἴστω
1435 1288 1609 1346 ἄρκτος·

158 1355 293 1414 τούτῳ
323 1356 365 1399 δ’
398 1357 581 1399 ἐναντίον
611 1357 654 1407 ἐξ
684 1357 889 1409 ἐναντίας,
927 1357 975 1400 τὸ
1006 1358 1077 1415 εφ’
1101 1375 1150 1401 ου
1178 1358 1228 1409 Θ,
1259 1358 1522 1414 μεσημβρία
1561 1356 1608 1399 τὸ

160 1423 203 1466 δ’
237 1423 308 1481 ἐφ’
342 1426 391 1467 οὗ
421 1428 464 1467 Ζ
491 1424 671 1480 ἀνατολὴ
700 1424 869 1483 θερινή,
902 1425 950 1468 τό
985 1426 1028 1468 δ’
1054 1425 1125 1483 ἐφ’
1152 1427 1201 1468 οὗ
1221 1429 1261 1467 Ε
1286 1425 1422 1480 δυσμὴ
1451 1423 1611 1482 θερινὴ,

157 1492 206 1535 τὸ
239 1492 280 1534 δ’
314 1491 375 1550 ἐφ’
409 1487 458 1536 οὗ
488 1494 532 1535 A
562 1493 742 1548 ἀνατολὴ
776 1493 982 1550 χειμερινὴ
993 1527 1005 1545 ,
1048 1494 1096 1536 τὸ
1137 1493 1180 1535 ὁ)
1213 1493 1282 1550 ἐφ’
1317 1487 1367 1535 οὗ
1397 1496 1439 1535 Γ
1472 1491 1608 1546 δυσμὴ

155 1560 376 1617 χειμερινή.
422 1560 502 1603 ἀπὸ
535 1562 580 1603 δὲ
608 1565 681 1603 τοῦ
711 1565 753 1603 Ζ
777 1561 901 1616 ἤχθω
932 1561 1151 1618 διάμετρος
1182 1562 1246 1603 ἐπὶ
1276 1561 1323 1603 τὸ
1357 1564 1397 1602 Γ
1433 1562 1499 1602 καὶ
1529 1558 1610 1601 ἀπὸ

158 1632 235 1670 τοῦ
265 1629 307 1671 A
336 1628 399 1669 ἐπὶ
428 1629 475 1671 τὸ
510 1631 556 1671 Ε.
647 1634 685 1671 5.
731 1629 841 1671 Ἐπεὶ
881 1624 955 1671 οὖν
983 1629 1035 1671 τὰ
1064 1630 1140 1682 μὲν
1177 1633 1367 1671 πλεῖστον
1407 1628 1611 1681 ἀπέχοντα
1642 1633 1664 1668 5

162 1769 261 1815 quot
278 1764 370 1814 sint,
393 1765 527 1817 deque
543 1767 711 1806 caeteris
729 1766 1018 1816 affectionibus,
1046 1780 1152 1818 quae
1169 1768 1212 1805 in
1228 1765 1494 1806 problematis
1512 1777 1610 1816 par-

162 1833 382 1872 tiquariter
402 1835 606 1886 expositae
624 1848 708 1874 non
727 1841 843 1883 sunt,
882 1848 992 1874 nunc
1022 1835 1215 1874 dicamus.
1277 1838 1314 1873 2.
1345 1834 1454 1872 Situs
1475 1838 1609 1870 autem

159 1901 335 1940 rationes
369 1915 421 1940 ex
451 1901 722 1955 descriptione
749 1903 1018 1955 contemplari
1045 1908 1222 1955 oportet.
1293 1902 1352 1940 Ut
1381 1901 1504 1952 igitur
1543 1913 1609 1938 res

160 1969 308 2008 clarior
344 1969 512 2019 evadat,
551 1970 693 2010 finitor
717 1972 914 2020 circulus,
947 1970 999 2008 ob
1030 1983 1199 2022 eamque
1221 1983 1378 2009 causam
1409 1967 1610 2007 rotundus

160 2036 422 2078 describatur.
482 2041 672 2079 Alterum
705 2046 839 2079 autem
868 2040 994 2091 ipsius
1018 2044 1268 2090 segmentum
1279 2066 1294 2085 ,
1323 2037 1431 2090 quod
1453 2051 1477 2075 a
1495 2036 1610 2075 nobis

160 2103 376 2152 habitatur,
405 2107 541 2146 animo
563 2108 872 2161 concipiendum
892 2114 973 2157 est,
1004 2105 1331 2159 quandoquidem
1358 2111 1399 2143 et
1418 2103 1518 2143 illud
1540 2117 1611 2142 eo-

161 2172 253 2210 dem
274 2174 395 2212 modo
418 2174 604 2215 dividere
621 2177 772 2215 licebit.
834 2179 873 2215 3.
903 2175 951 2214 Id
968 2188 1072 2214 vero
1092 2176 1268 2227 primum
1290 2179 1480 2226 ponatur,
1511 2185 1611 2210 con-

92 2234 96 2240 *
160 2240 284 2277 traria
305 2240 396 2278 loco
421 2255 528 2290 esse,
556 2257 657 2296 quae
679 2245 771 2283 loco
797 2228 1024 2296 plurimum
1039 2243 1226 2289 distant,
1268 2239 1610 2293 quemadmodum

163 2307 364 2345 contraria
388 2310 522 2360 specie
543 2325 589 2348 ea
607 2317 723 2359 sunt,
754 2325 857 2363 quae
881 2311 1015 2362 specie
1034 2310 1259 2362 plurimum
1282 2308 1489 2347 differunt.
1549 2308 1608 2347 Ea

161 2380 297 2412 autem
315 2375 538 2426 plurimum
561 2378 652 2415 loco
674 2378 980 2430 disiunguntur,
1009 2391 1110 2429 quae
1131 2390 1205 2428 per
1232 2376 1474 2414 diametrum
1502 2389 1525 2414 e
1542 2388 1611 2413 re-

160 2442 279 2493 gione
300 2449 394 2481 sunt
413 2444 556 2496 posita.
615 2445 655 2484 4.
686 2446 748 2483 Sit
766 2446 890 2497 igitur
906 2444 953 2484 A
972 2458 1132 2483 occasus
1149 2443 1463 2495 aequinoctiali&
1503 2442 1611 2481 Huic

160 2510 387 2549 contrarius
415 2511 527 2550 locus
550 2511 588 2549 Β
613 2518 726 2550 ortus
749 2513 1050 2565 aequinoctialis
1121 2512 1214 2550 Alia
1235 2517 1371 2550 autem
1395 2510 1613 2549 diametrus

160 2573 266 2615 hanc
290 2577 340 2616 ad
355 2578 503 2617 'rectos
530 2580 698 2630 angulos
722 2593 883 2625 secans,
912 2580 1026 2618 cuius
1047 2578 1100 2618 H
1115 2579 1170 2617 sit
1186 2592 1302 2626 ursa,
1329 2577 1407 2616 hoc
1428 2584 1488 2616 est
1515 2591 1611 2630 sep-

161 2642 326 2681 tentrio.
383 2647 491 2685 Huic
510 2660 611 2685 vero
631 2647 879 2685 contrarium
899 2645 951 2696 Θ,
980 2647 1023 2684 id
1045 2652 1106 2684 est
1124 2645 1326 2684 meridies.
1370 2645 1412 2683 Z
1425 2645 1477 2680 sie
1495 2648 1609 2681 ortus

162 2710 362 2757 aestivus,
391 2709 430 2748 E
445 2724 608 2749 occasus
634 2715 833 2750 aestivus:
862 2711 906 2751 A
927 2718 1042 2751 ortus
1060 2713 1274 2761 brumalis,
1310 2709 1350 2749 Γ
1367 2723 1526 2748 occasus
1545 2710 1610 2748 hi-

162 2777 323 2817 bernus.
352 2777 389 2816 A
411 2778 453 2816 Z
473 2792 575 2817 vero
598 2778 650 2817 ad
670 2779 710 2818 Γ
726 2773 949 2818 diametrus
971 2779 1166 2826 ducatur,
1195 2778 1373 2829 itemque
1391 2791 1414 2816 a
1432 2775 1475 2817 A
1491 2778 1542 2816 ad
1561 2777 1607 2817 E.

167 2847 205 2884 5.
234 2846 436 2897 Quoniam
457 2846 594 2898 igitur,
622 2860 724 2900 quae
743 2837 834 2886 l‘oco
853 2848 1078 2900 plurimum
1101 2846 1263 2895 distant,
1290 2846 1380 2884 loco
1401 2852 1494 2885 sunt
1510 2859 1609 2884 con-
