1774 3198
0 3154 32 3198 ffi-

422 331 644 373 LIBRUM
670 330 910 372 PRIMUM.
968 328 1088 368 CAP.
1116 327 1231 368 XIII.
1463 315 1559 360 447

122 444 484 503 προαπορήσαντες
511 445 704 485 exhibent
721 447 768 485 F.
787 446 843 484 H.
864 444 919 483 N.
950 463 1006 471 --
1044 444 1125 482 Pro
1153 439 1245 495 περὶ
1268 436 1424 489 ἄλλων,
1454 435 1563 480 οὕτω

119 520 169 557 Ε.
199 521 250 556 Α.
283 516 480 568 praebent
517 512 608 566 περὶ
639 509 765 554 ἄλλου
793 509 904 558 τινὸς
932 509 1011 551 καί.
1043 534 1094 540 —-
1142 505 1275 555 οὕτως
1303 506 1373 547 καί
1398 506 1566 548 exhibet

122 587 233 626 Cam.
265 586 336 624 cfr.
365 583 416 622 ad
445 584 489 632 I,
513 588 561 632 3,
586 585 651 622 10.
683 603 741 610 —-
767 582 954 621 τοιοῦτον
984 576 1197 631 λεγόμενον
1223 578 1389 616 inverso
1420 576 1565 616 ordine

121 655 174 693 H.
201 654 252 692 N.
281 675 349 696 -,
377 653 564 703 Denique
584 665 659 704 pro
685 647 836 699 εἴπειεν,
865 648 973 702 quod
994 647 1187 686 exhibent
1207 645 1255 684 F.
1277 646 1331 684 A.
1361 646 1409 684 E.
1435 644 1565 684 Bekk.

122 721 378 761 exhibuimus
398 734 489 758 cum
508 722 555 759 E.
578 720 628 759 N.
657 715 802 759 εἴποιεν
822 718 893 756 cfr.
914 717 1160 768 Gettling
1180 715 1230 753 ad
1249 713 1410 753 Arist.
1438 710 1565 751 Polie.

120 804 162 842 p.
183 793 278 830 334.
300 792 393 828 336.
423 785 526 828 εἴποι
546 785 609 839 ἄν,
640 787 750 840 quod
763 786 952 839 proxime
968 784 1134 835 accedit,
1166 782 1361 836 praebent
1378 783 1433 821 H.
1453 782 1566 821 Cam.

122 859 170 898 P.
192 860 234 897 S.
258 859 344 898 Cas.

234 931 273 966 2.
303 922 374 964 τόν
393 932 486 963 ante
506 920 755 975 καλούμενον
776 924 926 962 omittit
951 923 1060 962 Cam.
1080 941 1130 950 -
1153 917 1253 960 ὄντα
1273 917 1429 971 κίνησιν
1449 914 1569 971 ἀέρος

121 1008 198 1047 pro
216 988 315 1033 εἶναι
335 991 490 1044 κίνησιν
509 989 629 1045 ἀέρος
648 991 796 1031 habent
814 994 868 1031 H.
889 992 945 1031 N.
966 1004 1074 1030 corr.
1094 991 1144 1029 E.
1165 1003 1228 1041 pr.
1249 1002 1354 1027 man.
1374 989 1424 1026 F.

239 1065 278 1100 3.
304 1061 448 1114 σαφῶς
467 1074 543 1112 pro
561 1061 702 1113 σοφῶς
718 1063 766 1100 F.
789 1082 846 1089 —
867 1056 1016 1110 ἄνεμον
1034 1058 1206 1096 omisere
1226 1058 1276 1096 H.
1290 1057 1344 1095 Ν.
1359 1077 1415 1084 -—-
1443 1056 1570 1094 Recte

124 1145 166 1169 se
185 1129 336 1168 habere
356 1130 679 1168 consecutionem
696 1135 928 1179 temporum
947 1123 1213 1177 συμπέπτωκε
1234 1153 1243 1163 .
1256 1152 1268 1162 .
1283 1152 1293 1162 .
1307 1153 1317 1162 .
1338 1118 1438 1162 εἶναι
1457 1129 1572 1175 patet

124 1212 176 1238 ex
194 1199 255 1246 iis,
284 1211 385 1250 quae
401 1197 588 1248 exposuit
616 1196 907 1235 Stallbaum
935 1194 986 1233 ad
1006 1194 1213 1233 Platon.
1237 1191 1400 1231 Phileb.
1413 1206 1454 1244 p.
1472 1194 1567 1230 146.

123 1287 180 1294 -
210 1262 282 1305 τὸν
312 1261 412 1317 ἀέρα
441 1260 677 1315 κινούμενον
710 1264 857 1302 omisso
885 1263 1054 1309 articulo
1089 1262 1135 1301 E.
1166 1263 1216 1301 F.
1257 1256 1391 1299 πάντα
1423 1258 1567 1300 δοκεῖν.

123 1330 298 1387 δοκεῖ’δὲ
320 1329 524 1385 διαφέρειν
554 1332 604 1371 Α.
628 1333 735 1372 Cam.
762 1320 883 1385 etJE.
916 1332 1004 1371 Cas.
1030 1331 1073 1369 in
1103 1329 1296 1381 margine.
1354 1330 1568 1380 Vulgatam

123 1401 307 1441 defendit
325 1400 509 1440 codicum
531 1402 745 1440 auctoritas
770 1406 812 1439 et
839 1402 932 1452 Bag.
989 1398 1058 1439 Ad
1090 1395 1296 1452 διαφέρειν
1327 1397 1470 1449 supple
1498 1393 1572 1436 τὸν

123 1466 271 1521 ἄνεμον
293 1475 335 1508 et
357 1465 476 1508 οὐδὲν
500 1467 749 1523 διαφέροντα
774 1475 912 1508 verte:
944 1468 1128 1520 quamvis
1147 1467 1243 1505 alias
1270 1464 1373 1504 nihil
1399 1464 1570 1504 differat.

124 1560 178 1567 κ-
195 1533 378 1590 τυγχάνει
396 1552 474 1590 pro
494 1534 674 1591 τυγχάνῃ
687 1539 743 1576 Ν.
773 1532 959 1589 τυγχάνει
982 1531 1086 1588 ῥέων
1104 1537 1152 1574 A.
1176 1535 1286 1573 Cam.
1305 1533 1349 1571 S.
1378 1528 1571 1585 τυγχάνοι

124 1602 217 1658 ῥέον
240 1607 328 1645 Cas.
350 1629 401 1634 ——
435 1601 535 1645 εἶναι
565 1601 753 1656 ποταμόν
785 1601 855 1643 ἕνα
884 1599 1041 1648 πάντας
1068 1603 1122 1642 Ν.
1139 1604 1184 1642 Ρ.
1214 1599 1285 1640 ἕνα
1314 1595 1413 1640 εἶναι
1442 1614 1573 1640 ποτα·

123 1669 202 1723 μόν
234 1674 278 1709 Α.
298 1674 409 1712 Cam.
433 1674 474 1712 S.
498 1674 586 1727 Cas.

238 1741 279 1779 4.
297 1738 341 1779 ἐκ
350 1742 449 1791 μιᾶς
463 1737 604 1794 ἀρχῆς.
627 1741 778 1781 Utrum
791 1746 937 1781 ventus
958 1741 1060 1780 sicut
1077 1753 1178 1791 aqua
1201 1752 1253 1777 ex
1271 1739 1384 1777 fonte
1398 1737 1574 1790 quodam

126 1814 320 1857 emanet-at,
348 1822 400 1847 an
415 1823 539 1859 secus,
559 1811 717 1861 quaerit
740 1810 858 1848 etiam
881 1808 1267 1855 Problemxxvl,
1289 1810 1352 1845 36.
1372 1821 1410 1859 p.
1425 1806 1518 1855 944,
1531 1807 1572 1846 b.

118 1890 206 1928 vquo
231 1890 282 1915 ex
301 1876 392 1914 loco
413 1876 512 1928 haec
537 1878 662 1915 verba
686 1878 982 1917 adscribamus:
1025 1872 1199 1929 πότερον
1227 1872 1273 1914 τὸ
1304 1876 1462 1926 πνεῦμα
1493 1869 1574 1914 ἀπὸ

124 1945 254 1996 πηγῆς
286 1957 398 1990 τινος
435 1942 599 1997 φέρεται
640 1941 775 1997 ὥσπερ
815 1943 862 1985 τὸ
891 1942 1030 1998 ὕδωρ·
1072 1942 1139 1983 καὶ
1169 1940 1322 1995 ταύτης
1361 1940 1435 1982 οὐκ
1467 1940 1575 1983 ἔστιν

125 2009 315 2065 ἀνωτέρω
345 2010 583 2064 ἔνεχθῆναι,·
622 2009 647 2065 ἢ
677 2011 751 2065 οὐ;
791 2012 858 2053 καὶ
886 2010 1060 2066 πότερον
1091 2009 1170 2052 ἀπὸ
1202 2007 1293 2057 ἑνός
1322 2009 1512 2062 σημείου,
1548 2007 1574 2062 ἢ

126 2076 205 2119 &nd
233 2079 416 2127 πλείονος
444 2078 601 2132 τόπους
642 2078 727 2120 ἔνια
754 2080 830 2133 μὲν
861 2074 934 2122 οὖν
963 2080 1072 2121 ἔστιν
1102 2077 1238 2133 ὃμοια,
1270 2076 1297 2118 ἃ
1319 2077 1385 2118 καὶ
1411 2077 1577 2119 ἐπὶτῶν

125 2142 288 2187 fumum»
318 2147 529 2198 συμβαίνει
558 2148 758 2201 γίνεσθαι.
806 2147 897 2189 τότε
923 2147 1002 2203 γὰρ
1031 2146 1168 2201 ὕδωρ,
1210 2143 1309 2186 ὅταν
1339 2146 1396 2192 εἷς
1423 2143 1471 2186 τὸ
1503 2142 1577 2186 κά-

126 2228 266 2260 ταντες
294 2212 478 2268 φέρηται,
509 2217 668 2255 θᾶττον
700 2213 780 2270 ῥεῖ,
811 2213 956 2268 ἢὸταν
976 2215 1019 2255 ἐν
1038 2218 1096 2270 τῷ
1130 2213 1305 2269 ἐπιπέδῳ
1335 2213 1401 2253 καὶ
1431 2208 1574 2269 ὃμάλῳ

128 2279 315 2335 λιμνάζῃ·
357 2277 509 2332 ὁμοίως
538 2281 582 2322 δὲ
611 2283 677 2323 καὶ
705 2282 758 2323 τὰ
787 2280 1011 2335 πνεύματα.
1067 2283 1229 2323 Deinde
1245 2288 1470 2334 sequuntur
1490 2283 1576 2331 ista,

127 2363 229 2400 quae
249 2349 532 2401 adscripsimus
553 2351 602 2389 ad
623 2353 657 2401 I,
680 2356 718 2397 3,
743 2357 811 2392 17.
850 2352 973 2398 Vide,
990 2366 1092 2403 quae
1109 2351 1337 2389 monuimus
1355 2351 1574 2388 Meteorol.

126 2425 205 2455 vet.
226 2418 297 2456 Gr.
319 2426 359 2455 et
375 2418 494 2456 Rom.
513 2432 551 2470 p.
567 2422 632 2466 66,
652 2419 721 2458 ubi
739 2434 857 2472 quam
874 2421 1076 2471 tetigimus
1094 2420 1271 2458 fabulam
1291 2418 1342 2457 de
1361 2417 1576 2469 Orithyiae

125 2491 271 2537 raptu,
300 2486 393 2524 satis
418 2492 555 2524 notam
582 2500 634 2525 ex
662 2479 899 2527 Platonis
927 2487 1112 2526 Phaedr.
1140 2501 1183 2539 p.
1205 2491 1286 2526 229
1306 2488 1339 2526 C
1359 2486 1577 2525 illustravit

128 2553 285 2591 Sturz
313 2553 366 2591 ad
394 2552 684 2606 Pherecyd.
710 2554 884 2611 fragm.
915 2570 955 2607 p.
981 2557 1062 2593 164
1083 2569 1140 2606 sq.
1199 2553 1412 2593 Praeterea
1429 2554 1486 2592 ibi
1502 2554 1576 2592 ad-

129 2618 284 2659 dendus
305 2627 391 2659 erat
414 2622 527 2660 locus
557 2622 729 2661 Schol.
762 2624 1014 2675 Apollon.
1043 2623 1208 2662 Rhod.
1241 2624 1276 2670 Ι,
1298 2626 1401 2662 826:
1431 2619 1576 2675 ψυχρὰ

129 2684 206 2740 γάρ
237 2685 344 2727 ἔστιν
374 2683 400 2740 ἡ
427 2685 569 2743 χώρα·
612 2686 674 2729 διὸ
704 2687 892 2730 κάκεῖθεν
920 2687 1018 2737 τοὺς
1048 2686 1222 2742 ἀνέμους
1257 2694 1368 2729 πνεῖν
1397 2686 1576 2741 ἐμυθεύ-

132 2765 270 2794 σαντο.
300 2754 617 2811 Διονυσοφάνης
647 2756 691 2798 δὲ
719 2756 849 2812 βόρον
877 2757 1002 2812 φησὶν
1031 2754 1130 2798 εἶναι
1159 2756 1202 2797 ἐν
1230 2759 1282 2812 τῇ
1315 2755 1484 2815 Θρᾴκῃ,
1533 2755 1576 2805 ἐξ

133 2812 181 2861 οὗ
211 2819 434 2876 φυσήματα
462 2822 622 2877 ἀνέμων
651 2824 836 2879 γίνεσθαι
866 2825 932 2866 καὶ
962 2823 1229 2878 μυθὲυθῆναι
1258 2822 1367 2867 οὕτω
1406 2821 1575 2882 Θρᾴκην
