1774 3198
319 364 411 407 552
478 339 481 341 l
529 371 975 410 COMMENTAmUs
1003 371 1064 410 IN
1090 355 1493 412 Murssonome.

321 476 369 532 δὴ
387 478 455 520 καί
471 479 605 518 addito
628 475 677 529 δή
697 479 741 517 F.
763 479 872 517 cuius
892 479 933 518 in
951 480 1080 519 locum
1101 476 1176 532 γάρ
1198 479 1387 519 exhibent
1406 481 1454 519 H.
1468 483 1522 520 N.
1543 481 1590 533 δή
1611 491 1720 524 recte

322 560 364 585 se
382 546 527 584 habere
549 544 731 592 videtur,
760 559 850 584 cum
871 559 987 597 saepe
1012 547 1229 585 orationem
1259 548 1521 598 interruptam
1549 550 1723 588 redinte-

322 618 419 662 gret,
449 617 495 649 ut
519 611 554 659 §.
576 614 599 649 3
617 616 707 661 post
728 612 993 661 parenthesin.
1052 613 1135 651 Cfr.
1165 611 1408 652 Sehaefer
1436 614 1486 652 ad
1514 616 1724 667 Dionys-

323 678 676 716 Halicarnass.
717 678 766 715 de
794 681 1005 728 composit.
1034 678 1188 717 verbor.
1221 683 1284 719 15.
1327 693 1368 731 p.
1395 684 1487 718 190.
1514 703 1564 710 -
1620 683 1726 721 Male

324 743 719 783 vicomercatus
747 743 925 796 κινηθειή
953 741 1003 783 ἄν
1031 745 1155 784 vertit
1177 753 1314 796 potest
1340 749 1504 784 moveri.

436 813 501 849 10.
529 810 684 861 μᾶλλον
712 807 756 848 δὲ
784 810 848 849 καὶ
878 801 997 862 ἦττον
1026 812 1097 849 cfr.
1116 811 1166 849 ad
1184 812 1217 861 I,
1245 813 1287 861 4,
1310 814 1347 851 1.
1368 835 1418 842 ——
1446 809 1548 862 μετὰ
1572 806 1646 863 τὴν
1673 809 1728 851 ὥ-

325 889 400 928 ραν
427 889 501 927 pro
531 873 633 915 κατὰ
659 873 732 927 τὴν
762 873 871 929 ὥραν
898 879 942 916 Ρ.
973 877 1146 915 confusis
1173 874 1274 927 μετὰ
1302 883 1341 915 et
1369 874 1493 925 κατά,
1541 885 1586 917 ut
1614 892 1729 930 saepe

323 941 412 980 fieri
429 943 530 981 solet
546 943 587 980 iu
607 942 818 981 codicibus.
847 944 920 983 cfr.
945 943 1132 982 Schaef
1137 957 1157 980 e
1166 957 1188 981 r
1204 944 1406 982 Meletem.
1426 946 1559 981 critic.
1578 959 1619 996 p.
1636 945 1728 983 134.

325 1013 365 1046 et
382 1021 478 1058 quos
501 1008 557 1046 ibi
579 1008 712 1047 laudat
729 1009 864 1047 verba.
884 1031 936 1038 —
977 1010 1113 1048 Verba
1146 1005 1218 1059 τὴν
1246 1005 1354 1061 ὥραν
1385 1004 1554 1060 ἑκάστην
1583 1036 1730 1049 .....

325 1071 448 1112 ἐνίοτε
467 1074 527 1112 bis
545 1075 681 1126 posuit
699 1075 808 1113 Cam.
826 1098 881 1105 —
908 1074 1076 1127 γίγνεται
1105 1072 1155 1113 τὰ
1182 1071 1248 1126 ἔτη
1280 1082 1431 1114 mutato
1453 1076 1592 1114 ordine
1613 1078 1660 1115 F.
1681 1096 1731 1103 —·

326 1136 533 1191 αὖχμώὸη,
556 1140 660 1191 quod
682 1154 757 1191 pro
778 1137 928 1191 αὐχμοί
941 1142 1182 1192 scripserunt
1201 1144 1250 1179 A.
1272 1143 1380 1180 Cam.
1403 1143 1444 1186 Ρ.
1467 1144 1508 1181 S.
1532 1143 1628 1190 Cas„
1648 1143 1734 1180 for-

325 1211 425 1243 tasse
443 1218 585 1244 verum
608 1212 678 1244 est.
735 1207 872 1244 Simile
891 1208 1079 1245 mendum
1098 1220 1217 1258 supra
1235 1208 1459 1246 sustulimus
1478 1209 1510 1257 I,
1530 1208 1566 1256 4,
1588 1211 1626 1247 2.

437 1274 501 1309 11.
529 1269 681 1318 πολλάς
699 1286 773 1322 pro
800 1269 972 1318 πολλούς
991 1275 1038 1312 F.
1059 1273 1110 1310 N.
1134 1293 1182 1300 —
1215 1272 1279 1310 καὶ
1305 1270 1407 1311 κατὰ
1425 1270 1575 1323 πολλὴν
1593 1272 1734 1323 συνεχῆ

324 1339 372 1378 Ε.
405 1334 474 1374 καί
500 1333 602 1375 κατὰ
629 1335 781 1388 πολλὴν
809 1336 873 1376 καὶ
904 1338 1046 1389 συνεχῆ
1082 1338 1175 1388 legit
1201 1340 1293 1388 Bag.
1325 1345 1507 1378 vertens:
1547 1339 1736 1376 multos

326 1403 475 1440 simul
505 1409 553 1440 et
580 1404 853 1441 secundum
883 1405 1086 1441 multam
1115 1410 1162 1441 et
1190 1405 1480 1442 continuam
1507 1405 1631 1442 fieri
1661 1417 1736 1442 re-

326 1469 537 1519 gionem,
567 1476 606 1507 et
629 1469 684 1506 ita
705 1469 822 1507 etiam
843 1470 1246 1516 vicomercatus,
1268 1484 1354 1507 cum
1371 1477 1523 1508 νειῐεῐε
1546 1484 1624 1519 per
1645 1484 1737 1506 ma-

322 1547 453 1584 gnum
479 1537 830 1586 continentemque
858 1537 1040 1587 regionis
1062 1542 1251 1573 tractum.
1290 1535 1354 1574 καὶ
1383 1551 1481 1574 κατα
1511 1533 1638 1574 πολλὰ
1670 1533 1735 1573 καὶ

329 1612 417 1638 ova
404 1614 470 1651 εχη
488 1601 540 1640 A.
579 1601 813 1652 Recepimus
837 1604 928 1651 Bag.
950 1601 1173 1650 lectionem,
1203 1614 1293 1639 cum
1311 1614 1446 1640 omnes
1465 1602 1619 1653 reliqui,
1649 1601 1738 1652 qui-

328 1665 400 1703 bus
432 1667 590 1704 accessit
617 1669 662 1706 B.
693 1668 923 1717 simpliciter
952 1665 1164 1705 exhibeant
1189 1665 1254 1705 καὶ
1287 1665 1389 1706 κατὰ
1420 1669 1573 1718 συνεχῆ.
1594 1689 1646 1695 -
1673 1664 1737 1705 καὶ

328 1738 417 1769 ante
437 1729 538 1770 κατὰ
555 1730 655 1784 μέρη
677 1733 861 1771 omittunt
883 1735 926 1771 F.
950 1735 1002 1773 H.
1020 1733 1072 1772 N.
1100 1738 1309 1783 ortumque
1329 1735 1495 1772 fortasse
1523 1739 1583 1772 est
1606 1746 1656 1772 ex
1676 1746 1738 1770 se-

331 1798 465 1849 quenti
492 1795 608 1837 κατά.
655 1800 728 1836 cfr.
760 1799 1006 1838 Schaefer
1041 1799 1246 1837 Meletem.
1275 1801 1408 1838 critic.
1436 1814 1476 1852 p.
1501 1802 1538 1838 5.
1568 1820 1624 1827 —
1661 1794 1736 1850 γάρ

331 1869 420 1914 post
437 1861 627 1909 πολλ’άκις
646 1865 793 1902 omittit
814 1866 865 1903 N.
892 1862 966 1914 μὲν
985 1861 1060 1916 γάρ
1084 1864 1243 1902 exhibet
1261 1867 1307 1902 F.
1335 1867 1407 1904 cfr.
1430 1866 1479 1903 ad
1495 1867 1548 1911 II,
1570 1868 1607 1910 3,
1629 1867 1665 1903 5.
1686 1887 1736 1893 —

329 1925 355 1979 ἢ
383 1927 448 1966 καὶ
478 1925 651 1975 πολλούς
678 1930 840 1968 videtur
864 1931 1002 1980 legisse
1017 1932 1109 1980 Bag.
1142 1942 1216 1979 pro
1240 1925 1264 1980 ἢ
1284 1929 1348 1968 καὶ
1377 1930 1552 1981 πλείους,
1580 1936 1738 1969 vertens

330 2000 692 2045 temporaneos
728 1995 920 2032 imbres
951 2001 1001 2032 et
1029 1996 1226 2032 multos.

444 2065 508 2099 12.
538 2057 669 2114 κύκλῳ
696 2074 770 2112 pro
796 2058 920 2111 μέσης
948 2059 1067 2098 habet
1093 2062 1142 2099 E.
1176 2060 1277 2097 male
1294 2059 1366 2098 cfr.
1387 2059 1437 2097 ad
1457 2062 1574 2108 I,12‚
1597 2064 1662 2099 11.
1686 2083 1736 2091 —-

330 2122 357 2178 ἤ
378 2132 468 2178 post
485 2123 628 2164 ὕδασιν
653 2126 800 2163 omittit
820 2127 866 2164 Ε.
888 2147 942 2155 —-
978 2123 1115 2178 χώραν
1145 2121 1248 2170 εἲκός
1278 2131 1428 2163 mutato
1456 2127 1595 2165 ordine
1619 2129 1665 2165 F.
1684 2147 1740 2156 —

331 2189 406 2238 τὰς
422 2189 605 2244 σύνεῃυς
621 2193 665 2230 Ε.
689 2192 818 2229 minus
838 2192 951 2231 bene.
962 2212 1014 2221 —-
1045 2182 1241 2244 ὃιάφόρον
1259 2205 1334 2242 pro
1353 2189 1552 2245 διαφοράν
1570 2192 1619 2231 Α.
1633 2193 1739 2231 Cam.

333 2259 376 2296 S.
406 2258 566 2309 Olymp.
592 2258 662 2296 fol.
682 2260 745 2307 38,
756 2271 789 2295 a.
819 2258 938 2301 Alex.
961 2258 1031 2296 fol.
1054 2261 1119 2307 99,
1132 2273 1166 2296 a.
1199 2253 1420 2310 ὁιάφοραν,
1451 2258 1556 2310 quod
1575 2259 1739 2310 propius

334 2324 484 2363 accedit
509 2325 552 2362 P.

446 2392 511 2427 13.
541 2385 587 2427 τὸ
607 2395 698 2428 ante
714 2385 836 2441 μέρος
853 2390 1038 2428 omittunt
1054 2392 1100 2428 F
1120 2391 1171 2428 H.
1191 2391 1233 2430 S.
1262 2390 1371 2429 uncis
1388 2390 1580 2429 inclusere
1598 2388 1640 2427 P.
1651 2388 1736 2426 Cas.

334 2476 389 2485 --
406 2452 497 2493 τόὸε
515 2468 590 2505 pro
610 2453 703 2494 τοδί
719 2456 820 2507 Oly
833 2469 918 2507 mp.
909 2484 931 2504 .,
950 2456 1017 2507 qui
1035 2456 1181 2494 omittit
1202 2457 1329 2505 etiam,
1350 2456 1454 2507 quod
1476 2455 1649 2506 sequitur
1665 2451 1737 2504 μὲν

334 2521 402 2559 fol
428 2524 491 2568 38,
511 2521 550 2558 b.

426 2634 602 2663 conventu
624 2628 812 2672 primorinn
836 2630 878 2661 ab
901 2629 943 2663 iis
962 2630 1116 2672 populis,
1144 2631 1201 2673 qni
1226 2641 1296 2663 nou
1320 2628 1530 2671 adfuissent,
1554 2628 1663 2662 caesis
1688 2628 1737 2661 ei·-

425 2683 527 2716 vibus
553 2689 776 2717 monumenta
798 2695 876 2717 esse
899 2690 1100 2725 exstructa,
1137 2690 1174 2717 ut
1198 2695 1299 2718 nemo
1321 2686 1365 2718 de
1390 2694 1510 2717 eorum
1538 2683 1648 2728 gloria
1672 2684 1737 2716 du-

427 2738 535 2772 bitare
561 2744 680 2781 posset
707 2749 798 2774 neve
824 2739 991 2782 quispiam
1013 2741 1099 2782 hoc,
1135 2741 1226 2783 quod
1250 2740 1453 2780 defuerunt,
1486 2738 1524 2772 in
1546 2739 1669 2774 vitium
1694 2739 1736 2772 iis

425 2799 589 2829 verteret.
