1820 3158
344 362 387 402 X
839 361 1249 404 PRAEFATIO.

343 481 407 513 tra
443 481 524 514 stat
561 473 670 528 quod
708 473 765 512 ait
790 472 856 526 ³¹)
896 472 947 512 de
984 473 1090 513 iride
1129 471 1286 512 lunari:
1333 471 1374 512 ἓν
1406 469 1528 512 ἔτεσιν
1566 469 1667 527 ὑπὲρ
1697 472 1749 513 τὰ

342 539 585 593 πεντήκοντα
615 542 676 587 δὶς
704 539 934 592 ἐνετύχομεν
967 539 1114 592 μόνον,
1162 554 1254 581 cum
1283 554 1366 580 non
1396 540 1447 579 de
1476 552 1545 589 se,
1590 541 1666 580 sed
1699 540 1750 580 de

344 607 516 648 Graecis
545 609 712 648 omnino
741 608 871 662 deque
900 608 1068 650 senibus
1095 609 1381 663 potissimum,
1413 609 1482 662 qui
1510 605 1610 647 talia
1637 616 1753 662 pote-

345 684 435 715 rant
464 676 646 724 referre,
685 674 889 729 loquatur.
957 675 1120 731 Itaque,
1162 691 1253 716 cum
1283 675 1460 716 Athenis
1488 676 1642 729 scripta
1671 677 1755 730 sint

344 742 670 796 Metcorologica
690 743 780 796 ³2),
811 742 1082 794 Aristoteles,
1113 753 1333 798 antequam
1360 742 1591 784 Alexandri
1622 745 1754 798 magi-

341 818 426 850 ster
455 812 499 850 in
529 810 820 852 Macedoniam
850 811 974 861 abiit,
1013 825 1064 851 ea
1089 814 1335 865 composuit.

454 877 520 917 Ab
550 879 640 932 ipso
670 877 894 919 Aristotele
925 879 1254 934 Meteorologica
1281 892 1364 918 non
1394 892 1486 919 esse
1509 881 1754 933 conscripta,

345 944 533 985 nonnulli
563 947 658 986 inde
688 945 867 1002 probare
905 949 1042 988 conati
1070 955 1187 997 sunt,
1228 947 1338 1001 quod
1365 960 1564 1000 nusquam
1593 946 1757 988 Aristo-

345 1013 448 1057 teles
467 1027 539 1054 eos
558 1015 805 1068 respexerit,
825 1017 1011 1069 quamvis
1033 1017 1251 1056 occasione
1271 1028 1573 1068 saepenumero
1605 1014 1756 1055 oblata.

344 1081 400 1122 At
427 1084 613 1137 respexit
642 1084 684 1122 in
703 1081 824 1124 libris
858 1085 909 1125 de
926 1088 1209 1138 generatione
1227 1084 1471 1124 animalium
1488 1081 1543 1132 ΙΙ,
1558 1086 1596 1123 6.
1610 1097 1648 1137 p.
1661 1086 1757 1133 743,

342 1165 380 1200 a,
411 1166 503 1192 cum
533 1153 666 1192 dicat:
699 1148 723 1204 ἦ
755 1151 798 1191 δὲ
826 1151 972 1205 γένεσίς
1000 1152 1083 1192 ἐστι
1110 1154 1191 1192 τῶν
1217 1149 1465 1206 ὁμοιομερῶν
1492 1149 1568 1191 ὑπὸ
1600 1149 1760 1203 ψύξεως

342 1220 408 1260 καὶ
439 1219 703 1273 θερμότητος.
736 1221 966 1260 συνίσταται
995 1219 1071 1274 γὰρ
1102 1220 1167 1260 καὶ
1195 1220 1388 1273 πήγνυται
1417 1219 1467 1260 τὰ
1495 1219 1569 1272 μὲν
1596 1223 1758 1274 ψυχρῷ,

341 1286 393 1327 τὰ
413 1287 456 1327 δὲ
479 1291 638 1344 θερμῷ·
670 1289 757 1342 περὶ
780 1289 823 1329 δὲ
845 1292 917 1341 τῆς
945 1287 1100 1329 τούτων
1131 1289 1330 1343 διαφορᾶς
1356 1288 1508 1343 εἴρηται
1532 1287 1573 1327 ἐν
1596 1285 1757 1341 ἑτέροις,

343 1362 438 1396 ποῖα
474 1356 575 1396 λυτὰ
613 1354 721 1412 ὑγρῷ
761 1358 825 1397 καὶ
862 1357 983 1411 πυρί,
1031 1357 1095 1397 καὶ
1140 1362 1236 1397 ποῖα
1275 1356 1403 1398 ἄλυτα
1430 1354 1539 1411 ὑγρῷ
1570 1357 1634 1396 καὶ
1663 1361 1760 1395 ποῖα

342 1422 496 1476 ἄτηκτα
534 1425 651 1480 πυρί,
694 1425 737 1465 id
775 1425 884 1479 quod
923 1426 967 1464 in
1006 1433 1149 1478 quarto
1187 1424 1612 1479 Meteorologicorum
1651 1423 1760 1464 libro

341 1492 495 1533 factum
517 1502 580 1533 est
604 1494 656 1547 (c.
676 1493 740 1546 9),
770 1507 902 1547 neque
924 1491 1027 1533 alibi
1057 1507 1230 1548 usquam
1247 1495 1331 1547 ³³).
1375 1492 1546 1533 Accedit
1565 1491 1671 1532 alius
1700 1491 1762 1532 lo-

343 1575 415 1600 cus
455 1563 499 1600 in
530 1560 639 1601 libro
671 1562 723 1602 de
752 1574 876 1601 sen-m
909 1567 951 1601 et
980 1563 1132 1602 sensili
1157 1562 1210 1615 (c.
1230 1562 1299 1616 3),
1331 1561 1403 1602 ubi
1424 1569 1640 1616 postquam
1673 1574 1762 1602 mo-

344 1630 454 1678 nuit,
482 1627 634 1668 multos
666 1642 758 1668 esse
780 1627 967 1678 colores,
999 1631 1094 1682 quia
1118 1629 1258 1670 multis
1287 1630 1422 1670 modis
1451 1643 1500 1668 ac
1529 1628 1762 1669 rationibus

344 1698 511 1737 misceri
540 1705 690 1750 queant
718 1697 771 1745 ii,
813 1697 882 1749 qui
913 1697 1188 1747 misceantur,
1230 1697 1330 1736 dicit
1359 1710 1404 1736 se
1433 1710 1483 1736 ea
1512 1697 1562 1736 de
1597 1710 1642 1736 re
1679 1698 1762 1736 iam

343 1763 446 1804 alibi
476 1765 722 1805 disseruisse
753 1763 836 1814 (καὶ
865 1763 952 1814 περὶ
983 1767 1063 1804 τῶν
1090 1763 1339 1817 μιγνυμένων
1368 1764 1432 1803 καὶ
1455 1763 1496 1804 ἒν
1514 1762 1650 1811 ἄλλοις
1670 1763 1764 1805 διώ-

346 1833 522 1888 ρισται),
554 1831 626 1871 ubi
655 1839 795 1884 aperte
825 1832 992 1884 respicit
1022 1832 1073 1870 ad
1100 1830 1134 1880 Ι,
1165 1834 1204 1880 5,
1237 1835 1275 1870 2.
1332 1829 1459 1884 Atqui
1488 1831 1763 1871 Patricius

347 1902 503 1942 idcirco
533 1897 861 1952 Meteorologica
888 1900 1101 1952 supposita
1127 1899 1307 1947 censuit,
1346 1898 1442 1952 quia
1468 1896 1689 1938 laudantur
1719 1899 1761 1938 in

344 1969 465 2010 libris
485 1968 537 2008 de
553 1968 718 2022 plantis
734 1968 820 2020 ³⁴),
853 1968 922 2020 qui
943 1964 994 2006 ab
1015 1964 1241 2006 Aristotele
1267 1965 1443 2019 profecti
1467 1979 1547 2005 non
1572 1974 1667 2006 sunt
1683 1965 1762 2018 ³⁵).

345 2036 404 2078 Ut
431 2038 643 2076 mittamus
673 2033 778 2075 illud
807 2043 1110 2090 argumentum,
1142 2034 1194 2074 ad
1213 2032 1548 2088 Meteorologica
1572 2033 1762 2074 fortassis

433 2195 492 2234 31)
516 2195 578 2236 ΙΙΙ,
601 2198 636 2236 2,
659 2196 693 2232 9.
719 2206 753 2238 p.
783 2194 907 2236 372,a,

434 2261 495 2304 32)
521 2261 594 2294 Cfr.
620 2261 854 2295 Commentar.
883 2261 926 2293 ad
950 2260 994 2302 11,
1017 2261 1057 2302 5,
1080 2262 1130 2294 12.

435 2326 490 2370 33)
519 2327 592 2361 Cfr.
618 2331 659 2361 de
682 2335 769 2371 pari.
792 2331 890 2362 anim.
915 2327 961 2370 ΙΙ,
984 2325 1017 2358 4.
1049 2338 1085 2369 p.
1109 2326 1188 2368 650,
1212 2327 1246 2359 b.
1283 2328 1337 2368 ll,
1361 2329 1394 2361 9.
1427 2338 1461 2367 p.
1485 2325 1599 2367 655,b.
1635 2326 1704 2366 111,
1728 2324 1763 2357 5.

344 2398 379 2428 p.
402 2387 482 2428 668,
507 2387 528 2419 b
559 2398 639 2419 cum
659 2389 803 2420 stleteor.
834 2386 897 2427 lv,
920 2388 955 2427 7,
984 2386 1037 2418 13.
1069 2383 1135 2424 lv,
1160 2387 1195 2426 7,
1220 2383 1274 2417 14.

436 2451 499 2495 34)
526 2453 572 2494 Π,
597 2457 630 2486 2.
655 2466 690 2496 p.
713 2455 792 2496 822,
815 2454 849 2487 b.

433 2518 490 2560 35)
525 2519 689 2553 Diximus
715 2531 755 2553 ea
779 2521 822 2554 de
847 2531 886 2553 re
913 2516 1209 2564 in'Commentar.
1239 2517 1280 2549 ad
1308 2517 1355 2559 ΙΙ,
1381 2518 1414 2551 1.
1451 2526 1486 2558 p.
1506 2512 1572 2548 495
1599 2523 1652 2554 sq.
1685 2523 1762 2544 cum

344 2577 508 2610 Addend.
556 2576 701 2610 Silentio
729 2588 802 2609 non
826 2583 878 2611 est
898 2577 1156 2617 transeundum,
1186 2575 1279 2618 quod
1303 2573 1513 2607 monendum
1537 2575 1611 2602 erat
1633 2568 1669 2601 in
1687 2567 1762 2600 Ad-

345 2634 480 2675 (lendis,
508 2633 696 2666 Historiam
723 2634 921 2667 Aristotelis
946 2635 1141 2676 plantarum
1166 2639 1246 2666 anie
1271 2632 1391 2664 oculos
1418 2627 1579 2661 habuisse
1602 2626 1761 2668 David,

345 2690 403 2733 qui
426 2687 489 2723 τοῖς
514 2687 635 2724 διττὰς
658 2687 815 2734 ἱστορίας
847 2697 1096 2725 commemorat
1120 2692 1162 2723 ad
1185 2694 1334 2729 Categor.
1359 2688 1459 2730 p.26,
1479 2687 1499 2719 b
1525 2686 1598 2728 (ed.
1623 2686 1762 2718 Brau-

346 2746 461 2788 dis),
494 2752 526 2780 et
555 2746 705 2790 apertius
741 2747 843 2780 etiam
878 2748 1033 2792 loquitur
1076 2761 1108 2791 p.
1133 2747 1195 2786 24,
1216 2758 1256 2780 a:
1293 2742 1340 2779 vis·
1372 2741 1394 2787 ἡ
1425 2746 1508 2786 περὶ
1542 2739 1668 2777 <bordae
1700 2744 1761 2775 καὶ

349 2800 456 2846 Ζιρων
485 2801 634 2847 ἱστορία.
