1774 3184
209 366 283 406 ET
314 363 528 404 OLYMP.
558 363 621 404 IN
647 361 826 403 ARIST.
853 360 1182 402 METEOROL.
1209 360 1316 400 Lm.
1338 360 1372 399 I.
1436 349 1529 394 173

96 475 309 526 ἐξάπτεται
346 476 413 518 καὶ
450 474 498 518 τὸ
539 474 699 528 συνεχὲς
735 472 839 530 αὗτῇ
874 476 948 515 τοῦ
985 475 1140 515 καπνοῦ
1180 470 1325 528 μόριον
1374 468 1532 520 ἐξάπτει

98 543 367 598 σβεννυμένης
393 542 455 585 ἀεὶ
484 546 558 597 τῆς
584 541 750 599 πρώτης
777 543 844 583 καὶ
873 540 1252 596 ἀπομαραινομένης
1279 538 1348 581 διὰ
1363 539 1438 594 τὴν
1467 542 1533 581 λε-

97 611 302 666 πτότητα,
349 611 504 653 κᾶκεῖνο
541 609 588 653 τὸ
625 609 720 664 μετ’
736 608 883 664 ἀὐτὴν
918 608 1090 659 ἐξάπτει.
1138 607 1248 650 οὕτω
1285 608 1352 650 καὶ
1390 608 1535 664 ἐφεξῆς

97 683 219 721 τοῦτο
254 680 402 734 γίνεται
438 678 557 735 μέχρι
590 682 663 733 τῆς
690 678 955 735 θρυαλλίδος.
1006 677 1074 718 καὶ
1103 674 1333 732 πρόδηλον,
1376 673 1432 724 ὡς
1460 674 1535 724 οὐκ

98 745 182 788 ἔστι
208 748 284 800 μιά
313 745 419 802 φλὸξ
446 747 513 788 καὶ
543 745 646 801 αὕτη
677 745 839 789 ἷίνωθεν
867 744 1068 802 φερομένη
1098 742 1223 798 κάτω.
1270 742 1367 785 ἀλλ’
1401 739 1458 793 ὡς
1484 741 1536 786 εῗ-
1581 746 1589 750 ’

97 830 191 861 πον,
220 813 363 856 ἄλλοτε
390 813 489 857 ἄλλο
518 818 591 857 τοῦ
620 817 774 856 καπνοῦ
801 813 926 868 μέρος
953 811 1164 863 ἐξάπτεται
1191 815 1265 854 τοῦ
1294 808 1538 862 ἐξάπτοντος

97 880 225 930 εὐθὺς
261 879 614 936 ἀποσβεννυμένου
650 881 718 924 διὰ
750 882 823 937 τὴν
859 885 932 924 τοῦ
961 883 1117 924 καπνοῦ
1142 877 1356 935 μανότητα
1389 879 1538 935 στέγειν

97 948 267 991 ἐπιπολὺ
304 948 380 1004 τὴν
419 949 554 1007 φλόγα
588 950 647 1005 μὴ
685 949 937 1004 δυναμένου,
991 947 1191 1002 δυομένου
1232 947 1277 989 δὲ
1314 951 1535 997 παντελῶς,

97 1015 232 1073 ὥσπερ
263 1012 334 1059 οὖν
363 1018 427 1059 ἐπὶ
455 1017 637 1070 τούτων,
679 1016 788 1060 οὕτω
815 1018 882 1059 καὶ
910 1016 975 1058 ἐπὶ
1003 1019 1079 1058 τοῦ
1108 1013 1344 1074 διᾴττοντος
1370 1016 1535 1071 γίνεται,

98 1082 154 1133 ὡς
182 1083 305 1127 εἶπον.
343 1087 410 1128 καὶ
427 1085 506 1128 ’διὰ
533 1089 655 1128 τοῦτο
686 1083 840 1144 ῥαδίως
867 1082 1140 1138 ἐξαπτομένης
1164 1099 1207 1125 τε
1236 1084 1303 1125 καὶ
1332 1082 1538 1137 ἀποσβεν-

96 1152 270 1207 νυμένης
309 1152 366 1195 τδ
395 1157 558 1210 πρῶτον
592 1153 635 1203 ἐξ
663 1152 820 1209 ἀμφοῖν
846 1152 1095 1206 μεταδίδωσι
1121 1154 1181 1208 τῷ
1210 1149 1306 1204 μετ’
1339 1150 1438 1193 αῦτὸ
1469 1152 1539 1193 καὶ

98 1219 415 1274 ἀποσβέννυται,
446 1220 645 1275 λυομένης
674 1220 801 1263 αὐτοῦ
833 1224 906 1275 τῆς
936 1218 1051 1275 ὕλης.
1100 1220 1166 1261 καὶ
1194 1217 1242 1261 τὸ
1272 1218 1461 1276 δεύτερον
1491 1216 1538 1261 ὃ-

94 1286 299 1342 μοίωςτὸ
327 1287 412 1342 μετ’
445 1286 545 1330 αὖτὸ
575 1289 713 1344 τρίτον
740 1286 914 1338 ἐξάπτον
943 1286 1286 1344 ἀπομαραίνεται·
1318 1288 1386 1329 καὶ
1413 1291 1536 1330 τοῦτο

95 1357 243 1412 γίνεται
273 1355 378 1398 κατὰ
407 1356 625 1409 συνέχειαν,
672 1356 748 1405 ἕως
777 1353 996 1411 ἂνλμηκέτι
1022 1354 1170 1412 μόριον
1197 1359 1272 1410 τῆς
1300 1353 1538 1412 ἀναθυμιά-

97 1437 199 1473 σεως
220 1421 370 1480 εὗρεθῇ
397 1422 500 1480 πρὸς
527 1419 778 1481 ἐκφλόγωσιν
807 1423 1046 1479 ἐπιτήδειον·
1076 1427 1252 1477 συνεχῶς
1273 1418 1346 1466 οῦν
1365 1427 1439 1466 τοῦ
1461 1425 1538 1477 μὲν

97 1489 471 1546 ἇποσβεννυμένου,
508 1495 583 1534 τοῦ
612 1491 657 1534 δὲ
695 1492 969 1546 ἐξαπτομένου
1005 1492 1081 1546 μία
1117 1492 1185 1533 καὶ
1221 1488 1247 1545 ἦ
1289 1490 1392 1546 αὐτὴ
1433 1491 1540 1548 φλὸξ

98 1558 318 1615 διατρέχειν
355 1560 478 1601 δοκεῖ’.
513 1558 572 1607 sb
603 1558 703 1601 αὐτὸ
732 1560 881 1615 γίνεται
921 1559 988 1601 καὶ
1018 1560 1053 1601 εἴ
1074 1557 1232 1613 χάρτου
1261 1558 1448 1615 πινάριον
1477 1563 1540 1601 λε-

97 1625 201 1667 πτὸν
238 1627 305 1667 καὶ
340 1623 499 1682 μακρὸν
534 1625 790 1681 θεωρήσειας
816 1625 1089 1680 ἐξαπτόμενον
1117 1624 1142 1679 ἢ
1172 1632 1359 1668 στυπεῖον
1389 1624 1542 1680 ὁμοίως

99 1690 243 1735 λεπτὸν
284 1693 349 1734 ἐπὶ
385 1697 516 1747 μῆκος
551 1694 732 1747 κείμενον
768 1692 794 1749 ἢ
822 1710 861 1736 τι
889 1697 1077 1736 τοιοῦτον
1107 1692 1243 1750 ἕτερον
1266 1694 1318 1751 *).
1370 1696 1437 1736 καὶ
1474 1695 1542 1736 ἐπὶ

97 1760 255 1803 τούτων
281 1758 358 1817 γὰρ
389 1760 436 1803 οὐ
465 1761 541 1814 μιά
569 1759 676 1817 φλόξ
704 1761 813 1803 ἐστιν
841 1759 915 1802 ἀπ’
949 1760 1078 1817 ἀρχῆς
1112 1760 1231 1818 μέχρι
1269 1762 1410 1812 τέλους
1449 1762 1542 1819 διή-

97 1843 239 1870 κουσα.
280 1828 384 1871 κατὰ
417 1828 545 1883 μέρος
580 1829 626 1870 δὲ
653 1833 728 1871 τοῦ
754 1829 830 1883 μὲν
859 1829 1157 1883 ἐξαπτομένου,
1195 1833 1269 1872 τοῦ
1299 1830 1345 1872 δὲ
1370 1835 1542 1885 σβεννυ-

95 1896 220 1950 μένου
245 1897 322 1950 μία
350 1893 449 1938 εῗναι
480 1897 594 1938 δοκεῖ
618 1895 686 1938 διὰ
715 1896 790 1951 τὴν
819 1896 863 1947 ἐξ
882 1895 1010 1938 ἄλλου
1037 1897 1187 1954 μορίου
1214 1898 1271 1948 εἷς
1294 1897 1394 1941 ἄλλο
1411 1898 1539 1953 μετά-

94 1967 217 2017 βασιν
244 1967 318 2018 τῆς
347 1962 532 2017 ἐξάψεως
561 1965 783 2019 διατρέχειν
810 1961 836 2018 ἡ
864 1965 942 2018 μία
970 1965 1090 2007 δοκεῖ’.
1131 1964 1228 2007 ἀλλ’
1262 1966 1326 2007 ἐπὶ
1353 1966 1430 2020 μὲν
1456 1970 1540 2009 τῶν

94 2029 401 2087 ὗποδειγμάτων
439 2033 610 2086 πλησίον
649 2030 805 2084 ὄντων,
865 2029 1010 2088 ὁρᾶται
1048 2037 1191 2089 σαφῶς
1229 2032 1276 2076 τὸ
1313 2033 1537 2089 γινόμενον.

94 2099 160 2141 ἐπὶ
190 2099 235 2141 δὲ
263 2103 345 2142 τῶν
374 2098 620 2157 διᾳττόντων
648 2097 675 2154 ἦ
705 2098 835 2154 πολλὴ
863 2104 938 2154 τῆς
964 2099 1067 2155 ὕλης
1095 2102 1138 2151 ἐξ
1167 2099 1283 2156 ἡμῶν
1314 2101 1540 2152 ἀπόστασις

95 2167 241 2223 κρίνειν
271 2166 448 2222 ἀκριβῶς
474 2166 520 2209 τὸ
546 2171 772 2221 συμβαῖνον
800 2167 944 2211 κωλύει
971 2166 1044 2222 την
1067 2168 1278 2224 αἴσθησιν.
1309 2167 1330 2212 ὃ
1353 2171 1398 2211 δὲ
1419 2169 1541 2226 λόγος

95 2237 217 2275 τοῦτο
247 2232 458 2289 θηρεύσας
486 2235 631 2290 ἐξεῦρε.
683 2239 770 2284 πῶς
803 2236 879 2289 μὲν
915 2231 989 2278 οὖν
1019 2236 1062 2278 αἶ
1091 2238 1285 2279 δοκοῦσαι
1317 2238 1539 2293 διαδρομαὶ

96 2304 178 2342 τῶν
209 2300 303 2342 κατ’
332 2300 518 2343 ἔκκαυσιν
543 2302 761 2356 γινομένων
791 2302 1041 2362 διᾳττόντων
1070 2306 1388 2358 συμβαίνουσιν,
1429 2305 1539 2362 εἴρη-

96 2384 164 2415 ται
203 2367 363 2418 ἱκανῶς.
413 2365 440 2422 ἦ
471 2369 516 2411 δὲ
547 2368 620 2410 ἀπ’
654 2368 790 2412 ἄλλων
828 2370 896 2412 ἐπ’
939 2370 1043 2413 ἄλλα
1084 2372 1342 2426 διαστήματα
1385 2374 1540 2428 κίνησις

97 2434 207 2477 οὕτω
245 2436 393 2490 γίνεται
432 2440 508 2490 τῆς
545 2435 863 2490 ἀναθυμιάσεως
899 2443 1085 2495 πανταχῇ
1124 2440 1436 2495 διεσπαρμένης,
1482 2439 1540 2491 ὥς

97 2502 266 2559 εἴρηται.
296 2504 332 2545 εἲ
350 2503 426 2557 μὲν
445 2501 549 2545 κατὰ
575 2503 716 2557 βάθος
745 2504 804 2559 εἴη
833 2504 887 2547 τὰ
913 2505 1042 2562 μόρια
1070 2505 1224 2561 ταύτης
1253 2509 1412 2562 κείμενα
1441 2504 1560 2565 ἐφεὲ

97 2571 168 2623 ξῆς
196 2569 410 2625 ἀλλήλοις,
438 2571 485 2614 τὸ
506 2572 551 2613 δὲ
572 2571 655 2614 ἄνω
684 2571 808 2628 μέρος
835 2572 961 2627 αὐτῆς
989 2574 1208 2630 ἐξαφθείη,
1238 2579 1401 2632 πρῶτον
1431 2576 1538 2619 ἅνω-

97 2640 174 2679 θεν
201 2635 226 2692 ἦ
252 2638 358 2694 φλὸξ
386 2639 588 2696 φέρεσθαι
616 2639 727 2682 κάτω
756 2641 878 2682 δοκεῖ.
931 2642 967 2682 εἲ
1004 2641 1049 2683 δὲ
1087 2639 1198 2684 κάτω
1235 2647 1397 2699 πρῶτον
1445 2645 1536 2695 ἐξα-

143 2796 173 2839 *)
196 2796 279 2831 Ald.
307 2795 330 2841 ἢ
351 2799 388 2833 τί
410 2796 575 2834 τοιοῦτον
607 2797 731 2843 ἕτερον
767 2801 863 2845 quod
884 2801 1036 2836 sortasse
1068 2802 1154 2837 ferri
1179 2810 1313 2847 potest,
1345 2815 1425 2838 cum
1449 2816 1534 2839 ver-

189 2859 300 2887 tamus
325 2858 540 2891 vernacule:
577 2859 644 2890 und
667 2869 736 2890 was
759 2859 963 2899 dergleichen
991 2861 1129 2894 anderes
1152 2861 1248 2903 (noch
1272 2860 1389 2906 mehr).
