1820 3158
301 381 360 423 56
407 389 614 431 —p.351‚b.
639 388 798 420 sse1.1..-
830 389 977 426 Llss.1.
1007 386 1252 425 CAP.le.
1302 384 1522 426 -p.337,D.
1551 384 1675 416 cas-

300 495 374 550 γὰρ
403 491 520 545 οὗτος
547 496 604 537 ἀεὶ
635 493 845 548 ξηρότερος
873 491 1035 542 ὃτόπος
1063 494 1244 548 φαίνεται
1274 491 1477 546 γινόμενος
1506 493 1569 532 καὶ
1591 495 1698 531 πᾶσα

300 560 324 613 ἡ
350 561 466 617 χώρα
492 567 565 603 τοῦ
594 563 776 611 ποταμοῦ
806 558 1032 614 πρόσχωσις
1062 555 1163 600 οὖσα
1187 563 1260 599 τοῦ
1288 559 1449 607 Νείλου,
1489 556 1555 598 διὰ
1583 558 1626 597 δὲ
1652 556 1697 597 τὸ

303 627 403 667 κατὰ
428 627 569 681 μικρὸν
599 624 892 680 ξηραινομένων
920 630 998 666 τῶν
1038 625 1135 666 ἑλῶν
1172 626 1267 675 τοὺς
1306 625 1473 677 πλησίον
1504 623 1701 672 εἷσοικίζεψ

251 696 410 732 12σθαι
440 693 485 732 τὸ
515 695 586 732 τοῦ
611 690 761 745 χρόνου
789 694 916 743 μῆκος
936 690 1138 746 ἀφῄρηται
1163 692 1236 745 τὴν
1257 691 1397 746 ἀρχήν.
1457 696 1522 730 12.
1557 689 1702 728 Φαίνε-

302 774 365 797 ται
394 756 433 797 δ’
458 753 527 798 οὗν
557 758 621 798 καὶ
650 756 700 796 τὰ
725 755 906 808 στόματα
935 756 1085 806 πάντα,
1115 757 1217 810 πλὴν
1237 756 1324 805 ἑνὸς
1351 760 1422 798 τοῦ
1448 757 1701 806 Κανωβικοῦ,

260 830 263 833 ’
297 825 553 878 χειροποίητα
581 823 645 864 καὶ
673 822 721 863 οὐ
747 826 819 863 τοῦ
847 821 1031 874 ποταμοῦ
1062 821 1179 873 ὅντα,
1211 824 1275 863 καὶ
1305 822 1350 863 τὸ
1384 822 1548 877 ἀρχαῖον
1578 818 1703 874 ¹1‘5AZ'‘—

304 904 449 941 γυπτος
479 889 612 942 Θῆβαι
635 887 886 941 καλούμεναι.
917 889 1037 940 δηλοῖ
1053 888 1096 928 δὲ
1124 889 1187 928 καὶ
1207 886 1411 942 (Όμηρος,
1442 886 1548 928 οὕτω
1576 886 1703 938 πρόσ-

302 970 430 1009 φατος
459 954 513 996 ὢν
544 952 598 1002 ὥς
635 956 752 995 εἴπεῖν
795 953 896 1007 πρὸς
931 953 1004 1002 τὰς
1038 954 1229 1001 τοιαύτας
1260 952 1500 1006 μεταβολάς.
1556 954 1703 994 ἐκείνου

301 1019 376 1074 γὰρ
414 1024 485 1061 τοῦ
520 1020 647 1061 τόπου
686 1026 851 1061 ποιεῖται
883 1021 1041 1071 μνείαν,
1087 1017 1140 1066 ὡς
1169 1018 1280 1060 οὔπω
1308 1019 1503 1074 Μέμφιος
1531 1018 1652 1072 οἰζσης
1679 1018 1704 1071 ἢ

303 1084 400 1138 ὅλης
432 1084 457 1139 η’
493 1086 538 1127 οὗ
568 1083 818 1139 τηλικαύτης.
876 1089 994 1126 τοῦτο
1025 1085 1066 1125 δ’
1092 1084 1195 1132 εἰκὸς
1227 1084 1333 1126 οὕτω
1373 1086 1621 1137 συμβαίνειν·
1667 1086 1703 1126 οἱ

251 1157 299 1191 13
312 1150 386 1205 γὰρ
406 1150 590 1192 κάτωθεν
607 1150 723 1192 τόποι
742 1155 822 1192 τῶν
841 1149 999 1191 &moene
1018 1149 1184 1205 ’ὕστερον
1206 1149 1456 1206 ᾠκίσθησαν.
1501 1157 1564 1191 13.
1581 1149 1705 1191 Ἑλώ-

303 1217 381 1264 ὁέις
406 1216 482 1272 γὰρ
511 1218 573 1257 ἐπὶ
601 1218 720 1258 πλείω
745 1215 894 1269 χρόνον
922 1215 1134 1270 ἀναγκαῖον
1163 1213 1259 1256 εἶναι
1287 1215 1383 1263 τοὺς
1409 1215 1614 1270 ἐγγύτερον
1635 1221 1706 1268 τῆς

301 1282 564 1336 προσχώσεως
600 1283 665 1324 διὰ
704 1282 750 1324 τὸ
789 1281 983 1335 λιμνάζειν
1021 1282 1063 1323 ἓν
1099 1287 1184 1329 τοῖς
1221 1280 1403 1333 ἐσχάτοις
1442 1280 1501 1322 ἀεὶ
1537 1285 1704 1334 μᾶλλον.

252 1347 546 1400 14μεταβάλλει
583 1349 627 1389 δὲ
665 1353 782 1390 τοῦτο
822 1349 886 1389 καὶ
922 1347 1040 1389 πάλιν
1077 1346 1249 1400 εὐθηνεῖ.
1319 1350 1383 1388 14.
1414 1346 1705 1403 Ξηραινόμενοι

301 1412 376 1466 γὰρ
406 1414 443 1455 οἷ
470 1412 585 1455 τόποι
614 1413 794 1469 ἔρχονται
823 1415 878 1461 εἷς
903 1413 950 1454 τὸ
973 1417 1103 1462 καλῶς
1130 1412 1242 1465 ἔχειν,
1282 1412 1318 1454 οἳ
1349 1413 1394 1454 δὲ
1419 1412 1614 1469 πρότερον
1642 1414 1707 1455 εὐ-

304 1485 434 1532 κραεῖς
459 1477 831 1534 ὓπερξηραινόμενοι
851 1479 940 1521 τότε
964 1481 1135 1534 γίνονται
1152 1481 1331 1534 χείρους·
1363 1478 1459 1534 ὅπερ
1482 1481 1706 1534 συμβέβηκε

304 1548 375 1596 τῆς
406 1542 599 1593 Ἑλλάδος
635 1535 699 1586 καὶ
736 1546 825 1600 περὶ
862 1545 934 1598 τὴν
966 1544 1150 1599 Ἀργείων
1190 1546 1254 1586 καὶ
1283 1546 1532 1598 ΠΙυκηναίων
1557 1545 1706 1600 χώραν.

252 1614 303 1651 15
331 1615 395 1651 15.
430 1609 516 1651 Ἐπὶ
541 1610 615 1663 μὲν
643 1610 720 1665 γὰρ
749 1615 829 1652 τῶν
856 1614 1048 1665 Τρωϊκίῦν
1077 1610 1099 1664 ἦ
1129 1612 1202 1664 μὲν
1222 1610 1375 1665 Ἀργεία
1402 1609 1468 1651 διὰ
1489 1610 1534 1651 τὸ
1558 1609 1708 1665 ἑλώδης

304 1744 419 1782 minis
437 1745 598 1784 adluvie
622 1746 782 1784 videtur
811 1750 1002 1783 concreta.
1060 1746 1139 1782 Sed
1160 1746 1247 1795 quia
1269 1745 1475 1795 paludibus
1495 1745 1708 1784 siccescen-

303 1811 407 1848 tibus
428 1826 450 1849 a
470 1811 646 1849 finitimis
667 1812 852 1862 paulatim
875 1811 994 1848 incoli
1015 1817 1243 1861 coeperunt,
1272 1811 1531 1861 longinquitas
1551 1817 1706 1862 tempo-

305 1877 360 1914 ris
387 1877 541 1914 initium
567 1876 806 1916 obliteravit.
867 1881 930 1914 12.
960 1878 1096 1926 Itaque
1120 1877 1216 1914 ostia
1237 1877 1368 1914 omnia
1387 1889 1479 1913 tuno
1509 1877 1706 1914 Canobieo

305 1949 470 1993 excepto
491 1955 607 1980 manu
625 1942 744 1990 facta,
774 1954 853 1979 non
875 1942 1049 1980 fluminis
1069 1942 1267 1980 videntur.
1327 1941 1435 1990 Quin
1464 1942 1581 1979 etiam
1604 1944 1707 1980 anti-

305 2008 448 2058 quitus,
466 2021 564 2060 quae
574 2007 734 2045 Thebae
750 2008 1064 2058 appellabantur,
1085 2014 1169 2045 erat
1180 2008 1405 2057 Aegyptus:
1434 2007 1475 2044 id
1495 2008 1601 2058 quod
1619 2010 1707 2047 Ho-

306 2087 437 2112 merus
466 2074 582 2112 etiam
604 2065 737 2120 docet,
766 2074 830 2124 qui
851 2087 931 2111 non
957 2073 1055 2110 adeo
1083 2074 1209 2111 multo
1236 2079 1323 2123 post
1346 2073 1427 2110 eius
1450 2074 1558 2112 modi
1579 2081 1707 2113 muta-

305 2141 429 2177 tiones
457 2139 615 2178 exstitit.
683 2140 811 2178 Huius
843 2139 947 2176 enim
974 2139 1050 2177 loci
1085 2139 1324 2177 mentionem
1353 2139 1468 2187 facit,
1509 2131 1707 2191 tamquam

303 2205 502 2256 Memphis
521 2211 588 2244 aut
605 2206 766 2243 omnino
783 2218 863 2243 non
881 2211 991 2252 esset,
1019 2211 1086 2242 aut
1105 2212 1210 2244 certe
1229 2218 1309 2243 non
1328 2211 1448 2244 tauta.
1503 2206 1591 2244 Hoc
1609 2220 1708 2245 vero

305 2272 359 2309 ita
377 2271 558 2309 accidisse
577 2271 792 2310 verisimile
814 2277 884 2309 est.
942 2271 1118 2309 Humilia
1139 2271 1243 2308 enim
1260 2272 1346 2309 loca
1365 2271 1571 2322 posterius,
1591 2286 1707 2323 quam

307 2337 411 2375 edita
427 2338 546 2375 incoli
570 2344 795 2388 coeperunt.
856 2340 920 2376 13.
949 2336 1278 2388 Quandoquidem
1297 2350 1453 2375 neeesse
1474 2344 1532 2375 est
1547 2351 1591 2375 ea
1609 2339 1706 2383 loca,

306 2417 405 2453 quae
441 2404 679 2442 concretioni
716 2417 765 2441 ex
795 2403 941 2442 alluvie
970 2403 1160 2454 propiora
1188 2410 1297 2452 sunt,
1336 2416 1425 2441 cum
1453 2403 1494 2440 in
1521 2404 1708 2442 extremis

306 2482 460 2519 semper
478 2468 574 2506 locis
593 2469 713 2520 magis
730 2475 918 2520 stagnent,
946 2469 1092 2507 diutius
1113 2470 1299 2520 palustria
1314 2481 1530 2508 remanere.
1573 2469 1638 2507 14.
1658 2469 1707 2507 Id

306 2541 435 2572 autem
457 2541 629 2572 mutatur
652 2541 691 2574 et
717 2549 853 2574 rursus
881 2535 922 2573 in
946 2535 1088 2573 melius
1109 2535 1263 2574 evadit:
1290 2535 1432 2586 quippe
1452 2547 1540 2571 cum
1563 2534 1603 2572 in
1622 2548 1706 2572 rne-

305 2601 447 2638 liorem
470 2606 611 2637 statum
642 2613 706 2648 ea,
745 2614 843 2652 quae
869 2602 1113 2640 exsiccantur
1140 2601 1226 2639 loca
1254 2599 1499 2650 redigantur,
1540 2605 1580 2637 et
1609 2613 1706 2650 quae

305 2666 412 2717 prius
440 2671 655 2716 temperata
679 2673 810 2715 erant,
848 2681 936 2706 cum
964 2668 1079 2706 nimis
1109 2668 1339 2713 siccescant,
1376 2664 1571 2703 deteriora
1599 2666 1705 2705 fiant.

309 2731 428 2780 Quod
449 2732 656 2780 Graeciae,
684 2732 923 2782 Argivorum
946 2736 1330 2784 Mycenaeorumque
1356 2729 1506 2780 regioni
1534 2732 1706 2782 contigit.

311 2799 372 2834 15.
404 2797 557 2835 Troicis
577 2797 681 2834 enim
702 2800 945 2849 temporibus
965 2799 1132 2848 Argiva,
1160 2801 1371 2848 propterea
1397 2796 1500 2845 quod
1526 2797 1706 2848 palustris
