1820 3158
267 346 324 389 12
371 352 581 396 —p·³40‚b-
597 353 755 387 Be1d1·—
824 355 1207 395 LIB.1.GAP.111.
1274 356 1490 398 —p.327,F.
1514 354 1640 389 cas.-

261 466 438 504 στασθαι
465 462 564 517 νέφη
593 460 744 514 ταύτην
770 459 1017 516 ὑποληπτέον
1046 463 1175 505 αἲτίαν
1202 461 1311 514 εἶναι,
1341 462 1404 505 ὅτι
1425 463 1496 504 οὒκ
1515 462 1660 504 ἔνεστιν

262 527 340 583 ἀὴρ
367 528 492 581 μόνον
521 527 624 569 ἀλλὰ
658 530 812 579 μᾶλλον
840 525 924 570 οἷον
950 533 1050 584 πῦρ·
1100 528 1224 571 οὐθὲν
1252 530 1300 570 δέ
1325 528 1466 571 κωλύει
1501 530 1565 571 καὶ
1593 528 1661 570 διὰ

259 593 333 647 τὴν
361 593 492 650 κύκλῳ
531 593 662 648 φορὰν
700 592 927 636 κωλύεσθαι
965 596 1231 637 συνίστασθαι
1275 595 1373 650 νέφη
1412 596 1453 637 ἓν
1489 599 1546 651 τῷ
1579 594 1662 637 ἄνω

259 659 394 716 τόπῳ·
434 659 513 715 ῥεῖν
541 659 616 714 γὰρ
647 658 858 714 ἀναγκαῖον
887 660 1045 703 ἅπαντα
1071 661 1141 703 τὸν
1169 660 1298 718 κύκλῳ
1330 662 1448 717 ἀέρα,
1483 660 1578 709 ὅσος
1602 659 1659 714 μὴ

260 726 372 774 ἐντὸς
398 730 471 778 τῆς
498 727 749 780 περιφερείας
776 726 1019 779 λαμβάνεται
1047 731 1121 781 τῆς
1141 725 1434 782 ἀπαρτιζούσης
1462 727 1562 769 ὥστε
1587 726 1662 780 τὴν

207 796 338 846 17γῆν
367 794 602 846 σφαιροειδῆ
632 790 729 834 εἶναι
757 796 902 834 πᾶσαν.
963 799 1028 835 17.
1061 793 1248 834 Φαίνεται
1267 793 1342 847 γὰρ
1363 795 1427 836 καὶ
1446 798 1515 835 νῦν
1537 791 1560 847 ἡ
1582 796 1662 834 τῶν

259 857 415 911 ἀνέμων
449 858 596 912 γένεσις
633 859 673 900 ἓν
701 865 786 906 τοῖς
816 857 1046 911 λιμνάζουσι
1081 857 1219 905 τόποις
1253 862 1325 911 τῆς
1358 863 1449 913 γῗς,
1495 860 1560 901 καὶ
1591 858 1662 910 οὒχ

257 924 494 981 ὑπερβάλλει
522 924 574 966 τὰ
601 923 808 977 πνεύματα
844 929 924 966 τῶν
959 923 1130 978 ὑψηλῶν
1169 923 1294 979 ὀρῶν·
1354 924 1416 980 ῥεῖ
1451 926 1495 967 δὲ
1531 924 1661 979 κύκλῳ

259 992 325 1034 διὰ
362 992 407 1034 τὸ
439 992 750 1048 συνεφέλκεσθαι
778 994 828 1046 τῇ
862 994 935 1032 τοῦ
973 989 1070 1031 ὅλου
1110 995 1332 1048 περιφορᾷ·
1389 991 1435 1033 τὸ
1475 991 1548 1043 μὲν
1585 990 1661 1045 γὰρ

257 1062 336 1113 πῦρ
364 1062 422 1114 τῷ
453 1057 534 1099 ἄνω
565 1059 766 1115 στοιχείῳ,
797 1061 853 1113 τῷ
883 1057 927 1097 δὲ
949 1057 1050 1111 Ιπυρὶ
1079 1054 1099 1097 ὅ
1123 1056 1200 1112 ἀὴρ
1222 1057 1386 1110 συνεχής
1405 1058 1532 1108 ἔστιν,
1562 1055 1662 1098 ὥστε

205 1127 333 1168 18καὶ
351 1124 417 1166 διὰ
435 1125 509 1178 τὴν
528 1126 679 1178 κίνησιν
696 1123 889 1165 κωλύεται
909 1123 1188 1177 συγκρίνεσθαι
1211 1125 1266 1171 εἷς
1284 1122 1409 1178 ὕδωρ.
1469 1128 1532 1165 18.
1555 1120 1657 1164 Ἀλλ’

257 1191 316 1234 ἀεὶ
335 1190 356 1233 δ’
370 1224 380 1244 ,
409 1207 447 1232 τι
468 1190 518 1233 ἂν
533 1190 756 1244 βαρύνηται
775 1189 918 1245 μόριον
947 1189 1070 1230 αὐτοῦ
1099 1187 1388 1240 ἓκθλιβομένου
1412 1190 1467 1236 εἷς
1487 1188 1557 1230 τὸν
1579 1186 1660 1229 ἄνω

255 1258 380 1301 τόπον
406 1262 478 1300 τοῦ
508 1261 665 1312 θερμοῦ
694 1256 802 1298 κάτω
826 1247 1009 1312 φέρεται,
1041 1254 1138 1296 ἄλλο
1169 1254 1208 1295 δ’
1235 1255 1276 1295 ἐν
1300 1255 1409 1310 μέρει
1437 1252 1662 1307 συναναφέ-

256 1341 366 1380 ρεται
394 1328 452 1381 τῷ
482 1323 804 1379 ἇναθυμιωμένῳ
822 1324 929 1378 πυρί,
958 1323 1023 1363 καὶ
1043 1319 1148 1362 οὕτω
1177 1325 1349 1373 συνεχῶς
1374 1321 1420 1363 τὸ
1442 1321 1516 1374 μὲν
1545 1318 1662 1373 ἀέρος

257 1393 429 1432 διατελεῖ
459 1394 606 1446 πλῆρες
641 1389 686 1432 ὃν
716 1389 762 1431 τὸ
799 1390 842 1430 δὲ
879 1387 1027 1440 πυρός,
1073 1388 1138 1428 καὶ
1166 1386 1226 1428 ἀεὶ
1255 1386 1362 1429 ἄλλο
1383 1389 1448 1430 καὶ
1476 1386 1574 1428 ἄλλο
1602 1385 1661 1438 γί-

203 1461 372 1499 19νεται
411 1456 577 1498 ἕκαστον
609 1456 754 1498 αὐτῶν.
823 1462 888 1498 19.
925 1456 1030 1510 Περὶ
1059 1455 1132 1507 μὲν
1161 1450 1232 1497 οἷαν
1269 1459 1342 1496 τοῦ
1378 1454 1435 1508 μὴ
1478 1454 1661 1508 γίνεσθαι

254 1523 354 1579 νέφη
383 1522 486 1577 μηδ’
509 1525 564 1571 εἷς
590 1522 702 1578 ὕδωρ
732 1522 956 1577 σύγκρισιν,
1002 1522 1067 1562 καὶ
1096 1525 1182 1570 πῶς
1208 1523 1272 1563 δεῖ
1293 1525 1428 1575 λαβεῖν
1463 1520 1551 1570 περὶ
1587 1520 1660 1559 τοῦ

254 1589 402 1642 μεταξὺ
444 1588 572 1631 τόπου
608 1593 690 1631 τῶν
723 1588 882 1643 ἄστρων
921 1588 987 1630 καὶ
1025 1591 1098 1641 τῆς
1133 1591 1204 1641 γῆς
1241 1589 1306 1629 καὶ
1333 1589 1441 1635 τίνος
1468 1586 1552 1627 ἐστὶ
1580 1583 1660 1627 σώ-

253 1724 372 1774 igitur
388 1723 431 1760 in
449 1723 655 1773 superiore
671 1723 759 1760 loco
778 1720 902 1759 nubes
920 1721 1052 1758 nullae
1069 1721 1292 1767 consistant,
1320 1720 1468 1759 idcirco
1487 1719 1543 1767 fit,
1570 1717 1660 1768 quia

253 1790 309 1828 ibi
327 1802 409 1827 non
428 1802 558 1827 merus
578 1792 658 1836 aer,
686 1788 757 1826 sed
775 1787 883 1837 quasi
902 1787 1001 1836 ignis
1019 1786 1185 1824 exsistit.
1221 1788 1306 1825 Etsi
1328 1786 1426 1824 nihil
1446 1786 1563 1823 etiam
1581 1785 1661 1823 im-

253 1854 389 1907 pedit,
429 1867 507 1906 quo
539 1854 667 1891 miuus
703 1859 845 1891 statuas
871 1858 1039 1903 propter
1070 1853 1369 1890 conversionem
1399 1851 1659 1889 orbicularem

252 1922 378 1960 nullas
409 1920 613 1971 superiore
639 1920 682 1956 in
709 1919 798 1956 loco
826 1918 950 1956 nubes
981 1918 1206 1956 consistere.
1260 1918 1430 1955 Necesse
1456 1917 1559 1954 enim
1589 1921 1658 1963 est,-

252 1994 297 2026 ut
315 1987 444 2025 omnis
465 1990 552 2034 aer,
582 1986 806 2036 quicunque
828 1998 908 2022 non
927 1985 1031 2022 intra
1055 1985 1244 2022 ambitum
1268 1983 1579 2034 deprehenditur
1603 1983 1658 2020 ita

252 2054 580 2092 center-minatum
591 2080 606 2097 ,
635 2058 679 2090 ut
701 2057 781 2089 tota
805 2043 919 2089 terra*
938 2051 1043 2100 globi
1062 2052 1230 2089 formam
1248 2050 1432 2100 accipiat,
1464 2049 1560 2087 orbe
1578 2049 1657 2086 cir-

252 2119 450 2159 cumfluat.
510 2122 573 2157 17.
610 2119 728 2156 Nunc
758 2130 914 2168 quoque
939 2116 1036 2155 mihi
1057 2117 1244 2155 videntur
1272 2115 1382 2154 venti
1400 2116 1443 2153 in
1460 2114 1658 2167 paludosis

251 2193 381 2226 terrae
397 2186 494 2224 locis
511 2186 620 2232 oriri,
649 2197 778 2234 neque
798 2196 970 2222 summos
989 2183 1183 2221 excedunt
1204 2188 1366 2220 montes.
1396 2182 1507 2220 Orbe
1525 2188 1657 2220 autem

251 2254 379 2291 fertur
395 2251 464 2290 ne'r
474 2279 488 2297 ,
518 2252 610 2302 quia
627 2264 704 2289 una
729 2263 819 2289 cum
835 2250 981 2288 latione
1006 2249 1126 2287 totius
1147 2249 1286 2287 mundi
1306 2247 1496 2288 trahatur.
1553 2247 1658 2298 Ignis

252 2320 359 2357 enim
390 2330 576 2370 supremo
604 2318 824 2362 elemento,
861 2316 940 2367 igni
971 2319 1039 2354 aer
1066 2316 1272 2354 continuus
1301 2320 1360 2352 est
1380 2315 1458 2360 ita,
1485 2319 1531 2352 ut
1547 2319 1658 2352 motu

252 2398 409 2436 quoque
427 2383 697 2435 prohibeatur,
724 2397 800 2434 quo
817 2382 944 2422 minus
963 2382 1005 2420 in
1023 2396 1161 2433 aquam
1181 2386 1450 2420 convertatur.
1495 2383 1556 2419 18.
1577 2378 1657 2417 Sed

250 2462 501 2502 quaecunque
527 2451 744 2501 particula,
776 2450 907 2488 calore
938 2462 1009 2487 suo
1032 2448 1074 2486 in
1090 2448 1334 2499 superiorem
1358 2448 1488 2486 locum
1515 2456 1657 2495 reper-

250 2528 376 2563 cussO‚
389 2517 637 2566 ingravescit,
650 2516 833 2554 deorsum
851 2517 992 2563 fertur,
1007 2515 1083 2554 alia
1098 2528 1167 2552 sua
1183 2515 1270 2552 vice
1289 2525 1366 2552 una
1377 2525 1466 2552 cum
1478 2511 1578 2561 igne,
1589 2510 1654 2561 qui

251 2583 471 2629 exhalatur,
498 2582 711 2631 adscendit,
739 2588 856 2633 atque
873 2581 929 2620 ita
949 2581 1136 2620 continuo
1153 2581 1276 2619 altera
1295 2591 1386 2630 pars
1401 2579 1502 2628 igue,
1532 2577 1655 2614 altera

249 2652 342 2687 aere
371 2650 526 2699 repleta
554 2654 614 2686 est
641 2654 680 2686 et
700 2661 956 2699 unaquaeque
983 2661 1079 2687 mox
1103 2648 1146 2687 in
1169 2646 1275 2684 hune
1305 2643 1476 2694 [ignem]
1504 2642 1654 2690 transit,

250 2728 347 2755 mox
363 2715 406 2753 in
424 2716 536 2754 illum
553 2715 711 2763 [aerem]
727 2714 846 2754 redit.
886 2718 952 2754 19.
971 2715 1081 2755 Haec
1097 2713 1201 2751 dicta
1217 2716 1333 2749 sunto
1351 2709 1402 2748 de
1416 2709 1653 2761 quaestione,

251 2795 321 2821 cur
341 2781 394 2831 [in
415 2781 619 2832 superiore
637 2780 738 2830 loco]
760 2781 882 2818 nubes
899 2781 1031 2819 nullae
1050 2778 1272 2824 consistant,
1301 2789 1429 2827 neque
1443 2787 1566 2825 aquae
1587 2774 1655 2812 fiat
