1820 3158
339 385 430 426 110
475 392 856 434 —p-365‚b-Bek1‹-—
882 395 982 433 Lm.
999 395 1053 433 11.
1083 395 1326 436 cAP.v111.
1375 395 1734 440 «moneas.-

331 499 496 557 οὐδεμιᾷ
532 499 795 555 διαφέροντας
830 498 1033 556 ὑπερβολῇ
1069 499 1236 556 τοιαύτῃ
1279 502 1388 555 παρὰ
1430 506 1524 554 τοὺς
1568 506 1737 561 ἄλλους;

276 571 299 605 8
328 567 455 606 καίτοι
483 565 615 619 ἐχρῆν.
687 571 725 605 8.
756 564 889 614 ’Όλως
917 567 961 608 δὲ
989 573 1074 615 τοῖς
1102 565 1230 614 οὕτως
1257 565 1608 621 ὑπολαμβάνουσιν
1635 573 1737 614 ἀνα-

331 636 466 684 γκαῖον
505 624 626 683 ἧττον
663 630 722 672 ἀεὶ
759 632 855 681 τοὺς
894 633 1079 687 σεισμοὺς
1117 632 1240 689 φάναι
1276 635 1478 688 γίνεσθαι,
1527 639 1591 679 καὶ
1629 639 1739 688 τέλος

327 695 570 737 παύσασθαί
594 714 688 738 ποτε
719 699 940 753 σειομένην·
986 699 1031 741 τὸ
1062 700 1137 756 γὰρ
1168 699 1410 753 σαττόμενον
1437 704 1627 758 τοιαύτην
1665 705 1739 758 ἴχει

328 762 461 817 φύσιν.
493 761 594 804 ὥστ’
628 765 662 805 εἶ
688 765 801 807 τοῦτ’
830 765 1048 818 ἀδύνατον,
1080 769 1201 821 δῆλον
1231 765 1291 807 ὅτι
1323 767 1522 811 ἀδύνατον
1550 772 1615 811 καὶ
1644 771 1739 812 ταύ-

326 845 400 882 την
429 827 527 871 εἶναι
557 830 631 884 τὴν
660 833 804 874 αἴτιἀν.

276 902 291 935 1
437 900 554 938 VIII.
618 897 729 940 Ἀλλ’
775 898 908 953 ἐπειδὴ
948 898 1146 955 φανερόν,
1194 898 1255 940 ὅτι
1295 899 1507 955 ἀναγκαῖον
1555 904 1619 943 καὶ
1659 903 1738 944 α’πὸ

328 960 451 1017 ὑγροῦ
491 964 556 1004 καὶ
595 964 673 1006 ἀπὸ
716 967 841 1020 ξηροῦ
877 967 1058 1021 γίνεσθαι
1089 965 1382 1019 ἀναθυμίασιν,
1399 967 1554 1023 ‘dicineo
1582 968 1739 1022 εἴπομεν

326 1029 368 1070 ἓν
395 1035 480 1078 τοῖς
507 1030 726 1087 πρότερον,
780 1031 928 1087 ἀνάγκη
958 1031 1112 1074 τούτων
1140 1030 1402 1089 ὑπαρχόντων
1430 1035 1610 1089 γίνεσθαι
1646 1036 1741 1084 τοὺς

327 1095 536 1149 occupantis-⁶
583 1095 751 1153 ῧπὰρχει
779 1098 855 1153 γὰρ
885 1096 910 1152 ἡ
941 1102 990 1152 γῆ
1019 1098 1123 1138 καθ’
1157 1097 1282 1154 αὗτὴν
1319 1101 1394 1152 μὲν
1432 1101 1554 1156 ξηρά,
1601 1102 1667 1143 διὰ
1697 1103 1741 1143 δὲ

325 1162 422 1211 τοὺς
463 1161 644 1218 ὄμβρους
683 1164 829 1217 ἔχουσα
869 1166 910 1206 ἓν
940 1162 1043 1220 αὑτῇ
1072 1166 1209 1206 νοτίδα
1237 1166 1409 1221 πολλήν,
1449 1166 1558 1209 ὥσθ’
1590 1166 1669 1210 ὑπό
1699 1185 1740 1210 τε

325 1233 400 1270 τοῦ
427 1226 544 1283 ἡλίου
572 1232 636 1271 καὶ
660 1235 731 1272 τοῦ
750 1231 791 1272 ἓν
809 1230 912 1286 αὐτῇ
941 1230 1069 1286 πυρὸς
1096 1233 1415 1286 θερμαινομένης
1441 1234 1543 1275 πολὺ
1570 1236 1645 1288 μὲν
1663 1235 1740 1284 ἔξω

327 1294 430 1336 πολὺ
458 1295 498 1337 δ’
522 1296 634 1345 ἐντὸς
661 1299 842 1352 γίνεσθαι
871 1297 917 1339 τὸ
939 1301 1120 1350 πνεῦμα.
1151 1299 1354 1339 καὶτοῦτο
1386 1296 1453 1340 ὁτὲ
1480 1300 1554 1351 μὲν
1585 1302 1741 1353 συνεχές

327 1360 405 1412 ἕξω
434 1362 499 1419 ῥεῖ
521 1367 621 1414 πᾶν,
662 1362 728 1405 ὃτὲ
755 1363 797 1405 δ’
830 1363 922 1406 εἴσω
959 1363 1022 1419 ῥεῖ
1052 1367 1154 1415 πᾶν,
1204 1364 1325 1405 ἐνίοτε
1364 1365 1408 1405 δὲ
1436 1366 1501 1406 καὶ
1528 1368 1737 1420 μερίζεται.

271 1435 297 1469 2
327 1435 364 1470 2.
394 1431 446 1470 Εἴ
474 1428 524 1482 δὴ
552 1428 666 1471 τοῦτ’
690 1429 888 1471 ἀδύνατον
917 1429 1050 1478 ἄλλως
1069 1429 1181 1482 ἔχειν,
1211 1430 1257 1471 τὸ
1281 1431 1380 1484 μετὰ
1403 1435 1521 1472 τοῦτο
1551 1433 1740 1475 σκεπτέον

326 1494 375 1536 ἂν
404 1494 463 1548 εἴη
502 1493 987 1550 ὃποῖον,,κινητικώτατον
1026 1494 1075 1536 ἂν
1116 1496 1174 1550 εἴη
1214 1501 1295 1538 τῶν
1325 1497 1546 1550 σωμάτων·
1590 1499 1738 1554 ἀνάγκη

324 1559 401 1617 γὰρ
421 1560 468 1603 τὸ
492 1561 554 1602 ἐπὶ
575 1562 758 1604 πλεῖστόν
783 1579 824 1604 τε
854 1561 1029 1618 πεφυκὸς
1058 1562 1163 1624 ἴέναι,
1184 1564 1247 1604 καὶ
1268 1562 1548 1618 σφοδρότατον
1565 1565 1741 1619 μάλιστα

327 1696 436 1733 nulla
479 1695 673 1733 eiusmodi
724 1697 999 1747 exsuperantia
1042 1697 1091 1735 ab
1130 1696 1214 1735 aliis
1252 1697 1519 1736 differentibus
1534 1700 1554 1737 ¹?
1618 1699 1741 1751 Atqui

332 1767 550 1811 oporteret.
605 1765 640 1799 8.
672 1763 849 1801 Omnino
873 1769 1003 1802 autem
1023 1763 1064 1812 ii,
1098 1764 1164 1813 qui
1181 1764 1235 1803 ita
1254 1772 1413 1803 censent
1421 1783 1440 1811 ,·
1462 1771 1593 1803 terrae
1612 1772 1741 1804 motus

329 1827 503 1865 minores
533 1828 702 1866 subinde
730 1828 836 1876 fieri,
873 1835 914 1868 et
934 1829 984 1866 ad
1006 1835 1231 1867 extremum
1255 1832 1413 1868 tandem
1435 1838 1650 1870 cessaturos
1677 1832 1740 1868 in-

329 1892 486 1942 quiant,
526 1907 683 1931 necesse
715 1901 784 1932 est.
852 1895 1056 1946 Quidquid
1087 1896 1190 1932 enim
1222 1897 1502 1948 constipatum,
1549 1897 1739 1934 eiusmodi

330 1964 471 1996 natura
497 1960 719 2010 praeditum
745 1967 814 1999 est.
874 1961 960 1998 Hoc
982 1961 1102 2011 igitur
1125 1961 1155 1998 si
1176 1960 1264 1999 fieri
1288 1975 1369 2000 non
1398 1968 1548 2013 potest,
1584 1964 1739 2014 perspi-

327 2037 446 2062 cuum
469 2038 623 2076 quoque
639 2031 716 2075 est,
746 2026 846 2064 hanc
864 2040 1001 2065 veram
1024 2039 1107 2064 esse
1126 2040 1281 2065 causam
1296 2030 1470 2079 nequire.

440 2091 540 2130 CM».
561 2093 674 2130 VIII.
733 2093 931 2142 Quoniam
959 2099 1091 2131 autem
1119 2100 1294 2143 constat,
1326 2101 1365 2132 et
1391 2095 1439 2132 ab
1469 2094 1631 2132 humido
1659 2101 1698 2133 et
1718 2109 1740 2133 a

327 2157 429 2194 sicco
460 2157 770 2207 exhalationem,
806 2160 866 2197 uti
890 2165 1003 2197 antea
1033 2159 1229 2206 diximus,
1258 2159 1346 2198 fieri
1374 2167 1580 2212 oportere,
1610 2168 1741 2200 terrae

329 2229 478 2272 motus,
508 2238 595 2262 cum
624 2224 721 2263 haec
746 2226 800 2263 ita
820 2239 863 2264 se
883 2225 1072 2276 habeant,
1099 2226 1196 2264 fiant
1228 2240 1386 2265 necesse
1415 2233 1486 2265 est.
1545 2230 1614 2266 Est
1636 2229 1738 2266 enim

327 2297 433 2328 terra
459 2303 533 2342 per
551 2305 593 2329 se
614 2292 771 2342 quidem
792 2294 911 2342 sicca,
941 2293 990 2330 ob
1010 2292 1157 2330 imbres
1177 2299 1306 2331 autem
1327 2294 1496 2331 multum
1519 2294 1562 2331 in
1584 2308 1626 2332 se
1645 2308 1741 2332 con-

326 2356 428 2394 tinet
448 2356 707 2404 humiditatis,
723 2360 777 2397 ita
794 2365 839 2397 ut
858 2366 896 2397 et
917 2373 938 2397 a
957 2360 1040 2396 sole
1061 2365 1100 2397 et
1118 2358 1166 2396 ab
1185 2359 1287 2409 igne,
1316 2373 1432 2410 quem
1453 2361 1640 2406 continet,
1669 2373 1740 2397 ex·—

327 2424 532 2472 calefacta,
568 2426 737 2463 multum
757 2427 918 2476 spiritus
943 2432 1055 2463 extra
1087 2426 1270 2476 intraque
1299 2426 1489 2476 gignatur.
1546 2427 1677 2476 Atque
1704 2426 1739 2462 is

327 2488 529 2527 interdum
555 2491 714 2540 quidem
741 2493 868 2530 omnis
891 2493 1140 2530 continenter
1160 2498 1384 2529 extrorsum
1404 2490 1510 2539 fluit,
1537 2490 1736 2528 interdum

326 2566 426 2592 vero
455 2561 561 2594 totus
587 2558 711 2606 intra,
750 2571 1031 2609 nonnunquam
1065 2558 1182 2597 etiam
1211 2558 1431 2608 dissipatur.
1488 2560 1528 2594 2.
1559 2556 1601 2593 Si
1620 2557 1739 2606 igitur

327 2619 404 2657 hoc
422 2620 569 2659 habere
587 2637 629 2661 se
651 2625 765 2662 aliter
782 2625 938 2676 nequit,
968 2624 1028 2673 id,
1059 2624 1166 2675 quod
1186 2624 1381 2674 sequitur,
1411 2621 1736 2660 considerandum

329 2693 405 2733 est,
436 2690 623 2739 quidnam
643 2690 830 2728 videlicet
858 2692 1073 2742 corporum
1103 2690 1312 2727 maximam
1337 2687 1526 2726 movendi
1554 2688 1636 2725 vim
1665 2688 1737 2727 ha—

327 2753 431 2790 beat·
488 2755 534 2792 Id
555 2756 681 2803 enim,
711 2756 817 2806 quod
837 2757 1060 2806 longissime
1082 2755 1269 2806 progredi
1300 2759 1431 2804 aptum
1459 2759 1498 2791 et
1520 2754 1738 2792 vehemen-

326 2818 519 2857 tissimum
550 2827 628 2866 est,
667 2822 910 2871 potissimum
936 2822 1013 2858 tale
1040 2820 1109 2865 sit,
1150 2833 1307 2857 necesse
1333 2825 1405 2858 est.
1463 2823 1500 2856 3.
1532 2821 1591 2858 Ac
1611 2819 1736 2858 vehe-
