1774 3198
275 341 370 385 584
488 352 933 391 COMMENTARIUS
960 354 1020 393 IN
1043 349 1444 394 METEOROLO‘G.

276 460 394 511 Quod
409 467 538 499 tamen
551 473 631 499 non
649 461 808 500 accidit:
836 461 929 500 inde
948 462 1050 500 enim
1071 462 1118 500 ab
1137 463 1210 501 isto
1228 468 1417 514 tempore,
1444 469 1531 501 cum
1549 464 1663 503 simul

272 529 442 576 Berytus
461 526 693 566 Phoeniciae
711 528 804 566 urbs
825 528 1050 566 dirueretur
1068 534 1115 566 ct·
1127 529 1306 579 Byzantii
1331 529 1457 566 solum
1482 535 1663 567 concute·-

273 599 404 638 retur,
438 591 641 643 insulaque
670 594 746 633 Cos
778 599 987 643 tremeret,
1022 593 1123 632 nihil
1150 595 1228 632 tale
1253 582 1458 645 Aegyptiis
1487 594 1667 632 accidisse

273 662 478 695 narratum
507 671 635 710 neque
650 659 692 696 id
709 666 821 698 antea
836 660 982 698 factum
1000 674 1082 698 esse
1099 660 1284 711 proditur
1303 660 1375 697 nisi
1395 660 1500 710 quod
1512 660 1666 698 Thebas

272 724 316 761 in
332 722 515 773 Aegypto
540 725 746 776 sQriore
774 726 864 764 sitas
889 727 954 765 Ol.
985 729 1084 774 188,
1109 730 1129 764 1
1167 732 1294 763 terrae
1320 731 1430 763 motu
1456 726 1666 763 concidisse

273 787 458 838 perhibet
483 791 516 828 E
527 803 578 827 us
590 791 664 828 ebi
675 805 702 828 u
712 804 730 829 s
765 791 914 830 Clz'ron.
948 806 995 829 ex
1020 793 1232 841 interpret.
1268 792 1326 828 St.
1359 793 1404 828 H
1413 793 1430 828 i
1440 805 1458 827 e
1469 806 1491 828 r
1502 806 1523 828 ο
1532 804 1592 840 ny
1602 793 1666 828 mi

273 852 368 893 edit.
412 855 621 895 Arnold.
667 857 875 895 Pontaci
923 854 1112 911 (Bur-dig.
1151 857 1271 895 1604.
1306 853 1399 907 sol.)
1447 869 1484 906 p.
1518 857 1592 894 149
1620 858 1666 904 B,

273 930 352 968 qua
373 918 422 957 de
440 933 486 959 re
505 921 603 959 nihil
622 922 780 960 aliunde
794 928 947 960 notum.
1002 923 1143 973 Neque
1170 923 1250 960 scio
1275 935 1371 960 num
1398 922 1520 960 verba
1546 922 1667 959 Hie—-

271 995 360 1021 ron
370 986 492 1034 ymi:
528 987 691 1025 Thebae
710 989 891 1039 Aegypti
919 1002 1039 1039 usque
1064 988 1124 1026 ad
1145 990 1275 1026 solum
1302 994 1462 1035 erutae,
1496 1000 1542 1024 re
1570 998 1666 1025 vcra

271 1047 322 1086 ad
344 1055 471 1089 terrac
501 1059 654 1091 motum
682 1059 872 1105 spectent.

382 1133 537 1172 Nostris
557 1136 670 1173 etiam
687 1137 929 1187 temporibus
948 1149 1028 1173 non
1046 1135 1185 1174 desunt
1204 1135 1344 1174 indicia
1356 1135 1552 1186 regiones,
1574 1147 1667 1184 quas

270 1195 491 1246 Euphrates
517 1200 724 1252 Tigrisque
763 1200 984 1252 perfluunt,
1024 1202 1118 1238 olim
1150 1214 1430 1252 saepenumero
1466 1197 1668 1238 tremuisse

269 1257 367 1309 (cfr.
399 1275 439 1301 v.
464 1265 600 1303 Hoff
623 1267 651 1303 l.
674 1267 702 1303 l.
732 1279 772 1316 p.
802 1269 878 1304 115
896 1264 1024 1317 sqq.),
1063 1267 1274 1317 pluresque
1305 1279 1348 1303 ea
1374 1266 1423 1304 de
1447 1280 1494 1303 re
1516 1271 1667 1303 exstant

270 1328 524 1367 narrationes.
581 1331 680 1368 Inde
708 1332 853 1370 sactum
886 1337 963 1381 est,
1008 1338 1052 1370 ut
1085 1331 1494 1381 Babyloniorum
1529 1331 1667 1381 placita

270 1402 579 1433 commemorare
604 1397 776 1446 potuerit
807 1396 1023 1445 Plinius,
1051 1397 1118 1447 qui
1140 1397 1301 1433 Histor.
1321 1403 1408 1433 nat.
1429 1397 1488 1443 II,
1508 1399 1558 1434 79
1579 1394 1664 1445 (81)

269 1455 451 1505 perhibet
479 1472 544 1497 cos
561 1461 830 1508 existimasse,
859 1469 990 1499 motus
1021 1468 1157 1498 terrae
1185 1461 1407 1511 hiatusque
1434 1469 1471 1496 et
1498 1467 1666 1497 caetera

271 1523 422 1570 omnia,
450 1525 496 1562 νί
515 1525 695 1563 siderum
712 1527 812 1575 fieri
822 1540 839 1572 ;
866 1524 935 1564 sed
961 1527 1123 1564 illorum
1139 1527 1283 1573 trium,
1313 1525 1459 1575 quibus
1474 1522 1665 1571 fulmina

270 1586 517 1637 adsignent:
541 1590 647 1643 fieri
668 1599 826 1638 autem,
857 1593 1083 1629 meantium
1113 1604 1203 1627 cum
1225 1591 1308 1627 sole
1334 1598 1410 1627 aut
1438 1603 1665 1640 congruen-

268 1650 394 1702 tium,
423 1662 459 1690 et
473 1657 652 1694 maxime
674 1658 788 1694 circa
808 1657 1021 1707 quadrata
1040 1656 1193 1693 mundi.

375 1729 531 1769 Primus
549 1732 793 1771 Graecorum
815 1730 1168 1784 philosophorum,
1199 1730 1249 1768 de
1269 1743 1346 1780 quo
1365 1730 1477 1768 nobis
1502 1731 1576 1768 erit
1602 1731 1664 1768 di-

267 1792 459 1841 cendumg,
497 1796 687 1836 Thales
716 1804 775 1837 est
800 1799 1002 1846 Milesius,
1045 1797 1095 1835 de
1121 1809 1198 1847 quo
1238 1794 1353 1833 Plac.
1382 1793 1662 1845 Philosophor.

266 1857 370 1906 apud
398 1858 735 1900 Plutarchum
763 1852 850 1911 111,
882 1865 946 1902 15.
987 1875 1028 1912 p.
1062 1866 1126 1900 90.
1165 1860 1224 1898 ed.
1255 1861 1482 1899 Comini:
1527 1859 1662 1911 Θαλῆς
1731 1874 1734 1878 ’

263 1918 337 1969 μὲν
365 1922 430 1962 καὶ
457 1922 714 1978 Δημόκριτος
750 1923 866 1965 1ὕδατι
902 1923 974 1976 τὴν
1012 1924 1141 1963 αἰτίαν
1175 1927 1255 1963 τῶν
1283 1926 1452 1974 σεισμῶν
1479 1922 1662 1976 προσάπ-

264 1999 412 2026 τουσιν.
468 1990 524 2028 At
546 1991 596 2029 de
615 1993 787 2039 ratione,
817 2004 892 2042 qua
911 1997 1040 2029 terrae
1059 1996 1189 2028 motus
1213 2003 1263 2027 ex
1281 1989 1452 2027 Thaletis
1470 1991 1661 2027 sententia

263 2050 380 2100 fiant,
418 2053 520 2093 nihil
548 2057 715 2107 amplius
740 2057 978 2108 exponitur:
1021 2055 1126 2107 quod
1165 2054 1344 2092 discimus
1383 2068 1433 2092 ex
1469 2056 1660 2093 Seneca

266 2119 433 2167 Quaest.
453 2129 590 2158 natur.
619 2123 691 2170 VI,
712 2126 746 2161 6.
804 2121 950 2160 Thales
971 2121 1074 2159 enim
1092 2126 1211 2158 totam
1231 2126 1377 2158 terram
1395 2119 1566 2157 subiecto
1582 2119 1660 2157 hu-

230 2191 235 2196 ’
262 2196 374 2221 more
404 2187 556 2235 portari
580 2193 619 2224 et
639 2188 813 2226 innatare
846 2187 1008 2224 censuit.
1065 2186 1146 2224 Csr.
1174 2186 1441 2224 Aristotel.
1471 2186 1521 2228 de*
1543 2186 1656 2221 caelo

262 2249 324 2296 ΙΙ,
349 2252 418 2287 13:
458 2248 495 2288 οἳ
524 2249 568 2289 δὲ
595 2249 654 2304 ἐφ’
685 2249 832 2298 ὕδατος
855 2252 1014 2290 κεῖσθαι
1046 2246 1129 2300 [τὴν
1155 2252 1227 2302 γῆν
1256 2250 1382 2303 φασι].
1412 2251 1553 2288 τοῦτον
1580 2245 1655 2300 γάρ

263 2310 525 2363 ἀρχαιότατον
563 2315 860 2370 παρειλήφαμεν
898 2313 967 2355 τὸν
1004 2313 1148 2367 λόγον,
1192 2311 1237 2353 ὅν
1265 2329 1387 2367 φασιν
1414 2314 1548 2362 εἰπεῖν,
1585 2311 1655 2351 τὸν

259 2373 402 2429 Θαλῆν
424 2377 495 2419 τόν
512 2380 735 2433 Μιλήσιον,
764 2379 818 2429 ὡς
837 2380 902 2420 διὰ
920 2379 965 2420 τὸ
985 2378 1144 2430 πλωτὴν
1165 2375 1260 2419 εἶναι
1286 2378 1494 2432 μένουσαν,
1524 2375 1653 2431 ὥσπερ

347 2530 546 2566 Ernesti.
592 2532 795 2567 Creuzer
825 2536 991 2566 Meletem.
1023 2534 1095 2566 crit.
1132 2533 1168 2574 1,
1198 2535 1253 2566 32.
1299 2520 1529 2565 Letronne
1559 2531 1653 2562 Essai

349 2597 405 2616 sur
428 2589 474 2618 'les
498 2587 584 2620 idem
609 2591 908 2632 cosmographiques
938 2591 993 2633 qui
1021 2601 1055 2621 se
1077 2589 1255 2620 munchen
1286 2599 1329 2619 au
1353 2597 1423 2618 nom
1448 2583 1584 2617 d'Ailas
1615 2584 1652 2617 in

348 2642 491 2673 Bulleir'n
515 2645 674 2676 universel
697 2645 753 2676 des
776 2645 934 2676 Sciences.
969 2638 1157 2676 Sect.V11.
1179 2643 1280 2675 Tom.
1302 2640 1418 2674 XVII.
1444 2650 1478 2681 p.
1494 2638 1559 2672 134
1577 2650 1652 2682 sqq.

349 2694 434 2727 Inde
450 2696 472 2727 S
486 2706 507 2728 o
520 2707 541 2739 p
551 2698 585 2730 h.
607 2700 760 2731 Trachin.
774 2699 838 2731 503
863 2698 1041 2740 Neptunus
1062 2696 1155 2729 audit
1168 2692 1341 2736 τινάκτωρ
1357 2693 1460 2738 γαιάσ
1474 2698 1508 2727 et
1529 2692 1606 2726 Pin
1616 2694 1650 2727 d.

345 2750 483 2808 Isfhmic.
495 2751 556 2792 lv,
571 2753 612 2784 32
625 2763 634 2785 :
660 2750 808 2795 κινητὴρ
823 2750 899 2794 γᾶς.
924 2752 1023 2784 Adde
1041 2752 1102 2784 Th
1113 2761 1134 2782 u
1145 2761 1196 2792 cy
1205 2750 1238 2783 d.
1250 2748 1277 2791 1,
1292 2749 1366 2781 128.
1389 2749 1470 2781 Pau
1482 2759 1507 2781 S.
1523 2748 1584 2791 IV,
1596 2746 1650 2784 24.

1745 2770 1747 2788 s

1750 2757 1753 2774 1
