1820 3158
144 353 359 396 -P·358‚8·
385 351 547 386 Bekk·-
622 352 718 392 LIB·
729 352 781 393 Π.
810 353 1014 393 CAP.111.
1075 354 1437 398 -p.342‚1··.ca³.—
1496 352 1554 395 81

122 466 186 506 καὶ
218 465 261 507 ἐκ
291 464 591 521 πεπυρωμένων
620 463 667 506 τὸ
698 463 931 518 λειπόμενον
955 464 1150 521 τοιαύτην
1176 464 1274 508 εἶναι
1294 470 1379 522 γῆν,
1413 470 1479 510 καὶ
1505 470 1556 524 δὴ

121 534 187 574 καὶ
215 532 290 588 τὴν
320 534 362 574 ἓν
391 536 441 589 τῇ
470 534 573 590 ξηρᾷ
604 531 880 585 ἀναθυμίασιν
907 536 1056 574 πᾶσαν.
1125 540 1193 576 25.
1223 533 1345 589 Αὕτη
1375 535 1453 591 γὰρ
1484 538 1610 579 καὶ25

119 601 333 657 παρέχεται
364 599 410 643 τὸ
441 598 544 642 πολὺ
574 603 695 642 τοῦτο
715 603 891 654 πλῆθος.
919 601 1165 656 μεμιγμένης
1182 601 1225 643 δ’
1245 601 1389 658 οὔσης,
1421 602 1555 660 ὥσπερ

119 667 292 722 εἴπομεν,
321 673 395 723 τῆς
415 685 458 710 τε
478 666 735 721 ἀτμιὸώὸους
765 666 1081 722 ἀναθυμιάσεως
1111 671 1176 711 καὶ
1197 674 1270 724 τῆς
1290 671 1426 724 ξηρᾶς,
1458 671 1557 714 ὅταν

120 740 352 791 συνιστῆται
381 737 438 785 εἷς
465 736 565 792 νέφη
597 737 661 777 καὶ
691 735 830 791 ὕδωρ,
878 735 1096 791 ἀναγκαῖον
1128 737 1561 795 ἐμπεριλαμβάνεσθαί

118 820 157 844 τι
193 807 356 858 πλῆθος
395 803 455 845 ἀεὶ
494 802 648 858 ταύτης
687 808 759 858 τῆς
798 802 1026 857 δυνάμεως,
1076 806 1141 846 καὶ
1177 806 1557 863 συγκαταφέρεσθαι

117 870 239 913 πάλιν
260 871 302 912 ἐν
321 878 407 920 τοῖς
435 869 585 922 ἱετοΐς,
617 873 682 912 καὶ
713 871 773 912 ἀεὶ
800 875 931 913 ταῦτα
959 873 1143 926 γίνεσθαι
1174 872 1279 915 κατά
1309 890 1399 916 τινα
1426 873 1554 927 τάξιν,

118 935 175 987 ὥς
212 938 409 992 ἐνδέχεται
450 939 627 993 μετέχειν
664 938 714 981 τὰ
754 939 936 980 ἐνταῦθα
976 939 1139 989 τάξεως.
1193 939 1294 982 ὅθεν
1322 942 1398 995 μὲν
1429 937 1555 997 οὗνῆ

116 1005 265 1060 γένεσις
294 1006 418 1048 ἔνεστι
449 1011 522 1048 τοῦ
553 1004 738 1062 ἁλμυροῦ
768 1007 810 1047 ἒν
838 1010 896 1062 τῷ
926 1005 1070 1057 ὕδατι,
1113 1007 1282 1064 εἴρηται.
1351 1015 1419 1051 26.
1463 1010 1544 1050 Καὶ
1557 1016 1609 1050 26

119 1072 186 1114 διὰ
214 1078 337 1116 τοῦτο
369 1073 420 1116 τά
458 1091 500 1116 τε
537 1073 652 1115 νότια
687 1072 820 1114 ὕδατα
859 1073 1090 1130 πλατύτεροι
1129 1077 1195 1116 καὶ
1226 1075 1277 1117 τὰ
1304 1081 1446 1132 πρῶτα
1474 1082 1555 1119 τῶν

115 1146 424 1197 μετοπωρινῶν·
470 1141 492 1183 ὅ
522 1158 564 1182 τε
592 1141 669 1196 γὰρ
701 1139 820 1189 νότος
858 1142 924 1182 καὶ
954 1145 1012 1198 τῷ
1041 1142 1204 1197 μεγέθει
1243 1145 1309 1184 καὶ
1347 1149 1405 1201 τῷ
1436 1145 1556 1187 πνεύ-

114 1226 213 1262 ματι
243 1207 519 1257 ἁλεεινότατος
538 1207 707 1262 ἄνεμος,
739 1209 804 1250 καὶ
826 1214 919 1250 πνεῖ
935 1207 1174 1264 ἀπὸοτόπων
1204 1213 1337 1266 ’ξηρῶν
1366 1213 1432 1253 καὶ
1452 1217 1555 1267 θερ-

113 1281 223 1330 μῶν,’
247 1275 349 1318 ὥστε
369 1276 463 1331 μετ’
488 1276 625 1331 ὀλίγης
645 1276 840 1330 ἀτμίδος·
874 1275 936 1318 διὸ
968 1278 1034 1318 καὶ
1058 1276 1218 1333 θερμός
1237 1279 1357 1321 ἔστιν.
1402 1287 1469 1323 27.
1494 1282 1546 1322 Ei
1556 1287 1609 1322 27

111 1344 190 1400 γὰρ
223 1345 288 1386 καὶ
318 1343 375 1398 μὴ
406 1348 610 1395 τοιοῦτος,
643 1343 736 1385 ἀλλ’
762 1343 864 1386 ὅθεν
895 1344 1059 1401 ἄρχεται
1089 1352 1199 1387 πνεῖν
1221 1346 1404 1402 ψυχρός,
1437 1348 1555 1390 οὐδὲν

113 1405 237 1466 ἧττον
276 1410 430 1468 προϊὼν
470 1411 536 1454 διὰ
570 1411 616 1454 τὸ
649 1411 1046 1468 συμπεριλαμβάνειν
1083 1413 1239 1468 πολλὴν
1278 1414 1556 1469 ἀναθυμίασιν

114 1479 241 1536 ξηρὰν
269 1480 313 1522 ἐκ
340 1483 423 1522 τῶν
453 1479 641 1535 σύνεγγυς
668 1479 806 1522 τόπων
834 1479 993 1537 θερμός
1022 1480 1152 1523 ἔστιν·
1184 1479 1205 1523 ὃ
1238 1482 1282 1524 δὲ
1305 1484 1455 1540 βορέας
1484 1482 1555 1525 ἅτε

114 1547 192 1603 ἀφ’
225 1545 359 1603 ὗγρίῦν
397 1547 537 1590 τόπων
576 1547 838 1602 ἀτμιὸώδης,
884 1547 946 1590 διὸ
977 1546 1161 1605 ψυχρός”
1206 1554 1264 1607 τῷ
1295 1549 1336 1591 δ’
1372 1550 1555 1592 ἀπωθεῖν

114 1698 272 1736 semper
305 1684 613 1736 concipiendum
645 1690 724 1731 est,
758 1685 851 1738 *eius
892 1685 1049 1736 generis
1090 1691 1261 1736 terram,
1305 1688 1484 1739 quinimo
1516 1694 1555 1727 et

115 1765 277 1790 omnem
311 1751 446 1797 aridae
479 1758 611 1790 terrae
646 1751 939 1791 exhalationem
979 1767 1212 1800 remanere,
1263 1756 1379 1807 quale
1407 1756 1452 1794 id
1484 1761 1554 1804 est,

115 1819 225 1871 quod
252 1832 303 1857 ex
329 1820 478 1858 adustis
500 1826 634 1858 restat.
696 1822 760 1859 25.
789 1822 848 1859 Ea
870 1821 976 1859 enim
1001 1820 1104 1859 hanc
1125 1821 1327 1873 ingentem
1347 1822 1554 1861 habituum

114 1888 269 1939 copiam
308 1887 550 1939 suppeditat.
633 1889 835 1938 Quoniam
867 1894 1000 1927 autem
1035 1889 1143 1927 inter
1175 1903 1239 1936 se,
1289 1896 1336 1929 ut
1365 1890 1555 1936 diximus,

113 1967 313 2006 vaporosa
343 1960 384 1993 et
412 1955 514 1994 sicca
541 1954 742 1994 exhalatio
772 1956 975 1995 admixtae
1001 1963 1114 2005 sunt,
1152 1970 1244 1995 cum
1269 1957 1312 1997 in
1338 1958 1487 1997 nubem
1517 1963 1557 1996 et

113 2036 252 2075 aquam
283 2023 558 2073 concreverit,
600 2023 731 2074 aliqua
761 2037 920 2075 semper
954 2023 1074 2063 huius
1109 2025 1307 2063 facultatis
1336 2026 1451 2077 copia
1478 2039 1556 2063 una

113 2088 510 2142 comprehendantur
540 2097 580 2129 et
610 2104 750 2130 rursus
778 2105 869 2130 cum
898 2089 1038 2143 pluvia
1064 2092 1251 2131 deorsum
1277 2093 1453 2138 feratur,
1482 2106 1557 2131 ne-

115 2170 222 2196 cesse
242 2164 323 2207 est,
349 2158 471 2210 idque
490 2172 650 2210 semper
681 2158 824 2197 ordine
853 2159 1026 2211 quodam
1054 2159 1165 2206 fieri,
1203 2160 1334 2212 quoad
1357 2174 1425 2210 ea,
1454 2174 1554 2212 quae

114 2222 182 2262 hic
208 2230 325 2274 sunt,
363 2226 548 2264 ordinem
579 2231 744 2277 possunt
771 2227 1026 2279 participare.
1084 2227 1207 2266 Unde
1231 2228 1353 2279 igitur
1386 2228 1430 2266 in
1458 2241 1558 2279 aqua

115 2291 240 2329 salsus
267 2305 387 2343 sapor
410 2294 594 2342 exsistat,
625 2293 776 2331 dictum
800 2301 870 2334 est.
938 2298 1006 2333 26.
1049 2297 1109 2333 Ac
1137 2301 1354 2346 propterea
1375 2295 1558 2333 Austrini

115 2358 288 2408 imbres,
319 2365 360 2397 et
381 2360 449 2411 qui
470 2361 759 2399 autumnalium
786 2362 906 2412 primi
941 2367 1056 2410 sunt,
1097 2363 1315 2400 salsiusculi
1346 2361 1556 2401 habentur.

115 2427 269 2466 Auster
304 2427 410 2465 enim
443 2433 483 2464 et
512 2428 786 2478 magnitudine
819 2435 858 2467 et
889 2428 987 2466 flatu
1022 2428 1283 2467 calidissimus
1316 2434 1463 2467 ventus
1488 2435 1559 2477 est,

116 2499 158 2532 et
179 2507 202 2532 a
224 2494 320 2532 locis
341 2494 454 2532 siccis
475 2494 688 2546 calidisque
713 2496 853 2546 spirat,
885 2509 1008 2546 quare
1027 2509 1119 2534 cum
1141 2496 1288 2547 exiguo
1307 2509 1475 2548 vapore,
1506 2497 1557 2535 ob

118 2575 286 2613 eamque
314 2575 402 2599 rem
430 2562 580 2600 calidus
610 2567 679 2600 est.
736 2565 800 2601 27.
831 2564 894 2602 Ac
916 2563 1098 2614 quamvis
1117 2563 1206 2610 talis
1231 2577 1311 2602 non
1335 2569 1458 2612 esset,
1490 2564 1560 2603 sed

117 2629 224 2668 unde
243 2629 397 2681 spirare
417 2629 573 2681 incipit,
591 2628 773 2680 frigidus,
793 2628 1055 2668 nihilominus
1074 2629 1231 2682 longius
1248 2631 1469 2682 procedens
1493 2646 1558 2671 ca-

116 2696 222 2735 lidus
243 2702 304 2735 est
312 2725 326 2742 ,
356 2698 465 2750 quod
490 2711 511 2735 a
530 2696 789 2749 propioribus
818 2697 916 2735 locis
946 2698 1119 2735 multum
1149 2698 1274 2737 siccae
1298 2698 1560 2737 exhalationis

117 2764 321 2816 corripiat.
380 2765 530 2816 Aquilo
550 2770 700 2814 antem,
731 2770 777 2802 ut
796 2764 864 2815 qui
883 2764 931 2802 ab
952 2764 1129 2803 humidis
1150 2766 1247 2804 locis
1267 2766 1403 2817 spiret,
1432 2779 1560 2817 vapo-

117 2844 209 2870 rum
237 2831 381 2883 plenus
408 2838 489 2881 est,
519 2832 570 2870 ob
592 2831 714 2883 idque
742 2832 927 2883 frigidus.
981 2832 1104 2882 Quod
1127 2846 1227 2871 vero
1247 2834 1467 2885 propellat,
1495 2832 1561 2871 hic

1283 2904 1306 2937 6
