1774 3198
425 371 646 413 LIBRUM
677 368 1006 410 SECUNDUM.
1063 367 1178 409 cAP.
1195 368 1225 407 1.
1465 360 1559 403 500

353 483 564 541 Confundi
583 492 631 523 at
649 485 740 523 illic
759 498 915 537 aequor
938 482 1149 522 immundo
1169 475 1353 530 a'luto‚

352 555 597 592 Memorant
615 554 768 590 vetusti
774 566 792 599 ;
819 565 979 603 semper
997 558 1126 603 atque
1144 548 1336 589 sordibus

362 622 420 659 Ut
426 620 696 673 succulentos
710 622 903 672 gurgites
925 619 1175 657 haerescere.

126 687 245 727 Adde
274 701 317 726 v.
348 692 429 728 209
449 701 534 740 sqq.
561 687 631 726 ubi
657 688 804 726 iterum
833 687 884 725 de
911 687 1021 725 luto
1047 686 1119 725 illo
1153 698 1286 724 sermo
1314 685 1372 724 fit.
1432 686 1563 726 Unius

125 756 283 805 addam,
311 770 412 808 quae
433 769 627 807 nusquam
653 754 756 794 hanc
782 756 825 794 in
855 769 943 794 rem
965 754 1053 793 vidi
1075 754 1264 801 excitata,
1303 753 1430 792 verba
1458 755 1564 793 Ior-

63 819 67 824 ’
126 823 306 863 nandis
336 824 386 861 de
411 823 498 862 reb.
521 824 649 867 Getis.
678 837 712 862 c.
735 826 769 861 1.
801 822 1079 875 (Muratori
1108 823 1208 860 Rer.
1228 819 1384 860 Italar.
1409 822 1564 873 Script.

126 892 247 930 Tom.
265 892 299 930 Ι.
319 905 360 943 p.
375 889 495 943 191):
525 890 685 929 Oceani
701 905 797 929 vero
826 889 1193 931 intransmeabiles
1220 889 1438 928 ulteriores
1447 889 1564 938 fines

126 972 210 996 non
238 959 368 997 solum
401 973 487 997 non
510 959 740 998 describere
770 960 864 1010 quis
892 971 1117 1011 aggressus
1145 965 1224 1006 est,
1260 971 1403 996 verum
1434 959 1565 995 etiam

125 1040 200 1063 nee
233 1028 434 1078 cuiquam
464 1027 584 1064 licuit
614 1027 920 1079 transfretare,
961 1028 1065 1077 quia
1100 1026 1316 1063 resistente
1354 1026 1483 1063 ulva
1524 1032 1564 1062 et

123 1101 400 1132 ventorum
427 1095 728 1144 spiramine
758 1095 1091 1146 quiescente,
1124 1093 1456 1143 impermeabiles
1481 1106 1565 1131 esse

123 1162 364 1199 sentiantur
382 1169 422 1198 et
440 1162 547 1199 nulli
563 1163 738 1213 cogniti,
767 1163 852 1199 nisi
869 1161 950 1198 soli
965 1162 1016 1209 ei,
1045 1162 1117 1212 qui
1134 1174 1203 1198 eos
1223 1162 1455 1200 constituit.
1480 1150 1483 1155 ¹
1511 1161 1565 1199 Et

125 1227 177 1265 de
196 1228 294 1267 ulva
319 1229 447 1280 maris
463 1228 713 1280 superficiem
736 1234 894 1279 tegente
918 1234 1033 1266 extra
1054 1228 1241 1267 Herculis
1263 1229 1467 1267 columnas
1483 1228 1562 1266 iam

123 1294 227 1333 bene
251 1295 435 1334 disseruit
463 1295 860 1348 Theophrastus
888 1293 1006 1334 Hist.
1022 1297 1161 1347 plant.
1183 1296 1259 1345 IV,
1278 1299 1319 1346 7,
1345 1300 1381 1335 1.
1404 1310 1443 1349 p.
1459 1296 1562 1336 141:

123 1359 166 1401 ἔν
185 1360 230 1402 δὲ
249 1365 300 1417 τῇ
319 1360 399 1411 ἔξω
430 1359 653 1418 (θαλάττῃ)
681 1365 738 1418 τῇ
762 1362 852 1417 περὶ
875 1358 1124 1416 “Ηρακλειάς
1154 1360 1306 1415 στήλας
1323 1360 1369 1403 τό
1394 1378 1435 1403 τε
1458 1361 1565 1417 πρά-

124 1443 211 1480 σον,
243 1427 378 1485 ὥσπερ
410 1427 565 1482 εἴρηται
583 1462 594 1480 ,
625 1427 769 1484 φύεται
801 1437 842 1469 et
868 1432 1004 1482 paullo
1035 1438 1126 1470 ante
1154 1433 1231 1481 IV,
1261 1434 1298 1480 6,
1324 1431 1363 1469 4.
1390 1445 1433 1484 p.
1459 1436 1563 1472 138:

121 1496 269 1550 γίνεται
309 1497 353 1537 δὲ
391 1496 433 1537 ἕν
468 1496 542 1548 μὲν
570 1501 621 1552 τῇ
650 1497 740 1552 περὶ
772 1493 1020 1552 (Ηρακλειάς
1059 1495 1212 1550 στήλας
1248 1496 1496 1550 θαυμαστόν
1524 1514 1564 1540 τι

121 1561 168 1604 τὸ
195 1562 371 1618 μέγεθος
380 1594 392 1613 ,
442 1562 499 1612 ὣς
528 1578 648 1620 φασι,
687 1565 755 1606 καὶ
783 1563 830 1605 τὸ
858 1562 1013 1612 πλάτος
1037 1566 1172 1618 μεῖζον
1211 1563 1236 1618 ἢ
1263 1568 1560 1608 παλαιστιαῖον.

121 1633 198 1671 Est
235 1635 408 1672 Fucus
444 1640 633 1673 natans
670 1635 758 1674 sive
793 1635 1082 1686 Gargasso,
1125 1634 1176 1672 de
1202 1649 1283 1687 quo
1323 1649 1456 1675 sermo
1494 1642 1564 1675 est.

123 1723 180 1730 —
209 1701 291 1739 Pro
320 1696 453 1740 ἅπνοα
479 1703 526 1741 Ε.
556 1702 721 1741 exhibet
751 1697 889 1741 ἄποια.
950 1682 1321 1754 ὀΙΥωΡίοᾶοτ.
1352 1704 1424 1742 fol.
1444 1707 1564 1753 29,⁴a

122 1781 201 1824 pro
242 1764 374 1807 ἄπνοα
413 1766 456 1807 δ’
495 1767 604 1809 ἐστὶν
639 1770 683 1808 in
721 1776 837 1808 textu
878 1769 1046 1822 praebet
1096 1764 1206 1809 ἁπλᾶ
1251 1766 1299 1809 (5²
1345 1767 1418 1810 ⁰in
1455 1769 1564 1811 ἐστιν

126 1841 168 1874 et
203 1835 246 1873 in
284 1836 616 1888 interpretatione
651 1838 812 1877 scribit:
858 1834 959 1877 ὅθεν
997 1835 1064 1876 καὶ
1093 1835 1168 1888 οὐχ
1197 1833 1352 1885 ἁπλοῦς
1380 1836 1465 1878 ἐστι
1496 1838 1563 1878 δια

123 1899 177 1942 τὰ
215 1900 349 1956 βράχη
389 1902 528 1958 (sic!).
562 1927 618 1936 -·
674 1906 742 1945 Ad
778 1906 905 1944 verba
944 1900 999 1952 ὥς
1027 1903 1069 1944 ἓν
1098 1905 1220 1961 κοίλῳ
1249 1909 1323 1959 τῆς
1350 1903 1564 1959 θαλάττης

124 1966 249 2022 οὔσης
287 1972 361 2011 cfr.
396 1972 644 2012 Problemat.
683 1975 857 2021 XXVI,
893 1976 930 2013 5.
966 1988 1006 2025 p·
1037 1974 1138 2023 940,
1159 1974 1206 2014 b:
1246 1971 1272 2026 ἢ
1307 1997 1363 2004 -
1404 1997 1456 2004 -
1495 1972 1565 2014 διὰ

121 2033 168 2077 τὸ
198 2037 255 2085 εἷς
283 2035 358 2090 τὴν
393 2036 609 2081 θάλατταν
647 2038 927 2095 ἀθροισθῆναι
967 2038 1039 2081 τὸν
1069 2038 1214 2096 ῥυέντα
1245 2040 1369 2094 ἀέρα,
1413 2045 1487 2082 τοῦ
1517 2041 1563 2083 δὲ

121 2102 179 2157 μὴ
210 2104 266 2152 εἷς
291 2104 366 2158 τὴν
390 2109 465 2159 γῆν
493 2111 613 2149 τοῦτο
646 2108 918 2149 συνίστασθαι
947 2108 1012 2148 καὶ
1031 2111 1106 2148 τοῦ
1122 2107 1396 2161 ἀνακάμπτειν
1426 2107 1562 2160 ἀπιόν,

124 2169 276 2223 αἴτιον,
322 2169 385 2212 ὅτι
412 2169 437 2226 ἢ
468 2172 661 2216 θάλαττα
690 2175 732 2215 ἓν
762 2175 884 2231 κοίλῳ
913 2174 1044 2225 ἐστίν,
1085 2172 1105 2216 ὃ
1132 2175 1177 2216 δὲ
1206 2174 1306 2231 ἀήρ,
1347 2174 1482 2231 ὥσπερ
1511 2175 1559 2218 τὸ

123 2234 237 2291 ὕδωρ
267 2236 330 2293 ῥεῖ’
354 2237 414 2279 ἀεὶ
443 2240 499 2287 εἷς
525 2240 572 2282 τὸ
607 2241 858 2283 κοιλότατον.
887 2266 943 2273 -
999 2245 1198 2295 Regiones
1227 2259 1371 2286 versus
1389 2247 1562 2286 Boream

124 2307 218 2344 sitas
237 2320 321 2345 esse
344 2308 550 2348 altissimas
567 2311 655 2362 ipse
672 2312 815 2350 Arist
826 2311 989 2349 oteles
1018 2319 1156 2350 monet
1173 2311 1380 2352 Problem.
1391 2314 1560 2364 XXVI,

127 2376 196 2413 15.
234 2388 277 2426 p.
300 2374 401 2423 942,
418 2389 464 2425 a,
494 2377 564 2415 ubi
589 2379 766 2429 quaerit:
810 2375 878 2417 διὰ
917 2377 959 2417 τί
993 2376 1135 2432 βορέαι
1182 2381 1359 2420 πλεῖστοι
1396 2378 1561 2421 πνέουσι

124 2442 207 2480 τῶν
236 2438 422 2493 ἀνέμων,·
460 2449 501 2482 et
522 2445 762 2497 respondet:
801 2442 826 2498 ἢ
857 2442 924 2485 διὰ
951 2443 998 2485 τὸ
1027 2442 1131 2500 πρός
1158 2444 1290 2503 τούτῳ
1319 2441 1392 2499 τὴν
1424 2447 1559 2488 οἴκου-

123 2505 248 2561 μένην
276 2511 334 2563 τῷ
362 2506 476 2565 τόπῳ
503 2506 745 2552 ὑποκεῖσθαι
774 2509 859 2553 ὄντι
876 2508 1040 2570 ὕψηλῷ.
1098 2516 1218 2555 Adde
1242 2517 1374 2568 Virg.
1407 2518 1559 2570 Georg.

124 2578 196 2627 IV,
219 2577 302 2616 242
322 2592 404 2630 sq.:
1464 2602 1468 2606 -

236 2645 422 2683 Mundus
446 2653 494 2683 ut
522 2646 584 2684 ad
599 2647 817 2699 Scythiam
834 2648 1123 2702 Rhipaeasque
1144 2651 1300 2689 arduus
1326 2667 1446 2691 arces

238 2713 478 2765 Consurgit,
502 2716 711 2764 premitur
728 2716 888 2767 Libyae
908 2717 1083 2755 devexus
1103 2719 1148 2755 in
1166 2716 1357 2758 Austros.

126 2775 207 2815 Adi
227 2780 446 2818 Meteorol.
466 2790 592 2820 veter.
618 2782 764 2822 Graec.
783 2791 824 2821 et
841 2785 1024 2823 Roman.
1047 2786 1120 2836 VI,
1137 2789 1201 2825 19.
1230 2793 1315 2825 not.
1338 2787 1376 2825 4.
1406 2803 1444 2841 p.
1462 2793 1555 2828 111.

126 2845 259 2884 Etiam
278 2847 616 2900 Empedocles
645 2849 748 2888 dixit
772 2851 954 2906 boreales
970 2853 1102 2904 plagas
1122 2867 1206 2893 esse
1226 2856 1348 2906 magis
1368 2856 1552 2906 elevatas,
