1760 3138
228 354 303 393 ET
328 354 544 393 OLYMP.
565 354 627 393 ΙΝ
636 353 835 393 ,ΑΒῙΒἸΣ
857 354 1188 394 METEOROL.
1216 355 1323 395 LIB.
1336 356 1391 396 11.
1460 348 1553 393 295

113 480 262 514 τακτος
289 465 357 507 καὶ
388 463 606 518 ἀνώμαλός
635 464 745 506 ἐστιν
767 462 960 524 ἡτοῦτου
980 462 1145 519 ἔπιτολὴ
1170 466 1237 507 καὶ
1255 465 1390 518 δύσις,
1421 467 1556 522 ἐπειδὴ

112 532 212 574 ποτὲ
236 532 312 586 μὲν
342 530 518 585 ἀνέμους
545 538 662 583 ποιεῖ,
692 533 792 575 ποτὲ
811 532 858 574 δὲ
884 533 1087 587 νηνεμίας.
1126 532 1344 588 ἀνώμαλος
1371 534 1419 577 δέ
1433 534 1555 586 ἔστιν,

113 599 249 654 ἐπειδη
279 600 346 642 καὶ
378 598 611 653 ἀνωμάλοις
639 598 767 656 ὥραις
794 606 906 642 ποιεῖ’
926 604 1002 650 τᾶς
1031 599 1198 657 φάσεις·
1227 598 1253 656 ἦ
1273 602 1348 655 μὲν
1365 599 1442 658 γὰρ
1471 602 1558 644 ἔπι-

112 668 213 725 τολὴ
243 668 371 711 αὐτοῦ
401 667 444 709 ἓν
474 684 533 725 τῳ
566 667 654 723 ἔαρι
672 670 709 722 *)
745 669 910 723 γίνεται,
941 666 1043 711 ὅταν
1070 665 1092 710 ὅ
1110 668 1227 723 ἥλιος
1254 669 1297 711 ἐν
1325 669 1464 727 ταῦρῳ
1493 669 1558 725 γε’-

111 753 245 791 νηται,
286 735 389 779 ὅθεν
418 737 484 778 καὶ
513 735 552 778 οἳ
587 737 768 778 ναυτικοὶ
806 736 1196 794 παραφυλάττονται
1224 736 1300 792 τὴν
1327 734 1481 794 ημέραν
1507 740 1559 780 κδ

111 808 186 846 τοῦ
215 803 389 858 Παχών,
423 802 490 846 ὅτε
519 804 666 859 γίνεται
697 801 723 858 ἢ
748 803 913 859 ἓπιτολὴ
932 808 1006 847 τοῦ
1020 803 1238 861 Ὠρίωνος,
1268 821 1334 847 πα
1340 805 1556 859 χίτιν**)

112 870 240 926 αὐτὴν
269 872 570 920 ἀποκαλοῦντες
601 871 669 913 διὰ
695 889 742 914 το
774 872 817 914 ἒν
845 875 904 929 τῷ
937 869 1095 926 Παχών
1123 871 1251 927 αὗτην
1285 873 1484 928 γίνεσθαι.
1530 870 1558 928 ἦ

111 940 156 981 δὲ
178 940 329 996 κρύψις
358 939 485 981 αὐτοῦ
514 938 636 980 πάλιν
664 939 707 982 ἓν
734 943 792 997 τῷ
814 939 1071 997 φθινοπώρῳ
1089 941 1249 995 γίνεται,
1283 938 1383 982 ὅταν
1405 937 1426 983 ὃ
1444 939 1559 995 ηλιος

111 1007 154 1048 ἐν
182 1011 242 1065 τῷ
271 1008 478 1065 σκορπίῳ·
509 1006 646 1061 ἐπειδὴ
677 1002 749 1049 οὖν
779 1007 822 1049 ἐν
851 1004 1085 1061 ἀν’ωμάλοις
1113 1005 1240 1063 ὥραις
1268 1007 1346 1061 ἔχει
1371 1006 1446 1058 τὰς
1474 1007 1558 1064 φά-

111 1091 214 1126 σεις,
255 1074 473 1130 ἀνώμαλον
502 1080 613 1116 ποιεῖ’
635 1075 703 1116 καὶ
730 1073 803 1116 τὸν
833 1073 935 1130 ἀέρα
964 1074 1070 1116 κατὰ
1098 1073 1196 1123 τούς
1224 1073 1411 1128 ἀνέμους.
1457 1074 1552 1122 ἀλλ’ι

110 1144 146 1184 εἷ
173 1144 240 1185 καὶ
269 1142 383 1198 λέγω,
423 1142 483 1185 ὅτι
513 1141 731 1196 ἀνώμαλον
757 1140 804 1183 τὸ
834 1140 907 1197 ἔαρ
935 1143 1018 1184 καὶ
1033 1141 1081 1185 τὸ
1112 1141 1406 1199 φθινόπωρον,
1455 1141 1550 1184 ἀλλ’

111 1209 187 1264 οὐχ
231 1208 397 1264 ὁμοίως.
452 1213 611 1264 μᾶλλον
651 1209 730 1266 γὰρ
780 1208 1000 1263 ἀνώμαλον
1042 1209 1090 1253 τὸ
1144 1209 1416 1267 φθινόπωρον
1452 1209 1554 1267 ἤπερ

108 1278 156 1320 τὸ
196 1277 442 1334 ἐἀρ“ἓπειδὴ
481 1278 525 1320 ἐν
552 1278 630 1332 μὲν
666 1281 725 1335 τῷ
764 1276 852 1334 ἔαρι
892 1276 1058 1334 ἄρχεται
1094 1278 1142 1320 τὸ
1180 1277 1342 1334 θερμὸν
1388 1278 1556 1335 ἐπικρα-

108 1352 191 1387 τεῖν
226 1341 292 1387 καὶ
329 1342 497 1399 ὁμαλῶς
534 1346 759 1402 ἐπικρατεῖ,
815 1345 915 1388 ποτὲ
954 1345 1030 1400 μὲν
1050 1345 1103 1402 †)
1158 1350 1304 1399 νικῶν,
1371 1347 1470 1389 ποτὲ
1509 1347 1555 1389 δὲ

106 1411 344 1495 ηπώμενον
366 1412 435 1456 διὰ
462 1413 511 1457 τὸ
542 1412 875 1497 δραστικώτατον
904 1411 1026 1456 ειναι·
1061 1414 1104 1456 ἓν
1133 1413 1179 1456 δὲ
1209 1418 1267 1472 τῷ
1298 1413 1554 1472 φθινοπώρῳ

107 1480 272 1535 α’ρχεται
296 1479 344 1524 τό
371 1481 535 1536 ψυχρὸν
563 1482 789 1539 ἐπικρατεῖν
819 1481 1070 1536 ἀνωμάλως,
1101 1483 1200 1524 ποτὲ
1217 1482 1293 1536 μὲν
1309 1479 1554 1536 ηττώμενον,

107 1549 206 1591 ποτὲ
243 1549 288 1591 δὲ
325 1548 637 1606 περιγινόμενον.
696 1550 763 1591 καὶ
803 1547 872 1590 δια
908 1553 1032 1591 τοῦτο
1070 1552 1229 1603 μᾶλλον
1259 1548 1476 1603 ἀνώμαλον
1504 1548 1552 1592 τὸ

109 1616 395 1673 φθινόπωρον.
426 1616 486 1673 ἐφ’
510 1614 572 1666 οἷς
594 1615 615 1659 ὃ
638 1615 870 1673 φιλόσοφος
897 1617 964 1658 καὶ
995 1617 1086 1671 περὶ
1115 1616 1287 1670 ετησίων
1317 1615 1552 1672 διαλέγεται.

108 1684 211 1739 φησὶ
239 1683 340 1740 γάρ,
372 1683 436 1727 ὅτι
465 1685 643 1739 γίνονται
667 1677 779 1725 οὗτοι
806 1681 962 1739 βόρειοι
989 1683 1095 1737 μετὰ
1123 1683 1272 1726 εἴκοσιν
1298 1682 1454 1741 ἡμέρας
1480 1688 1554 1739 τῆς

107 1754 277 1807 θερινῆς
303 1756 479 1808 τροπῆς,
513 1751 699 1794 τουτέστι
727 1752 818 1807 περὶ
846 1751 921 1806 τὴν
948 1755 1023 1794 τοῦ
1046 1751 1168 1801 κυνὸς
1195 1750 1397 1806 ἐπιτολήν.
1439 1769 1553 1807 τηνι-

108 1823 241 1870 καῦτα
267 1819 346 1875 γὰρ
375 1823 449 1874 τῆς
471 1818 612 1873 χιόνος
641 1818 840 1873 λυομένης
860 1819 1039 1873 γίνονται
1061 1814 1183 1874 αὖραι
1203 1820 1361 1875 ψυχραὶ
1381 1818 1550 1875 βόρειοι,

108 1888 154 1928 αἵ
175 1903 280 1936 τινες
306 1888 462 1943 ἐτησίαι
491 1887 686 1942 λέγονται.
716 1885 812 1927 ἀλλ’
837 1885 950 1936 ἄξιόν
980 1887 1088 1929 ἐστιν
1119 1887 1313 1942 ἀπορίας,
1342 1888 1385 1929 τί
1402 1887 1551 1942 δήποτε

105 1954 164 2009 μὴ
194 1955 237 1997 ἓν
264 1954 369 2012 αὐτῇ
397 1958 448 2011 τῇ
476 1958 622 2010 θερινῇ
648 1957 781 2010 τροπῇ
808 1955 987 2010 γίνονται
1017 1954 1056 1997 οἶ
1085 1954 1266 2010 ἐτησίαι,
1301 1953 1366 1997 ὅτε
1396 1952 1552 2009 ὅῆλιός

107 2023 193 2065 ἔστι
221 2022 326 2065 κατὰ
353 2022 539 2079 κορυφὴν
568 2023 610 2064 ἓν
637 2023 828 2079 καρκίνῳ.
865 2026 1087 2076 τηνικαῦτα
1116 2021 1194 2078 γὰρ
1226 2021 1485 2079 θερμότατός
1512 2021 1551 2063 ἔ-

108 2104 211 2133 στιν.
247 2093 282 2133 εἰ
312 2091 356 2133 δὲ
383 2088 665 2147 θερμότατος,
706 2089 843 2131 λύεται
870 2093 1029 2144 μᾶλλον
1056 2088 1149 2132 τότε
1178 2087 1203 2144 ἦ
1231 2090 1346 2143 χιών.
1394 2087 1450 2139 ὥς
1478 2085 1551 2132 οἷιν

107 2157 198 2199 τότε
227 2159 446 2213 λυομένης,
475 2161 635 2212 μᾶλλον
653 2157 746 2199 τότε
775 2157 853 2200 ε’δει
881 2159 1067 2213 γίνεσθαι
1094 2174 1192 2206 τους
1212 2158 1410 2211 ἐτησίους.
1446 2156 1551 2210 μετὰ

110 2224 155 2266 δε
181 2224 258 2279 τὴν
285 2225 456 2307 θερινὶν
479 2224 658 2281 τροπήν,
688 2225 823 2279 ἐπειδὴ
856 2225 1008 2279 ἀπέστη
1037 2228 1112 2266 τοῦ
1141 2223 1244 2265 κατὰ
1274 2223 1459 2280 κορυφὴν
1476 2226 1550 2279 †*)

109 2291 318 2347 γινόμενος
340 2293 383 2333 ἓν
402 2292 544 2342 λέοντι,
576 2291 859 2348 ἀμυδροτέραν
889 2292 967 2346 ἔχει
994 2290 1069 2345 τὴν
1095 2291 1343 2345 θερμασίαν.
1372 2294 1459 2339 πῶς
1479 2307 1551 2333 ουν

108 2358 202 2401 τότε
231 2360 407 2414 γίνονται
429 2360 510 2414 T†)
539 2359 578 2400 οἳ
607 2360 786 2413 ἐτησίαις
834 2358 859 2409 ἢ
894 2360 1085 2414 λέγομεν,
1128 2374 1191 2399 οτι
1214 2356 1422 2411 γινόμενος
1446 2357 1550 2399 κατὰ

109 2427 295 2483 κορυφὴν
321 2424 342 2469 ὅ
372 2425 487 2480 ἥλιος
512 2425 770 2481 θερμότατος
794 2426 869 2480 μέν
898 2427 1027 2475 ἔστιν,
1060 2424 1154 2466 ἀλλ’
1184 2423 1259 2477 οὐχ
1287 2423 1374 2478 ἅμα
1400 2429 1459 2482 τῷ
1485 2442 1550 2480 γε-

109 2495 257 2538 νέσθαι
283 2492 543 2550 θερμότατος
570 2492 653 2536 λύει
682 2494 748 2535 καὶ
776 2491 850 2548 τὴν
873 2492 1010 2547 χιόνα.
1038 2491 1142 2534 ἀλλὰ
1170 2492 1296 2534 δεῖται
1316 2492 1382 2534 καὶ
1395 2491 1551 2549 χρόνου

156 2638 195 2683 *)
217 2638 301 2674 Ald.
325 2634 419 2685 ἀέρι.

157 2705 213 2749 **)
236 2708 290 2741 Ita
311 2706 440 2741 Aldus.
486 2708 650 2742 Fortasse
675 2707 900 2742 scribendum
922 2705 1134 2750 παχωνῗτιν.

158 2771 206 2818 †)
227 2773 312 2808 Ald.
336 2770 496 2819 μήποτε.
672 2773 735 2820 ᾗῇ)
763 2775 820 2810 Sc.
841 2770 959 2808 τόπου
982 2776 1043 2810 vel
1064 2776 1222 2819 σημείου.

159 2839 233 2885 ††)
254 2841 337 2876 Ald.
366 2843 518 2888 γίνεται.
