1760 3138
473 319 696 377 LIBRUM
724 335 966 376 PmMUM.
1032 334 1152 375 CAP.
1181 335 1215 375 1.
1481 300 1578 372 319

136 451 372 502 Bekker5
415 451 492 491 etsi
521 451 626 491 liber
661 450 736 488 iste
772 449 846 488 vix
874 449 923 488 ab
951 448 1182 488 Aristotelis
1217 461 1339 488 manu
1372 449 1579 502 profectus

135 520 291 559 censeri
318 526 463 572 potest.
521 518 729 559 Tractavit
756 518 879 557 istum
902 518 1033 556 locum
1054 523 1169 570 pater
1188 530 1300 556 meus
1321 516 1364 556 iu
1384 531 1579 556 commen-

135 590 288 626 tatione
318 588 366 624 de
396 588 565 626 Eudoxo
599 587 743 626 Cnidio
778 600 818 638 p.
847 588 900 624 46
919 599 1004 638 sqq.
1038 606 1090 614 —
1119 587 1184 624 De
1206 585 1411 625 vocabulis
1439 584 1576 624 §taxo-

137 659 251 706 σμεῖν
280 661 322 694 et
345 652 613 708 διακόσμησις
648 655 721 694 cfr.
753 654 970 694 Balfour
998 659 1038 692 et
1067 653 1204 692 Bake
1232 652 1283 691 ad
1313 653 1575 692 Cleomed.

135 724 308 764 Meteor.
338 736 381 775 p.
403 726 499 763 256.
530 745 585 752 -
613 723 711 762 τῶν
750 719 1033 773 στοιχείων
1069 720 1171 760 τῶν
1202 716 1456 772 σωμάτων
1481 722 1576 774 legit

134 790 426 830 Gessnerus
457 790 737 842 Medit.plzye.
765 803 805 842 p.
830 793 867 829 3.

246 861 286 898 2.
329 859 422 909 τῆς
448 854 693 909 μεθόδου
721 853 920 908 ταύτης
948 856 1170 896 secundum
1197 857 1347 897 AleX.
1376 857 1404 896 i.
1427 870 1464 910 q.
1492 853 1573 897 πά-

132 937 208 976 σης
233 927 306 978 τῆς
334 928 507 980 φυσικῆς
537 924 825 979 πραγματείας.
863 925 1230 965 Vicomercato
1259 926 1572 977 praeferendum

129 993 317 1041 videtur,
341 1000 406 1033 *ut
437 985 659 1033 methodus·
686 1007 768 1032 non
797 993 848 1031 de
876 994 1065 1032 universa
1106 993 1278 1032 naturali
1316 992 1574 1046 philosophia

130 1061 377 1113 explicetur,
411 1075 558 1101 verum
578 1061 629 1100 de
648 1061 831 1110 scientia,
859 1074 959 1113 quae
984 1061 1037 1099 ad
1062 1067 1167 1099 astra
1195 1062 1470 1113 elementaque
1499 1063 1574 1101 ad·

129 1129 252 1178 tinet,
291 1130 401 1168 cuius
438 1143 578 1169 rerum
619 1142 718 1180 quae
745 1129 787 1167 in
816 1128 979 1167 sublimi
1005 1128 1109 1167 fiunt
1136 1129 1298 1167 scientia
1326 1143 1416 1181 pars
1447 1144 1572 1182 quae-

128 1196 221 1234 dam
259 1196 423 1246 dicitur,
483 1196 805 1249 quandoquidem
851 1196 1145 1235 elementorum
1189 1204 1282 1236 sunt
1328 1198 1569 1248 affectiones,

125 1269 406 1315 astrorumque
444 1265 623 1303 motione
663 1265 904 1303 excitantur.
978 1266 1126 1303 Totam
1154 1264 1277 1315 igitur
1306 1264 1357 1304 de
1385 1267 1500 1306 astris
1530 1274 1571 1306 et

113 1321 334 1381 'elementis
364 1332 601 1371 methodum
629 1332 742 1371 libris
770 1332 821 1371 de
839 1333 965 1382 coelo,
996 1332 1047 1371 de
1065 1333 1322 1384 generatione
1346 1339 1386 1372 et
1401 1334 1570 1374 interitu

125 1406 166 1438 et
191 1401 515 1452 Meteorologicis
541 1400 737 1439 contineri
761 1406 917 1450 censet,
945 1414 1064 1452 quam
1084 1401 1320 1440 sententiam
1351 1403 1569 1454 probamus

124 1481 216 1506 cum
246 1468 638 1521 Olympiodoro
674 1468 744 1507 fol.
777 1473 823 1518 3,
852 1468 891 1508 b.
959 1470 1024 1508 De
1052 1469 1249 1507 vocabulo
1278 1467 1463 1520 μέθόὁός
1493 1472 1568 1510 cfr.

123 1533 419 1574 Schnei-der
445 1536 496 1574 ad
528 1537 807 1575 Aristotel.
838 1536 1002 1575 Polite-c.
1024 1537 1100 1584 ΙΙΙ,
1127 1540 1160 1585 1,
1184 1541 1221 1576 9.
1253 1550 1294 1588 p.
1320 1539 1411 1575 168.
1450 1539 1566 1578 Zell

123 1602 175 1640 ad
200 1603 334 1641 Ethie.
359 1603 595 1641 Nic-emach..
628 1604 712 1642 init.
742 1617 783 1655 p.
803 1606 842 1642 3.
878 1624 934 1632 ·-—
979 1600 1104 1655 μέρος
1131 1617 1214 1642 non
1233 1603 1375 1654 legisse
1395 1604 1560 1645 videtur

121 1670 214 1719 Bag.
226 1683 318 1707 cum
338 1677 490 1709 vertat:
512 1672 730 1722 Reliquum
750 1679 884 1708 autem
900 1670 1020 1708 huius
1038 1671 1215 1710 methodi
1234 1680 1290 1710 est
1313 1672 1447 1710 adhuc
1465 1688 1565 1712 con-

120 1737 389 1777 siderandum.
437 1740 488 1778 A.
517 1739 658 1777 λοιπον
687 1735 735 1777 δέ
759 1752 796 1777 τι
822 1734 976 1790 ταύτης
998 1739 1070 1790 τῆς
1086 1738 1287 1790 μεθόδου,
1319 1740 1427 1791 quod
1447 1755 1568 1794 prae-

120 1805 212 1844 tulit
241 1806 360 1844 etiam
382 1807 431 1845 G.
453 1806 636 1857 quamvis
656 1812 696 1844 et
714 1802 882 1844 alteram
908 1806 1123 1845 lectionem
1145 1814 1448 1847 commemoret.
1480 1811 1567 1851 Cas.

120 1879 161 1911 et
182 1873 292 1925 Sylb.
319 1870 472 1925 ταύτης
499 1875 573 1925 τῆς
597 1870 800 1924 μεθόδου.
858 1873 1020 1912 Deinde
1051 1871 1089 1913 οἱ
1114 1871 1305 1928 πρότεροι
1337 1876 1386 1915 Α.
1412 1877 1451 1915 S.
1472 1877 1562 1917 cas.

120 1941 231 1980 Cam.
261 1942 351 1980 rell.
383 1943 456 1981 cfr.
486 1943 520 1991 1,
551 1945 596 1981 3:
626 1943 708 1981 τῶν
738 1937 937 1994 πρότερον
966 1937 1200 1995 ἀνθρώπων
1231 1949 1272 1982 et
1290 1943 1345 1982 ita
1365 1944 1453 1984 sere
1471 1945 1565 1984 ubi-

119 2021 197 2059 que
225 2009 390 2048 Arist.
421 2031 478 2040 -—
535 2009 632 2049 Cod.
662 2011 717 2049 N.
748 2015 890 2061 aperto
917 2009 1018 2047 vitio
1047 2008 1350 2063 μετεωρολόγον
1379 2008 1563 2054 ἐκάλουν.

116 2096 172 2103 -
194 2078 510 2130 Meteorologiae
529 2091 678 2117 nomen
694 2079 773 2116 iam
795 2078 865 2116 diu
885 2084 978 2116 ante
997 2078 1258 2117 Aristotelem
1282 2080 1325 2118 in
1347 2094 1420 2119 usu
1439 2082 1562 2121 fuisse

118 2142 235 2181 docet
254 2146 486 2192 contemtio,
506 2146 548 2184 in
570 2160 689 2198 quam
709 2146 886 2184 Platonis
906 2158 1007 2184 aevo
1028 2145 1193 2185 abierat.
1225 2147 1299 2186 cfr.
1320 2148 1487 2200 Coray
1510 2150 1562 2188 ad

116 2210 352 2261 Hippocrat.
383 2213 431 2250 de
451 2213 554 2261 abre,
584 2227 651 2264 aq.
673 2222 711 2251 et
731 2214 805 2251 loc.
835 2214 1019 2252 Tom.11.
1041 2226 1082 2264 p.
1101 2216 1167 2252 11.
1189 2236 1246 2242 -—
1276 2216 1392 2264 Quae
1412 2215 1561 2256 deinde

116 2283 338 2328 sequuntur
367 2280 494 2317 verba
523 2279 684 2319 diverse
713 2280 955 2319 exhibentur
982 2294 1005 2318 a
1025 2280 1148 2318 variis
1172 2281 1374 2320 codicibus
1405 2289 1445 2322 et
1470 2284 1559 2323 edi-

113 2345 304 2383 tionibus.
362 2347 416 2385 Η.
444 2347 500 2385 N.
532 2354 624 2398 post
651 2343 851 2398 σωμάτων
880 2347 1035 2386 addunt
1063 2343 1256 2399 κινήσεως
1286 2355 1326 2388 et
1352 2350 1407 2388 ita
1437 2352 1556 2392 etiam
1625 2402 1628 2405 Ι

114 2412 202 2450 cod.
233 2413 587 2452 Acoramboni
615 2410 633 2467 (
652 2416 763 2453 Vera
792 2429 900 2453 mens
931 2417 1098 2453 Aristoc.
1129 2428 1168 2466 p.
1191 2413 1316 2469 470),
1346 2418 1422 2456 nisi
1448 2420 1557 2470 quod

112 2480 167 2519 ibi
193 2479 305 2519 deest
324 2482 418 2532 τῆς,
450 2481 559 2533 quod
589 2482 708 2520 etiam
736 2484 788 2521 A.
816 2496 899 2521 non
926 2481 1059 2531 habet,
1087 2495 1219 2533 neque
1246 2486 1339 2536 Bag.
1367 2487 1557 2537 agnoscit.
1608 2490 1611 2493 ’

112 2549 152 2588 Α
163 2562 183 2587 c
194 2562 217 2586 ο
227 2562 249 2587 r
259 2562 282 2587 a
292 2562 331 2587 m
343 2549 366 2587 b
378 2563 402 2587 o
415 2564 443 2588 n
455 2564 480 2588 u
491 2563 509 2588 s
555 2549 684 2589 verba
730 2549 804 2587 ista
845 2548 925 2587 hoc
964 2548 1087 2587 modo
1135 2550 1420 2603 interpretatus
1469 2562 1528 2594 est
1542 2570 1554 2595 ε

113 2641 138 2663 ,,
154 2617 268 2653 Haec
286 2629 381 2655 vero
399 2627 493 2657 sunt
501 2646 514 2663 ‚
531 2631 646 2670 quae
664 2625 815 2654 natura
835 2616 996 2668 quidem
1019 2619 1217 2662 eveniunt,
1249 2619 1322 2657 sed
1338 2624 1468 2673 magis
1487 2626 1554 2661 ἰή-

114 2682 314 2728 ordinata,
331 2697 464 2735 *quam
482 2688 535 2723 sic
553 2694 682 2723 motus
691 2686 819 2734 primi
837 2684 1026 2724 elementi.
1054 2685 1205 2725 Addit:
1226 2688 1296 2726 Sic
1306 2698 1405 2738 puto
1426 2693 1550 2729 inter-

108 2751 350 2798 pretandam
367 2752 474 2791 lzunc
494 2754 639 2798 locum,
671 2760 714 2790 ιιι
745 2765 766 2788 c
779 2765 799 2789 ο
812 2766 834 2788 r
840 2765 1021 2802 porum
1050 2754 1254 2806 referatur
1279 2757 1339 2794 ad
1356 2766 1548 2797 naturam

111 2818 398 2869 inordinatam,
427 2829 556 2858 motus
583 2833 677 2858 vero
703 2820 905 2871 referatur
934 2820 993 2858 ad
1014 2824 1194 2871 primum
1221 2824 1478 2864 elementum.-
1508 2834 1548 2864 et
