1774 3184
195 349 271 388 ΕΤ
295 347 510 388 OLYMP.
539 346 602 387 IN
623 346 806 387 ARIST.
834 346 1161 387 METEOROL.
1189 345 1299 385 LIB.
1318 345 1351 384 1.
1415 337 1522 380 205¹

83 457 205 511 μόναι
226 457 415 514 καθάπερ
436 458 611 514 ’Ἄρατος
629 456 758 513 εἷ’ρηκε
774 456 824 512 ”).
855 458 920 499 καὶ
939 461 1061 498 τοῦτο
1080 461 1166 507 τοῖς
1193 456 1250 509 εἷς
1276 453 1382 498 αύτὰ
1409 454 1519 498 ἀπο-

83 526 278 578 βλέπουσι
307 528 505 583 φαίνεται.
537 524 558 567 ὁ
581 526 626 567 δὲ
645 530 718 568 τοῦ
741 524 981 574 Φαέθοντος
1008 529 1147 578 μῦθος
1170 525 1241 566 ἵνα
1266 523 1521 581 προσφόρως

84 599 136 650 τῇ
164 594 322 652 θεωρίᾳ
350 598 431 636 τῶν
457 593 671 649 μετεώρων
700 592 825 636 αὐτὸν
847 592 1148 645 ἀναπτύξωμεν,
1177 589 1372 640 σύστασιν
1393 594 1516 635 αἰνίτ-

85 663 236 702 τεσθαί
258 678 330 714 μοι
359 661 540 716 κομήτου
570 662 682 703 δοκεῖ
704 661 917 716 γενομένην
941 660 1053 709 ποτέ,
1090 659 1138 702 ὃν
1163 657 1281 714 ἡλίου
1310 661 1435 716 φασὶν
1461 657 1518 702 εἶ-

85 747 150 769 ναι
181 731 322 770 παῖδα.
364 729 408 770 ἐκ
436 728 512 784 γὰρ
542 727 758 783 πυρώδους
787 727 888 782 ὕλης
925 727 1266 782 ἀναθυμιωμένης
1292 724 1372 769 ὑπὸ
1400 725 1518 781 ἡλίου

85 796 158 850 τὴν
185 797 335 852 γένεσιν
368 795 457 849 ἔχει.
506 796 758 851 ἐπιθυμῆσαι
788 795 832 838 δὲ
860 793 907 837 τὸ
938 793 1050 852 ἅρμα
1077 799 1151 837 τοῦ
1178 794 1335 849 πατρὸς
1361 794 1532 848 gadam„

86 864 190 905 διότι
217 863 292 918 τὴν
320 862 449 918 αὐτὴν
477 868 536 921 τῷ
567 861 667 920 ἡλίῳ
698 863 875 920 φέρεται.
919 860 944 917 ἡ
975 863 1020 906 δὲ
1049 861 1223 912 ἄτακτος
1250 862 1378 905 αὐτοῦ
1407 864 1520 917 κίνη-

87 947 150 981 σις
178 933 244 973 καὶ
271 930 318 973 τὸ
347 931 405 985 μὴ
436 933 705 988 ι’σοδρομῆσαι
733 935 792 988 τῷ
815 931 960 985 πατρί,
1000 933 1059 987 τῷ
1086 928 1144 983 μὴ
1173 931 1375 984 ῗσοταχῶς
1401 937 1521 973 κινεῖ-

87 1003 190 1040 σθαι
220 1002 279 1055 τῷ
316 996 417 1055 ἡλίῳ
447 998 521 1040 τὸν
548 997 730 1053 κομήτην
736 1009 760 1048 ,·
793 998 899 1052 μηδὲ
925 996 972 1039 τὸ
1006 996 1246 1051 τεταγμένον
1283 1001 1357 1051 τῆς
1394 997 1520 1039 αὐτοῦ

87 1066 304 1122 φυλάττειν
331 1064 522 1120 κινήσεως
551 1068 680 1120 δηλοῖ.
711 1065 779 1108 διὰ
797 1065 844 1107 τὸ
862 1062 1152 1106 ὖπολείπεσθαι
1179 1068 1253 1106 τοῦ
1279 1061 1396 1119 ἡλίου
1423 1064 1521 1114 τοὺς

87 1133 268 1188 κομήτας
305 1135 371 1174 καὶ
409 1132 456 1175 τὸ
498 1132 672 1175 ἄτακτον
707 1137 780 1188 τῆς
805 1131 908 1186 ὕλης
935 1136 1018 1174 τῶν
1045 1129 1124 1174 ὑπὸ
1155 1130 1348 1186 σελήνην,
1391 1131 1434 1174 ἓν
1460 1129 1523 1182 οἷς

88 1199 290 1243 ἀδύνατον
316 1199 390 1254 τὴν
419 1199 493 1242 τὸν
523 1199 723 1255 οὐρανίων
751 1199 937 1250 εὐταξίαν
966 1200 1200 1256 φαίνεσθαι.
1242 1198 1290 1242 τὸ
1322 1200 1368 1242 δὲ
1395 1217 1524 1242 κατα-

88 1269 228 1325 φλέξαι
256 1268 358 1324 μέρη
387 1272 463 1310 τοῦ
492 1267 647 1321 κόσμου
674 1267 764 1310 τινὰ
794 1267 853 1309 δι’
876 1261 933 1310 ὧν
959 1264 985 1321 ἡ
1016 1268 1171 1322 κίνησις
1208 1266 1335 1310 αὗτοῧ
1373 1268 1523 1324 γέγονε,

88 1332 307 1393 σύμφωνον
335 1342 421 1385 τοῖς
449 1337 538 1392 περὶ
568 1339 756 1391 κομητῶν
783 1335 1034 1392 εἰρημένοις,
1073 1333 1136 1377 ὅτι
1166 1333 1333 1389 αὐχμῶν
1358 1337 1425 1378 καὶ
1456 1337 1524 1378 ἐκ-

87 1404 305 1460 πυρώσεως
332 1407 407 1446 τοῦ
436 1401 515 1445 ὑπὸ
547 1402 720 1458 σελήνην
743 1403 863 1459 ἀέρος
890 1405 964 1445 εἶσὶ
994 1402 1204 1459 τεκμήρια.
1249 1403 1354 1453 εἲκὸς
1382 1404 1427 1446 δὲ
1455 1405 1524 1446 καὶ

85 1473 289 1521 Πλείονας
313 1471 360 1514 τό
388 1488 431 1513 τε
461 1475 654 1526 συστῆναι
682 1469 864 1525 κομήτας
890 1472 957 1513 καὶ
986 1470 1225 1529 διᾴττοντας
1251 1472 1317 1512 καὶ
1346 1471 1523 1527 φλόγας·

88 1540 130 1589 ἐξ
159 1533 215 1582 ὧν
242 1537 264 1582 ὅ
290 1542 429 1593 μῦθος
460 1538 533 1581 οὐκ
560 1537 776 1587 ἀπιθάνως
803 1537 892 1592 ἴσχε
919 1538 996 1593 τὴν
1023 1538 1187 1594 γένεσιν.
1242 1541 1523 1594 Philopon.

87 1611 159 1650 fol.
182 1614 278 1659 100,
293 1610 336 1648 b.

199 1677 317 1724 VIII,
348 1678 388 1715 3.
442 1673 623 1727 Δῆλος
652 1672 704 1714 δὲ
732 1669 858 1726 ἡμῖν
886 1673 982 1719 πᾶς
1010 1667 1031 1712 ὃ
1062 1670 1278 1726 κύκλος,
1321 1671 1398 1715 ἀεὶ
1425 1673 1525 1732 γὰρ

91 1740 256 1788 αὐτοῦ
294 1739 522 1796 φανερὸν
557 1737 880 1794 ἡμικύκλιον
915 1742 1009 1793 τῆς
1035 1739 1334 1796 νυκτός”)]
1367 1740 1427 1783 Οὐ
1450 1759 1526 1784 κα-

91 1813 171 1857 λῶς
195 1823 332 1864 φησιν,
361 1805 423 1849 ὅτι
445 1804 591 1856 ἅπαςὸ
612 1805 758 1853 κύκλος
783 1809 858 1847 τοῦ
888 1806 1083 1856 ζωδιακοῦ
1113 1806 1238 1862 δῆλός
1267 1807 1352 1850 ἔστι
1382 1808 1450 1850 διὰ
1475 1809 1525 1852 τὸ

91 1878 311 1932 φαίνεσθαι
350 1875 462 1916 νυκτὶ
497 1872 732 1928 ἡμικύκλιον
762 1871 922 1915 τούτου.
968 1873 1015 1915 οὒ
1044 1874 1121 1930 γὰρ
1147 1873 1275 1929 μόνον
1300 1875 1348 1918 τὸ
1377 1873 1527 1931 ἡμικύ-

90 1947 201 1986 κλιον
240 1940 407 1997 ὁρᾶται,
453 1941 546 1983 ἀλλ’
579 1941 675 1990 ὅλος
705 1938 726 1982 ὃ
756 1938 903 1989 κύκλος
940 1940 1008 1983 διὰ
1043 1946 1117 1996 τῆς
1145 1942 1303 1993 νυκτός.
1349 1946 1415 1986 καὶ
1445 1944 1525 2002 γὰρ

89 2010 191 2065 μετὰ
221 2009 335 2051 δύσιν
364 2012 437 2051 τοῦ
466 2007 581 2064 ἡλίου
610 2007 653 2059 ἷὲξ
681 2007 854 2064 ὁρῶνται
886 2007 1009 2060 ζώδια
1028 2011 1094 2051 καὶ
1112 2009 1252 2053 λοιπὸν
1271 2012 1314 2054 ἓν
1331 2016 1383 2069 τῇ
1411 2015 1525 2056 νυκτὶ

91 2069 143 2120 τὰ
180 2075 382 2120 ὑπόλοιπα
418 2074 462 2127 (ἐξ
499 2076 602 2119 κατὰ
640 2077 765 2132 μέρος
803 2075 1072 2119 ἀνατέλλοντα
1109 2079 1336 2134 φαίνονται.
1382 2081 1425 2121 τί
1453 2076 1525 2123 οὗν

94 2145 263 2200 ῥητέον,·
309 2143 371 2187 ὅτι
399 2145 466 2186 καὶ
495 2143 599 2186 κατὰ
627 2144 674 2186 τὸ
705 2143 804 2186 αὐτὸ
835 2144 887 2186 3²!
905 2144 957 2200 τῇ
990 2146 1102 2186 νυκτὶ
1138 2145 1186 2187 οὗ
1227 2145 1401 2188 δυνατόν
1440 2148 1526 2190 ἔστι

93 2214 216 2253 πλείω
243 2215 453 2266 θεωρῆσαι
478 2216 560 2254 τῶν
590 2210 633 2261 ’ἐξ
653 2210 787 2263 ζώδια.
817 2213 1087 2265 διχοτομεῖται
1115 2212 1192 2267 γὰρ
1224 2211 1245 2256 ὅ
1276 2212 1421 2264 κύκλος
1448 2214 1525 2258 del.
1575 2245 1586 2254 .

96 2279 227 2321 ἰστέον
254 2279 300 2319 δέ
307 2308 320 2327 ,
360 2277 422 2319 ὅτι
451 2278 526 2332 οὐχ
555 2276 728 2334 ὁρῶνται
755 2271 901 2332 τὰι-[ῧΓ
922 2278 1068 2331 ζώδια,
1111 2279 1217 2321 ἀλλὰ
1243 2279 1352 2334 μόνα
1377 2281 1428 2324 τὰ
1462 2283 1527 2324 ἕν·-

97 2349 205 2388 δεκα.
252 2342 274 2386 ὃ
303 2343 379 2400 γὰρ
407 2343 521 2399 ἥλιος
547 2345 626 2402 πρὸ
657 2345 753 2387 δέκα
780 2346 894 2389 πέντε
921 2350 1076 2402 μοιρῶν
1105 2347 1338 2399 ἓπισκοτίζει
1366 2348 1414 2391 τὸ
1443 2350 1523 2408 πρὸ

141 2525 177 2569 ὓ)
204 2526 378 2559 leenom.
403 2523 471 2559 256
493 2535 571 2569 sqq.

142 2600 199 2642 **)
229 2599 310 2633 Hoc
332 2598 427 2633 enim
457 2599 566 2633 modo
588 2599 702 2633 verba
724 2600 926 2635 adornanda
952 2606 1046 2644 sunt,
1067 2600 1198 2636 misere
1224 2611 1388 2649 corrupta
1410 2611 1446 2641 et
1467 2606 1525 2642 di-

185 2658 339 2691 Iacerata
379 2656 471 2700 apud
509 2656 634 2700 Olym
644 2656 722 2699 pio
735 2657 757 2689 d
769 2667 791 2690 ο
802 2668 820 2690 r
830 2668 855 2690 u
865 2668 901 2690 m
932 2657 966 2691 A
977 2659 990 2691 l
1001 2659 1024 2690 d
1032 2657 1057 2691 i.
1120 2659 1226 2704 Quod
1247 2671 1352 2705 saepe
1375 2663 1523 2700 factum.

187 2714 242 2746 Ita
273 2713 378 2756 paulo
414 2717 495 2746 ante
527 2713 563 2745 h.
588 2713 614 2744 1.
650 2707 800 2746 ἅπαντα
828 2710 900 2758 yde
931 2711 970 2747 ἐν
993 2710 1092 2748 αὐτῶ
1115 2737 1270 2753 .....
1301 2714 1524 2762 πλανώμενα

189 2775 270 2803 sunt
291 2768 512 2809 Aristotelis,
549 2779 636 2812 quos
665 2768 792 2802 deinde
815 2769 947 2814 excipit
967 2772 1241 2807 ,commentarius
1268 2774 1523 2821 Olympio-

190 2825 306 2862 dori.
351 2825 445 2860 Vide
467 2825 511 2858 ad
535 2825 623 2860 Exc.
646 2827 680 2868 1,
705 2827 738 2869 5,
764 2829 797 2860 1.
