1820 3158
135 351 348 396 —1›·³⁵9‚b·
372 351 534 386 Bekk--
615 354 1011 395 L13.11.CAP.1v.
1046 329 1308 399 '-1›.³44,A..
1329 355 1455 396 ca,‚-
1505 349 1563 392 8⁶1

130 462 265 506 αῧτῶν
289 464 418 520 χωρὶς
446 463 489 506 ἓν
516 462 670 513 ἄλλοις.
738 465 805 507 48.
841 465 947 522 Περὶ
971 466 1050 519 μὲν
1080 460 1153 508 οὖν
1178 464 1341 510 ὑδάτων
1373 467 1439 508 καὶ
1469 470 1554 509 θα-
1566 468 1620 508 48

127 530 298 587 λάττης,
345 531 402 574 δι’
437 530 487 581 ἃς
503 532 648 581 ,αἰτίας
679 530 744 574 ἀεί
771 548 813 575 τε
841 537 1018 587 συνεχῶς
1045 535 1120 576 εἶσὶ
1149 536 1216 577 καὶ
1244 537 1330 584 πῶς
1356 533 1569 588 μεταβάλ-,

126 602 242 641 λουσι
271 600 337 642 καὶ
366 601 429 650 τίς
453 597 479 655 ἦ
510 598 634 655 φύσις
659 598 805 652 αὐτῶν,
832 599 890 644 ἔτι
919 602 966 644 δὲ
994 599 1129 645 ὁπόσα
1158 601 1278 657 πάθη
1308 601 1413 653 κατὰ
1441 601 1565 659 φύσιν

126 666 266 717 αὐτοῖς
303 668 513 721 συμβαίνει
545 674 672 711 ποιεῖν
699 667 726 723 ἢ
756 667 946 730 πάσχειῃ,
986 670 1143 726 εἴρηται
1174 669 1320 724 σχεδὸν
1347 668 1446 725 ἡμῖν.
1473 671 1565 727 περὶ

123 739 205 778 τῶν
231 736 442 778 πλείστων.
1315 739 1318 741 ’

233 807 308 846 IV.
366 804 474 860 Περὶ
502 804 547 847 δὲ
575 803 815 858 πνευμάτων
852 805 1051 861 λέγωμεν,
1100 803 1296 860 λαβόντες
1332 805 1463 863 ἀρχὴν
1489 805 1564 861 τὴν
1595 813 1614 848 1

122 864 336 926 εἰρημένην
363 869 464 926 ἡμῖν
492 871 571 927 ἤδη
592 871 813 930 πρότερον.
856 872 939 917 ἔστι
966 873 1045 931 γὰρ
1075 874 1149 917 δύο
1180 874 1267 928 εἴδη
1296 879 1372 928 τῆς
1402 874 1564 916 ἀναθυη

120 938 322 993 μιάσεως,
365 938 423 988 ὥς
451 956 608 996 φαμεν,
643 937 674 995 (1‘7
693 941 771 995 μὲν
798 940 926 999 ὒγρά,
964 940 991 996 ἦ
1019 942 1065 985 δὲ
1094 941 1211 999 ξηρά.
1251 945 1432 984 καλεῖται
1462 940 1504 983 δ’
1537 939 1563 995 ἦ

119 1007 196 1060 μὲν
226 1006 369 1062 ἀτμίς,
416 1005 442 1061 ἦ
473 1008 518 1050 δὲ
548 1008 596 1050 τὸ
634 1007 732 1051 ὅλον
766 1010 843 1063 μὲν
879 1008 1116 1063 ἀνώνυμος,
1163 1012 1223 1065 τῷ
1251 1008 1294 1050 δ’
1318 1009 1383 1050 ε’πὶ
1410 1009 1563 1066 μέρους

121 1074 274 1131 ἀνάγκη
300 1074 538 1131 χρωμένους
564 1074 754 1118 καθόλου
781 1077 1095 1134 προσαγορεύειν
1125 1075 1253 1131 αὐτὴν
1281 1073 1370 1125 οἷον
1392 1075 1561 1119 καπνόν.

121 1149 161 1184 2.
180 1141 296 1185 ’Ἐστι
324 1142 367 1184 ‹5'
392 1141 484 1185 οὔτε
502 1142 550 1185 τὸ
570 1141 695 1199 ὑγρὸν
725 1143 821 1187 ἄνευ
848 1150 924 1188 τοῦ
952 1148 1079 1202 ξηροῦ
1109 1144 1199 1188 οὔτε
1227 1143 1276 1187 τὸ
1307 1144 1434 1201 ξηρὸν
1464 1144 1560 1187 ἄνευ
1592 1153 1618 1187 2

119 1214 195 1252 τοῦ
227 1207 355 1266 ὖγροῦ
367 1242 378 1262 ,
429 1209 535 1252 ἀλλὰ
567 1210 703 1253 πάντα
740 1217 871 1256 ταῦτα
909 1213 1062 1270 λέγεται
1104 1212 1208 1255 κατὰ
1238 1211 1316 1267 τὴν
1342 1210 1559 1269 ὑπεροχήν.

118 1285 157 1321 3.
191 1278 426 1335 Φερομένου
456 1278 506 1333 δὴ
535 1282 612 1321 τοῦ
637 1277 756 1334 ἡλίου
787 1281 922 1339 κύκλῳ
930 1314 944 1334 ,
994 1282 1062 1324 καὶ
1092 1281 1193 1324 ὅταν
1232 1280 1308 1334 μὲν
1345 1281 1559 1336 πλησιάζῃ,
1592 1286 1616 1322 3

115 1350 167 1403 τῇ
202 1345 431 1403 θερμότητι
464 1345 687 1403 ἀνάγοντος
723 1347 770 1391 τὸ
806 1347 953 1406 ὑγρόν,
998 1349 1246 1407 πορρωτέρω
1277 1348 1323 1392 δὲ
1350 1347 1562 1404 γινομένου

116 1414 185 1456 διὰ
201 1413 276 1470 τὴν
297 1413 424 1468 ψύξιν
453 1415 748 1471 συνισταμένης
776 1417 897 1459 πάλιν
924 1421 1000 1472 τῆς
1027 1417 1278 1471 ἀναχθείσης
1306 1414 1479 1469 ἀτμίδος
1505 1415 1562 1464 εἷς

114 1482 228 1539 ὕδωρ
259 1483 340 1541 (διὸ
364 1484 565 1543 χειμῶνός
591 1502 634 1528 τε
661 1488 820 1540 μᾶλλον
848 1485 996 1541 γίνεται
1026 1485 1079 1528 τὰ
1106 1484 1261 1534 ὕδατα,
1302 1485 1370 1526 καὶ
1399 1482 1560 1538 νύκτωρ

115 1550 266 1607 ἥμεθ’
291 1549 468 1609 ἡμέραν·
498 1552 595 1595 ἀλλ’
627 1553 675 1596 οὗ
706 1555 821 1596 δοκεῖ
845 1552 912 1595 διὰ
940 1553 988 1595 τὸ
1022 1552 1242 1595 λανθάνειν
1268 1550 1322 1594 τὰ
1350 1549 1560 1606 νυκτερινὰ

117 1689 243 1740 Atqui
280 1702 463 1740 sapores,
510 1690 654 1742 quibus
693 1704 746 1728 ex
783 1691 1111 1742 temperamentis
1147 1689 1328 1727 oriantur
1342 1719 1352 1738 ‚
1392 1688 1558 1726 seorsim

117 1755 213 1794 alibi
241 1755 392 1795 dictum
414 1763 483 1796 est.
541 1756 611 1796 4-8.
640 1758 706 1796 De
731 1758 844 1810 aquis
871 1757 994 1809 igitur
1022 1764 1062 1796 et
1083 1757 1210 1807 mari,
1235 1769 1332 1808 quas
1353 1755 1405 1798 ob
1425 1769 1559 1794 causas

117 1828 316 1875 perpetuo
342 1825 674 1876 continenterque
694 1825 892 1875 existant,
924 1831 964 1864 et
984 1825 1323 1877 quemadmodum
1351 1829 1560 1863 mutentur

118 1897 160 1929 et
182 1904 283 1943 quae
309 1891 359 1929 sit
386 1906 529 1931 eorum
549 1899 711 1931 natura:
745 1900 953 1944 praeterea
972 1901 1068 1946 quot
1087 1895 1136 1932 iis
1156 1893 1307 1932 accidat
1325 1898 1467 1931 natura
1490 1903 1559 1929 sua

116 1960 342 1999 affectiones
371 1960 599 2013 producere
631 1966 672 1999 et
692 1961 797 2012 pati,
829 1961 1000 1999 maxima
1028 1962 1114 2001 sere
1153 1974 1205 1999 ex
1232 1966 1350 2012 parte
1384 1973 1409 1997 a
1440 1958 1556 1997 nobis

117 2028 268 2067 dictum
288 2034 358 2067 est.

175 2100 179 2105 '
230 2097 335 2135 CAP.
349 2097 424 2136 IV.
456 2096 521 2134 De
538 2097 819 2134 ventis-autem
837 2095 1029 2141 dicamus,
1046 2109 1094 2133 eo
1113 2096 1325 2147 adsumpto
1343 2094 1556 2146 principio,

118 2162 226 2214 quod
246 2164 325 2201 iam
345 2177 368 2201 a
385 2163 500 2202 nobis
519 2169 635 2203 antea
653 2163 907 2215 propositum
926 2168 998 2202 est.
1038 2165 1152 2202 Duae
1173 2164 1291 2211 enim,
1309 2169 1355 2200 ut
1367 2161 1556 2207 diximus,

121 2230 384 2269 exhalationis
403 2237 497 2269 sunt
517 2232 679 2283 species,
708 2230 834 2269 altera
853 2230 1029 2279 humida,
1061 2232 1186 2269 altera
1203 2232 1324 2269 sicca:
1351 2235 1471 2280 atque
1489 2229 1557 2266 illa

122 2297 285 2349 quidem
305 2311 460 2349 vapor
479 2298 640 2347 dicitur,
661 2297 759 2337 haec
776 2311 878 2337 vero
902 2311 1050 2349 genere
1065 2298 1226 2348 quidem
1245 2297 1411 2335 nomine
1430 2301 1556 2342 vacat,

122 2365 191 2404 sed
213 2378 284 2411 eo,
313 2365 423 2416 quod
445 2379 496 2402 ex
523 2371 639 2416 parte
667 2371 750 2415 est,
779 2371 962 2410 utentes,
993 2379 1079 2402 eam
1102 2365 1210 2415 quasi
1241 2366 1436 2402 fumum
1465 2363 1556 2402 uni-

122 2433 272 2472 versim
298 2445 460 2470 necesse
491 2438 551 2470 est
571 2433 838 2471 nominemus.
898 2436 934 2470 2.
974 2433 1062 2470 Nec
1091 2445 1193 2469 vero
1221 2431 1385 2469 humida
1413 2430 1557 2482 absque

121 2500 222 2538 sicca
242 2506 312 2547 est,
345 2513 419 2537 nce
436 2499 536 2537 sicca
555 2499 702 2550 absque
722 2499 900 2549 humida,
931 2499 1001 2537 sed
1023 2499 1156 2536 omnia
1173 2498 1272 2537 hacc
1293 2513 1344 2537 ex
1366 2513 1429 2546 e0,
1448 2498 1558 2550 quod

123 2568 294 2616 excedit,
315 2568 514 2606 dicuntur.
557 2571 595 2606 3.
616 2568 720 2606 Cum
739 2567 861 2619 igitur
881 2567 943 2604 sol
962 2567 1004 2604 in
1024 2566 1164 2604 orbem
1185 2566 1350 2616 feratur,
1371 2573 1411 2605 et
1426 2580 1555 2619 quan-

124 2635 178 2673 do
201 2635 364 2687 quidem
394 2635 561 2687 propius
590 2634 763 2680 accedit,
804 2635 938 2672 calore
964 2633 1174 2672 humidum
1195 2635 1369 2683 attollat,
1398 2623 1556 2686 quando

121 2703 279 2755 longius
298 2702 463 2749 recedit,
491 2715 622 2754 vapor
644 2702 820 2740 sublatus
838 2714 978 2740 rursus
998 2701 1042 2740 in
1062 2714 1202 2753 aquam
1224 2702 1268 2739 vi
1284 2702 1553 2753 refrigeratio-

124 2770 187 2808 nis
206 2776 454 2820 concrescat,
483 2769 635 2823 (quare
655 2769 788 2808 hieme
811 2768 936 2820 magis
963 2782 1086 2821 aquae
1114 2769 1342 2820 gignuntur,
1370 2776 1414 2808 et
1435 2775 1557 2808 noctu

122 2838 263 2889 uagis,
292 2841 410 2890 quam
426 2837 620 2889 interdiu,
650 2837 835 2890 quamvis
852 2850 934 2875 non
956 2836 1154 2886 videatur,
1184 2837 1294 2889 quod
1311 2852 1376 2876 res
1394 2843 1558 2876 noctur-
