1774 3198
422 323 644 379 LIBRUM
671 319 1004 363 SECUNDUM.
1061 321 1180 361 CAP.
1197 321 1267 362 Ν.
1461 311 1554 356 555

126 434 366 489 παυομένων
384 434 442 484 δέ,
461 443 502 476 et
519 437 574 477 ita
593 437 710 476 etiam
726 437 771 476 P.
792 435 868 475 nisi
883 434 992 488 quod
1009 433 1174 473 exhibet
1189 430 1418 485 παυόμενον
1436 430 1492 473 δέ.
1503 455 1558 463 -—

125 507 173 544 F.
192 507 310 544 etiam
330 505 495 558 praebet
516 498 818 558 ἀποκρίνασθαι
835 516 917 556 pro·
931 499 1224 555 ἀποκρίνεσθαι
1240 502 1390 553 inepte.

239 576 304 613 18.
323 565 404 612 ’καί
429 573 479 612 ab
508 573 624 611 initio
650 572 840 610 omittunt
865 570 914 610 E.
934 568 991 609 N.
1013 590 1070 599 --
1111 568 1167 616 εἷς
1190 565 1316 609 ταύτό
1347 570 1394 609 F.
1422 571 1475 610 H.
1502 568 1557 609 N.

125 640 272 680 Alex.
301 642 373 680 fol.
392 643 466 690 99,
488 640 524 679 b.
555 639 608 681 A.
631 640 743 679 Cam.
761 638 807 679 P.
828 639 867 678 S.
894 659 949 668 ——-
985 635 1224 688 παυομένων
1251 634 1384 677 αὐτῶν
1411 636 1559 691 γίνεται

126 709 178 747 Α.
209 709 328 748 Alex.

241 780 303 815 19.
333 776 554 828 Aquilones
578 783 619 816 et
637 777 806 816 Austros
834 774 1010 813 omnium
1037 779 1255 813 ventorum
1283 775 1562 827 frequentissi-

125 857 212 882 mos
244 844 424 895 spirare,
468 850 606 883 monet
641 844 760 881 etiam
802 840 1203 893 Theophrastus
1239 842 1289 879 de
1313 850 1421 882 vent.
1445 844 1493 889 .§.
1522 847 1559 882 2.

124 923 166 961 p.
192 914 294 949 758:
322 909 487 964 μεγάλοι
506 909 582 963 μὲν
600 907 676 964 γὰρ
698 906 823 963 ἄμφω
852 904 889 962 (ὅ
908 905 1027 956 νότος
1045 908 1110 948 καὶ
1132 904 1335 963 ὃβορέας)
1367 909 1432 949 καὶ
1450 911 1562 950 πλεῖ-

126 991 223 1017 στον
248 974 398 1031 χρόνον
425 979 602 1023 πνέουσι,
635 974 701 1017 διὰ
730 974 776 1016 τὸ
801 978 1082 1016 συνωθεῖσθαι
1111 978 1297 1016 πλεῖστον
1328 973 1429 1030 ἀέρα
1457 974 1562 1031 πρὸς

126 1042 276 1097 ἄρκτον
315 1044 380 1085 καὶ
415 1045 693 1099 μεσημβρίαν,
741 1042 919 1096 πλαγίων
956 1040 1084 1082 ὄντων
1111 1040 1214 1094 πρός
1239 1042 1314 1096 τὴν
1341 1046 1415 1084 τοῦ
1443 1041 1561 1097 ἡλίου

125 1109 260 1166 φορὰν
286 1110 360 1165 τὴν
389 1111 461 1152 ἀπ’
495 1111 702 1152 ἀνατολῶν
729 1107 791 1149 ἐπὶ
816 1106 995 1161 δυσμάς·
1025 1109 1236 1157 ἐξωθεῖται
1263 1109 1341 1165 γὰρ
1375 1110 1558 1152 ἐνταῦθα

123 1181 175 1233 τῇ
202 1181 275 1219 τοῦ
301 1176 417 1231 ἡλίου
447 1178 628 1231 δυνάμει.
667 1173 728 1218 διὸ
756 1176 822 1217 καὶ
851 1173 1102 1224 πυκνότατος
1134 1177 1200 1217 καὶ
1241 1177 1561 1233 συννεφέστατος

125 1242 265 1300 ὃάήρ·
295 1244 591 1300 ἀθροιζομένου
621 1243 661 1285 δ’
683 1241 750 1299 ἐφ’
784 1241 953 1296 ἑκάτερα
983 1246 1137 1284 πολλοῦ
1166 1244 1233 1300 καὶ
1261 1245 1409 1286 πλείων
1437 1242 1558 1299 5743&-

123 1328 185 1360 σις
213 1313 279 1356 καὶ
309 1312 570 1368 συνεχεστέρα
597 1312 744 1366 γίνεται
774 1309 1008 1358 πλεονάκις·
1051 1309 1130 1365 ἀφ’
1164 1303 1220 1352 ὧν
1251 1309 1303 1351 τά
1331 1327 1373 1352 τε
1403 1312 1556 1367 μεγέθη

121 1380 187 1420 καὶ
216 1377 242 1434 ἦ
273 1379 452 1432 συνέχεια
480 1380 547 1421 καὶ
575 1378 622 1420 τὸ
653 1380 816 1431 πλῆθος
845 1376 978 1418 αὐτῶν
1007 1379 1074 1418 καὶ
1093 1377 1190 1419 ἄλλο
1220 1377 1405 1419 τοιοῦτόν
1434 1378 1555 1422 ἔστιν.

121 1451 193 1488 cfr.
216 1448 248 1499 §-
272 1454 338 1489 10.
368 1452 586 1501 p.761..——
615 1445 661 1486 δέ
675 1453 767 1499 post
785 1443 842 1486 ἔτι
867 1448 1016 1485 omittit
1034 1450 1153 1486 F.-
1181 1449 1388 1500 τοῦτοΡΓο
1406 1450 1480 1487 τοῦ
1500 1448 1555 1488 Ν.

121 1540 177 1547 --
204 1518 361 1568 μᾶλλον
389 1514 442 1555 τὰ
470 1512 678 1566 πνεύματα
715 1529 790 1566 pro
827 1508 1006 1565 μάλιστα
1035 1511 1246 1566 πνεύματα
1274 1516 1322 1555 F.
1351 1506 1557 1572 Canu—2591

125 1585 214 1624 Cas.
236 1606 288 1614 -
319 1581 447 1636 αὐτῆς
474 1583 663 1621 omittunt
679 1583 727 1621 F.
748 1582 802 1620 H.
822 1581 878 1622 N.

236 1656 305 1692 20.
346 1652 502 1691 Ventos
530 1664 554 1688 a
584 1650 677 1688 solis
704 1649 861 1688 incessu
886 1649 1064 1701 pendere
1092 1651 1311 1691 secundum
1339 1651 1556 1692 Aristo-

121 1721 276 1759 telem
306 1732 358 1758 ex
386 1718 448 1757 his
472 1723 584 1770 patet
612 1722 653 1755 et
678 1717 822 1755 melius
850 1719 970 1756 etiam
1000 1719 1172 1757 elucebit
1199 1720 1344 1770 exiis,
1373 1733 1474 1772 quae
1490 1735 1556 1760 se-

123 1793 313 1839 quuntur.
379 1787 472 1825 Huc
497 1785 674 1838 pertinet
708 1785 821 1823 locus
859 1786 908 1824 de
934 1793 1128 1837 generat.
1158 1787 1334 1840 animal.
1369 1789 1443 1837 IV,
1474 1792 1553 1828 10:

121 1852 255 1907 ὥσπερ
284 1850 361 1907 γὰρ
390 1852 458 1893 καὶ
486 1849 700 1893 θάλατταν
731 1850 798 1890 καὶ
825 1853 961 1891 πᾶσαν
998 1847 1156 1906 ὁρῶμεν
1193 1849 1267 1905 τήν
1302 1854 1384 1894 τῶν
1421 1849 1555 1908 ὑγρῶν

121 1919 243 1977 φύσιν
272 1918 488 1973 ἱσταμένην
517 1918 582 1959 καὶ
611 1916 969 1970 μεταβάλλουσαν,
1008 1918 1075 1958 καὶ
1103 1917 1179 1971 τὴν
1206 1922 1289 1960 τῶν
1315 1919 1556 1974 πνευμάτων

120 1989 274 2042 κίνησιν
310 1987 376 2028 καὶ
406 1985 546 2027 στάσιν
576 1985 642 2026 καὶ
671 1984 743 2026 τὸν
772 1983 873 2039 ἀέρα
912 1986 978 2026 καὶ
1015 1985 1068 2026 τὰ
1096 1983 1306 2039 πνεύματα
1322 1987 1446 2033 ’κατὰ
1479 1988 1554 2043 τὴν
1596 2031 1602 2037 ,

119 2059 193 2096 τοῦ
222 2052 338 2109 ἧλίου
367 2054 434 2095 καὶ
462 2057 537 2107 τῆς
564 2050 735 2106 σελήνης
762 2052 973 2107 περίοδον,
1014 2050 1121 2094 οὕτω
1151 2054 1217 2094 καὶ
1245 2052 1298 2095 τοὶ
1316 2048 1373 2096 ’ἐκ
1398 2055 1554 2098 τούτων

120 2120 302 2177 φυόμενα
325 2121 391 2176 καὶ
417 2120 470 2161 τὰ
499 2121 540 2161 ἐν
568 2118 730 2167 τούτοις
758 2118 1001 2160 ἀκολουθεῖν
1031 2118 1258 2173 ἀναγκαῖον.
1312 2124 1472 2163 Lunam
1497 2126 1555 2164 ibi

121 2190 252 2239 addit,
279 2196 325 2228 ut
352 2187 754 2240 Theophrastus
798 2188 848 2225 de
873 2195 982 2226 vent.
1013 2189 1045 2239 ᾗ.
1068 2192 1134 2228 17.
1166 2202 1206 2240 p.
1232 2192 1335 2229 764:
1375 2195 1484 2231 ποιεῖ’
1507 2190 1552 2231 δὲ

120 2256 187 2298 καὶ
214 2251 239 2309 ἡ
270 2251 411 2307 σελήνη
439 2252 583 2305 ταύτά,
610 2252 714 2306 πλὴν
742 2251 818 2305 οὐχ
838 2250 1001 2306 ὁμοίως.
1035 2249 1121 2294 οἷον
1139 2251 1214 2308 γὰρ
1233 2252 1414 2310 ἀσθενὴς
1438 2255 1553 2310 ἥλιός

121 2322 221 2374 ἔστι,
253 2337 331 2376 qua
350 2323 401 2362 de
422 2337 469 2362 re
490 2322 666 2362 diximus
684 2324 859 2360 Meteor.
877 2329 958 2361 vet.
975 2325 1045 2371 ΙΠ,
1071 2326 1136 2361 11.
1167 2329 1251 2362 not.
1274 2327 1339 2363 12.
1368 2338 1410 2377 p.
1428 2328 1480 2365 58
1492 2339 1550 2378 sq.

121 2415 179 2425 —
207 2389 272 2431 ἐπὶ
302 2386 460 2442 δυσμὰς
484 2389 550 2429 καὶ
580 2385 782 2436 ἀνατολάς
809 2389 1036 2441 scripsimus
1061 2403 1152 2428 cum
1179 2391 1229 2429 E.
1258 2391 1311 2431 A.
1347 2392 1421 2431 οἷν.
1447 2393 1499 2432 ad
1515 2394 1550 2444 Ι,

121 2464 189 2507 12,
213 2462 281 2499 19.
336 2457 521 2509 Reliqui,
552 2456 696 2509 quibus
711 2455 972 2508 adstipulatus
994 2462 1053 2495 est
1068 2459 1115 2497 B.
1143 2454 1208 2496 ε’πὶ
1230 2464 1322 2498 ante
1342 2455 1552 2508 ,ἀνατολάς

119 2532 320 2581 repetunt.
342 2545 399 2555 —
429 2520 493 2564 διὸ
522 2523 589 2563 καὶ
616 2520 669 2563 τὰ
697 2521 798 2578 νέφη
828 2523 966 2562 addito
993 2522 1065 2562 καί
1088 2527 1137 2564 F.

233 2598 302 2633 21.
332 2590 400 2633 καὶ
425 2589 490 2631 ἐπὶ
518 2592 681 2644 τροπῶν
709 2590 767 2629 Ν.
787 2611 842 2619 ——
870 2604 913 2630 τε
929 2591 1120 2630 omittunt
1134 2594 1185 2632 F.
1203 2590 1259 2632 N.
1279 2613 1333 2623 —
1363 2589 1549 2647 ἀνάγεται

123 2658 170 2701 τὸ
197 2659 310 2716 ὕδωρ
339 2658 424 2700 ἄνω
453 2658 617 2698 exhibet
639 2660 712 2705 F..
740 2664 893 2697 mutato
914 2658 1058 2697 ordine
1079 2658 1305 2712 omissoque
1322 2674 1380 2700 τε.

235 2733 302 2770 22.
331 2726 414 2767 ἐπεὶ
442 2724 489 2766 τὸ
517 2726 703 2765 πλεῖστον
731 2727 786 2764 H.
817 2731 968 2778 mutata
994 2725 1038 2764 in
1054 2727 1262 2766 articulum
1290 2729 1483 2781 particula
1503 2726 1551 2770 δέ

126 2792 259 2847 ἐπειδὴ
279 2809 355 2848 pro
374 2793 455 2835 ἐπεὶ
480 2793 527 2834 δέ
549 2793 745 2846 Olymp.
758 2811 815 2820 -·-
843 2792 968 2843 Quod
985 2794 1165 2845 sequitur
1184 2793 1258 2846 μέν
1273 2795 1421 2836 omittit
1434 2798 1548 2837 E..-
