1774 3198
428 377 651 419 LIBRUM
678 375 1006 418 SECUNDUM.
1063 375 1179 417 cAP.
1197 375 1312 418 vm.
1483 367 1578 412 601

143 490 410 545 μάλιστα.“-
438 493 603 532 Nullam
624 492 718 531 anni
745 497 904 544 partem
931 503 1031 545 prae
1056 489 1222 543 reliquis
1246 494 1380 529 terrae
1407 489 1583 530 motibus

146 575 231 600 esse
249 562 466 613 insignem,
495 561 633 599 docuit
659 561 814 600 Kries
839 561 864 600 l.
885 560 914 599 l.
943 573 986 612 p.
1012 561 1151 599 5—8.
1198 557 1400 598 Hibernis
1419 564 1583 611 tempo-

146 630 258 668 ribus
277 630 412 668 nullos
431 629 521 668 fieri
547 635 681 668 terrae
701 634 902 667 tremores
921 628 1142 667 voluerunt
1161 630 1343 677 veteres,
1371 639 1414 667 v.
1431 640 1466 667 c.
1494 626 1521 666 S
1533 641 1582 666 e-

145 710 269 736 neca
300 698 468 748 Quaest.
486 704 628 737 natur.
650 697 724 744 VI,
745 700 780 746 1,
802 700 822 735 1
840 711 851 735 t
882 697 1102 748 Pompeios
1127 721 1250 734 ......
1273 694 1479 733 desedisse
1498 703 1583 734 ter-

146 780 220 803 rae
237 774 354 804 motu
367 785 424 794 ·-
448 765 710 804 audivimus:
741 777 841 816 quos
863 777 1020 803 vacare
1042 776 1071 802 a
1092 760 1175 801 tali
1195 762 1384 813 periculo
1403 764 1585 802 maiores

146 836 284 872 nostri
309 833 504 872 solebant
525 834 786 884 promittere.
844 832 995 872 Contra
1012 832 1118 870 inter
1138 830 1384 870 recentiores
1403 831 1584 881 fuerunt,

147 902 216 952 qui
236 901 411 940 hiemem
434 914 532 953 prae
549 901 714 952 reliquis
734 900 828 939 anni
848 901 1146 952 tempestatibus
1163 905 1297 938 terrae
1315 899 1490 938 motibus
1512 899 1587 938 ob-

146 970 311 1008 noxiam
344 975 598 1014 censuerunt.
627 975 673 1007 ut
699 968 965 1009 Bertrand
1001 967 1109 1021 apud
1140 967 1173 1006 C
1184 973 1295 1006 otte
1333 967 1377 1006 in
1404 968 1590 1007 Journal

148 1037 197 1075 de
218 1038 343 1089 Phys·
375 1038 495 1076 Tom.
516 1038 658 1077 LXV.
687 1051 726 1089 p.
751 1040 854 1087 161,
883 1037 963 1076 alii.
1014 1037 1149 1076 Etiam
1177 1036 1224 1075 le
1254 1036 1439 1074 Gentil
1469 1034 1588 1088 (Vo-

138 1118 278 1157 yages
306 1105 415 1144 dans
443 1105 502 1143 les
528 1118 636 1143 mers
665 1104 715 1142 de
738 1104 889 1162 Z'Inde.
906 1106 1046 1145 ‘Tom.
1072 1106 1127 1144 II.
1158 1117 1198 1155 p.
1223 1101 1333 1155 366)
1364 1103 1415 1142 de
1434 1105 1588 1143 maiore

146 1181 281 1212 terrae
307 1180 493 1212 motuum
522 1172 715 1211 Manillae
742 1173 967 1224 frequentia
997 1170 1176 1211 hibernis
1202 1171 1426 1221 mensibus,
1468 1185 1587 1223 quam

146 1241 307 1280 aestivis
336 1242 494 1280 locutus
526 1245 599 1278 est.
645 1260 697 1267 —
756 1240 879 1290 Quod
910 1239 1057 1279 deinde
1093 1239 1420 1278 Aristoteles
1459 1229 1587 1291 addit,

147 1310 326 1346 omnium
360 1307 704 1360 frequentissimos
742 1321 827 1347 esse
854 1321 955 1347 vere
983 1313 1103 1359 atque
1131 1314 1345 1356 autumno,
1387 1321 1433 1346 ea
1462 1308 1514 1346 de
1541 1323 1590 1348 rc

146 1377 343 1415 consentit
367 1375 574 1415 Plinius
602 1372 769 1414 Histor.
790 1382 934 1414 natur.
961 1376 1013 1423 H,
1034 1379 1100 1425 80,
1124 1378 1199 1413 82:
1227 1376 1284 1413 Et
1304 1381 1505 1413 autumno
1535 1390 1589 1415 ac

145 1457 240 1483 vere
267 1451 410 1482 terrae
433 1443 620 1482 crebrius
644 1450 883 1491 moventur,
911 1443 1021 1480 sicut
1038 1442 1159 1491 fiunt
1183 1441 1391 1492 fulmina.
1447 1444 1591 1483 Poste-

144 1512 257 1551 riora
275 1511 402 1550 verba
419 1517 600 1563 spectant
618 1510 670 1549 ad
697 1510 1012 1549 Aristotelis
1040 1511 1098 1561 11,
1121 1514 1161 1560 9,
1185 1513 1261 1549 21:
1290 1504 1404 1561 ἡμεῖς
1434 1508 1481 1550 δέ
1506 1525 1590 1565 φα-

146 1593 220 1630 μεν
247 1576 322 1630 τὴν
351 1575 481 1630 αὐτὴν
510 1573 610 1617 εἶναι
639 1574 763 1632 φύσιν
792 1575 856 1615 ἐπὶ
885 1574 962 1629 μὲν
989 1579 1064 1630 τῆς
1090 1578 1162 1630 γῆς
1187 1573 1356 1629 ἄνεμον,
1393 1574 1435 1618 ἐν
1465 1577 1510 1619 δὲ
1536 1581 1589 1634 τῇ

147 1647 198 1699 γῇ
226 1643 414 1697 σεισμόν,
462 1644 505 1685 ἓν
535 1643 580 1685 δὲ
607 1649 694 1692 τοῖς
727 1642 863 1699 νέφεσι
901 1641 1103 1699 βροντήν,
1158 1659 1260 1697 quae
1300 1646 1357 1684 sic
1391 1648 1590 1699 expressit

148 1714 354 1753 Plinius
383 1715 498 1754 Hist.
521 1721 614 1753 nat.
635 1715 693 1762 ΙΙ,
715 1717 792 1762 79,
826 1715 876 1752 81
920 1711 1083 1766 (omisso
1103 1719 1238 1752 tamen
1254 1720 1399 1764 vento,
1428 1714 1481 1753 de
1508 1729 1589 1767 quo

149 1782 268 1820 aliter
287 1782 411 1821 sensit
438 1788 557 1833 atque
585 1781 917 1820 Aristoteles.
946 1782 1021 1821 cfr.
1042 1781 1093 1820 ad
1112 1782 1154 1831 I,
1179 1779 1274 1832 13):
1304 1782 1453 1834 Neque
1471 1783 1594 1822 aliud

151 1856 214 1886 est
242 1850 288 1887 in
316 1856 434 1888 terra
460 1857 637 1898 tremor,
675 1844 802 1902 quam
836 1850 884 1887 in
911 1848 1019 1887 nube
1046 1851 1300 1887 tonitruum:
1338 1862 1416 1887 nec
1442 1849 1592 1889 hiatus

151 1917 292 1963 aliud,
322 1930 451 1969 quam
469 1931 594 1969 quum
611 1916 781 1968 fulmen
807 1918 990 1967 erumpit
1012 1917 1171 1955 incluso
1195 1917 1354 1967 spiritu
1384 1916 1588 1965 luctante,

151 1991 191 2022 et
210 1984 273 2022 acl
293 1983 532 2023 libertatem
551 1986 666 2023 exire
688 1986 856 2023 nitenti.
914 1983 1038 2035 Quod
1065 1984 1232 2024 fulmina
1252 1997 1354 2024 vere
1381 1989 1500 2036 atque
1518 1997 1593 2023 au-

150 2058 291 2090 tumno
319 2053 640 2104 frequentissima
670 2053 748 2101 ait,
785 2052 829 2091 id
858 2052 909 2091 de
937 2052 1106 2092 Graecia
1131 2058 1249 2104 atque
1271 2052 1384 2092 Italia
1411 2057 1521 2090 recte
1549 2065 1592 2090 se

150 2118 283 2159 habet.
339 2120 425 2160 Csr.
456 2122 603 2160 Voss.
644 2120 695 2159 nd
723 2121 869 2172 Virg.
902 2121 1052 2172 Geor-g.
1088 2121 1124 2159 I.
1156 2122 1235 2158 311
1258 2141 1315 2149 —
1335 2119 1432 2158 334.
1489 2119 1593 2158 Inde

153 2186 410 2226 Horatius
438 2188 493 2226 ait
521 2186 651 2238 (Odd.
672 2189 705 2234 I,
725 2187 765 2225 4.
788 2185 918 2239 init.):

212 2254 399 2293 Solvitur
429 2256 543 2292 acris
570 2252 709 2304 hyems
739 2261 872 2306 grata
901 2256 993 2293 vice
1022 2253 1136 2292 veris
1165 2260 1207 2291 et
1236 2254 1423 2303 Favoni,

299 2321 571 2372 Trahuntque
597 2321 737 2358 siccas
765 2321 992 2359 machinae
1020 2321 1222 2368 carinas-5

210 2387 305 2426 lam
333 2388 540 2439 Cytherea
568 2386 717 2425 choros
745 2387 866 2425 ducit
896 2385 1061 2434 Venus,
1091 2389 1332 2427 imminente
1353 2389 1509 2438 Luna;

296 2455 552 2507 Iunctaeque
578 2455 789 2508 Nymphis
820 2456 1001 2494 Gratiae
1030 2455 1220 2494 decentes

213 2522 388 2561 Alter-no
409 2529 568 2561 terram
586 2524 785 2574 quatiunt
803 2522 933 2575 pede;
963 2523 1075 2563 dum
1098 2536 1295 2575 graves
1322 2522 1598 2576 Cyclopum

302 2589 579 2629 Vulcanus
608 2589 810 2629 ardens
839 2592 957 2629 urit
985 2590 1285 2644 officinas.

158 2657 367 2697 Arrian.
407 2656 515 2708 apud
552 2656 690 2696 Stob.
724 2658 872 2710 Eclog.
893 2658 1018 2710 phys.
1044 2660 1076 2698 Ι.
1116 2670 1159 2710 p.
1194 2662 1300 2699 610:
1342 2659 1522 2699 πλεῖστοι
1551 2657 1599 2698 δὲ

161 2722 345 2776 κεραυνοὶ
370 2715 471 2777 ἦρος
488 2721 554 2763 καὶ
567 2721 816 2777 ’μετοπώρου
845 2723 912 2763 καὶ
929 2721 1017 2776 ἅμα
1039 2722 1252 2780 βιαιότερα
1273 2725 1367 2781 περί
1383 2741 1426 2767 τε
1442 2723 1601 2767 Πλειά-

163 2788 234 2836 δος
262 2789 328 2830 καὶ
348 2787 596 2845 Ἀρκτούρου
625 2787 826 2843 ἐπιτολήν,
856 2787 920 2831 ὅτι
939 2789 981 2832 ἓν
1003 2789 1152 2844 κινήσει
1183 2791 1249 2833 καὶ
1272 2791 1491 2846 παθήμασι
1519 2808 1602 2834 πο-

164 2856 356 2899 λυείδεσιν
383 2854 405 2899 ὃ
436 2854 517 2913 ἀὴρ
543 2860 595 2913 τῇ
624 2855 712 2916 ὥρᾳ
740 2856 869 2910 ἐστίν,
910 2855 977 2900 οἶα
1009 2857 1059 2914 δή
1090 2857 1182 2902 οὔτε
1211 2856 1290 2901 ὑπὸ
1321 2858 1431 2916 κρύει
1467 2875 1604 2912 πεπη-
