1774 3198
363 350 641 393 ADDENDA
670 349 746 388 ET
780 349 1164 391 CORRIGENDA.
1385 340 1476 384 641

139 463 232 506 δεῖν,
261 463 323 499 ubi
345 464 593 499 Bekkerus
617 473 697 498 cum
721 462 883 498 omnibus
908 461 1090 497 codicibus
1115 460 1278 496 exhibuit
1301 456 1364 495 δεῖ.
1410 463 1481 496 Re-

139 522 315 566 spondent
338 520 433 555 enim
455 520 567 556 verba
590 519 824 567 antegressis:
860 517 955 554 εἶναι
981 515 1052 564 γάρ
1076 515 1162 563 ἤδη.

48 579 178 613 Ρ.186.
207 584 281 614 not.
306 579 368 612 ult.
391 594 436 602 —
461 576 609 624 Corrige
632 573 687 619 **)
709 587 775 621 pro
798 574 842 620 *).
888 577 1075 611 Praeterea
1106 577 1151 611 de
1175 574 1480 610 Diocletiani

137 647 220 670 aera
246 635 318 682 egit
352 633 562 670 Crusius
594 635 636 668 de
662 632 792 678 epochis
814 646 872 668 seu
897 635 983 667 aeris
1004 640 1186 677 temporum
1214 640 1245 667 et
1272 635 1480 678 imperiorum

136 691 246 728 Basil.
273 691 351 727 sine
374 701 468 726 anno
495 689 674 735 (apparuit
704 688 815 734 1578)
838 692 871 726 8.
894 702 930 735 Ρ.
954 691 1116 725 73-80.
1164 689 1235 737 Qui
1259 689 1349 726 liber
1371 702 1479 736 quum

136 750 246 783 multa
270 748 450 783 contineat
475 747 587 791 utilia,
611 746 742 782 iniuria
763 758 860 782 nunc
881 748 960 783 fere
981 748 1165 796 neglectus
1188 753 1253 783 est.

45 824 62 831 ·
86 805 164 840 187.
187 807 213 841 l.
235 808 292 840 23.
321 826 368 832 —
401 807 498 853 Lege
530 804 756 840 draconis·

46 882 64 888 -
87 863 166 898 198.
189 867 264 897 not.
278 862 382 906 †·1†).
402 881 449 890 —
481 862 610 897 Adde.-
635 862 699 897 cfr.
723 872 828 906 supra
851 873 887 906 p.
912 862 991 898 179.

46 919 169 954 -.199
193 925 266 954 not.
277 917 328 963 *).
350 936 394 944 —-
417 920 514 966 Lege
535 919 600 955 foL
621 919 678 962 59,
688 919 711 953 b
739 929 806 963 pro
828 919 894 953 fol.
914 918 972 961 56,
990 917 1014 951 b
1040 922 1077 952 et
1101 916 1210 951 adde·
1245 916 1313 950 cfr.
1335 921 1411 952 not.
1433 917 1478 951 ad

133 976 302 1020 Excerpt.
327 978 364 1020 1,
390 978 451 1020 13,
476 979 531 1010 11.
558 988 593 1021 Ρ.
616 976 698 1011 251.
737 975 860 1011 Vett.
887 964 1067 1010 Valens
1100 975 1191 1018 apud
1215 973 1410 1012 Salmas
1436 975 1478 1007 de

136 1044 222 1066 anno
249 1035 427 1067 climac-ter.
451 1045 487 1078 p.
503 1034 584 1070 623.
606 1033 849 1079 Seyfferth
874 1034 1010 1075 system.
1028 1034 1163 1067 Astron.
1179 1033 1323 1075 Aegypt.
1339 1032 1476 1078 quadri-

133 1089 586 1135 partit.Part.11.p.194.

41 1146 161 1181 -199.
186 1146 278 1182 134
295 1167 341 1173 —
362 1149 433 1181 Pro
454 1147 718 1192 Oenopides
739 1144 878 1181 Chius
901 1145 982 1192 lege
998 1143 1302 1189 Hippocrates
1327 1144 1474 1180 Chius.

41 1221 60 1228 -
83 1203 163 1236 200.
187 1209 263 1237 not.
287 1201 335 1248 *).
368 1223 414 1230 —
453 1202 579 1238 Adde:
614 1205 731 1250 Quum
754 1201 824 1236 iam
846 1203 917 1236 hoc
943 1201 1028 1235 satis
1047 1200 1172 1234 mirum
1197 1200 1263 1243 sit,
1296 1203 1403 1237 lunae
1428 1204 1472 1237 ab

131 1259 464 1304 Olympiodoro
488 1261 744 1295 carbonaceum
763 1257 871 1292 tribui
890 1258 1061 1296 colorem,
1086 1259 1199 1290 multo
1219 1264 1337 1293 tamen
1359 1259 1473 1306 magis

128 1315 265 1351 mireris
289 1317 497 1351 Vettium
519 1316 766 1351 Valentem
790 1313 882 1358 apud
907 1311 1115 1346 Salmasium
1138 1315 1179 1346 de
1197 1326 1273 1350 ann.
1295 1317 1474 1350 climac-ter.

128 1384 163 1416 p.
189 1373 256 1407 620
295 1374 400 1406 lunae
433 1367 587 1415 ἀερῶδες
609 1368 758 1415 χρῶμα,
792 1371 888 1414 quod
911 1369 996 1414 quid
1017 1368 1085 1403 sibi
1107 1369 1196 1404 velit
1226 1371 1361 1406 nemini
1388 1372 1474 1407 satis

127 1434 292 1463 constare
317 1437 462 1469 censeo,
498 1433 558 1461 aut
578 1426 900 1471 Porphyrium
923 1425 962 1459 in
984 1425 1262 1462 Ptolemaei
1293 1431 1472 1465 Tetrabibl.

126 1486 210 1528 (cfr.
239 1485 263 1518 S
277 1485 362 1529 eyf
370 1485 506 1518 sarth
530 1485 592 1518 1.1.
614 1496 650 1528 p.
666 1483 732 1525 12)
758 1478 937 1528 πράσινον
960 1479 1087 1529 χρῶμα
1109 1483 1334 1519 tribuentem.

37 1562 53 1568 -
75 1544 154 1577 201.
179 1543 204 1576 1.
218 1543 330 1576 32.—
353 1542 468 1587 Quam
489 1541 664 1576 rationem
687 1540 792 1575 unice
817 1551 895 1574 esse
918 1550 1042 1574 veram
1061 1539 1226 1575 coniiciat
1250 1541 1376 1587 aliquis
1398 1554 1474 1579 non

125 1597 202 1632 sine
225 1597 303 1632 iure
327 1609 374 1632 ex
397 1597 519 1633 verbis
542 1600 585 1631 de
605 1602 698 1632 caelo
719 1598 768 1639 ΙΙ,
792 1600 846 1632 10.
871 1609 905 1642 p.
919 1597 1052 1638 291,b:
1078 1594 1119 1630 ἐκ
1142 1594 1216 1632 τῶν
1237 1601 1319 1642 περὶ
1342 1594 1472 1644 οἶστρο-

124 1652 250 1700 λογίαν
272 1654 510 1699 θεωρείσθω·
535 1652 679 1699 λέγεται
701 1651 772 1699 γάρ
793 1650 944 1694 ἱκανῶς,
968 1653 1178 1697 comparatis
1199 1665 1279 1688 cum
1300 1653 1356 1697 iis,
1382 1668 1472 1701 quae

126 1710 294 1756 deinceps
318 1715 512 1756 sequuntur
546 1721 578 1746 c.
601 1713 656 1744 11.
688 1723 723 1755 p.
747 1712 833 1754 291,
852 1711 894 1744 b:
930 1709 986 1744 ἔτι
1014 1705 1052 1743 δ’
1068 1708 1202 1755 ὁμοίως
1228 1710 1297 1753 μὲν
1321 1707 1471 1748 ἅπαντα

123 1770 186 1802 καὶ
210 1766 269 1810 ἕν,
303 1764 327 1811 ἦ
352 1763 390 1801 δὲ
416 1764 548 1811 σελήνη
572 1763 753 1802 δείκνυται
776 1763 851 1800 διὰ
881 1763 970 1800 τοῖν
1002 1770 1113 1814 περὶ
1145 1765 1230 1811 τὴν
1260 1765 1374 1813 ὅφιν
1409 1764 1470 1804 ὅτι

125 1819 380 1870 σφαιροειδής·
410 1818 449 1858 οὗ
471 1820 542 1869 γὰρ
566 1819 613 1858 ἂν
638 1821 773 1869 ἐγίνετο
795 1819 1020 1868 αὐξανομένη
1043 1827 1106 1858 καὶ
1125 1824 1308 1869 φθίνουσα
1332 1822 1378 1860 τοὶ
1402 1825 1471 1869 μὲν
1498 1869 1503 1872 ξ

122 1877 276 1915 πλεῖστα
298 1877 491 1925 μηνοειδὴς
515 1876 540 1924 ἢ
559 1877 798 1925 οἶμφίκυρτος,
823 1875 926 1920 ἅπαξ
949 1876 987 1914 δὲ
1008 1876 1209 1924 διχότομος.
1232 1883 1306 1914 καὶ
1329 1882 1388 1915 ποί
1399 1879 1470 1917 λιν

125 1932 202 1969 διαὶ
225 1933 314 1970 τῶν
337 1932 705 1983 ἀστρολογικῶν,
729 1932 790 1970 ὅτι
812 1932 875 1970 οὐκ
898 1933 945 1970 ἂν
962 1930 1056 1980 ἦσαν
1078 1933 1121 1970 αἱ
1141 1935 1208 1970 τοῦ
1228 1934 1330 1980 ἡλίου
1355 1936 1469 1973 ἐκλεί-

110 1995 209 2036 'wne
230 1990 432 2036 μηνοειδεῖς
459 1998 495 2028 et
518 2004 598 2027 clun
621 1991 677 2035 iis,
702 2003 792 2036 quae
817 1993 981 2039 leguntur
1005 1993 1052 2034 11,
1078 1991 1133 2027 14.
1157 2005 1193 2037 Ρ.
1205 1996 1286 2036 297,
1301 2005 1337 2028 a:
1364 2007 1468 2039 μαρ-

121 2048 226 2093 τυρεῖ
250 2045 288 2083 δὲ
313 2046 452 2086 τούτοις
477 2052 540 2085 καὶ
570 2046 618 2083 τὰ
651 2045 753 2093 παρὰ
788 2045 861 2083 τῶν
881 2046 1158 2094 μαθηματικῶν
1179 2047 1358 2094 λεγόμενα
1381 2054 1467 2095 περὶ

119 2102 190 2149 «ἦν
217 2101 465 2152 α’στρολογίαν.
511 2105 600 2141 cum
626 2105 823 2148 posteriore
846 2107 928 2141 loco
958 2107 1022 2140 cfr.
1049 2108 1090 2138 ‹Ie
1113 2113 1202 2149 part.
1224 2108 1358 2141 animal.
1383 2108 1415 2150 Ι,
1431 2110 1466 2142 1.

120 2173 158 2206 Ρ.
182 2162 263 2205 639,
279 2162 320 2195 b:
345 2161 520 2207 καθάπερ
541 2159 577 2195 οἱ
596 2162 853 2205 μαθηματικοὶ
870 2159 917 2196 τὰ
942 2164 1023 2206 περὶ
1045 2159 1114 2204 τὴν
1137 2157 1373 2206 αὀτρολογίαν
1394 2159 1466 2197 δει-

120 2212 297 2251 κνύουσιν.
344 2217 384 2250 Id
409 2223 543 2252 certum
566 2223 632 2260 est,
659 2215 844 2262 perperam
865 2218 924 2252 hic
946 2217 1021 2252 illic
1043 2218 1154 2253 verba
1176 2216 1379 2253 Aristotelis
1406 2219 1466 2255 iu-

119 2274 263 2307 tellecta
291 2284 370 2308 esse
393 2273 460 2314 ita,
493 2273 594 2319 quasi
617 2274 661 2307 ad
686 2273 798 2308 libros
825 2285 846 2308 a
869 2285 908 2309 se
934 2274 1014 2318 ipso
1040 2274 1255 2318 compositos
1284 2277 1464 2323 ablegasse

120 2329 316 2372 videretur,
343 2329 404 2364 ubi
426 2329 515 2364 nihil
537 2330 625 2365 fecit
648 2330 760 2374 aliud,
785 2330 855 2365 nisi
876 2337 916 2365 ut
938 2336 998 2365 aut
1019 2332 1064 2365 ad
1087 2331 1236 2366 aliorum
1259 2341 1380 2377 opera,
1404 2339 1463 2368 aut
1492 2368 1502 2384 0

120 2387 166 2420 ad
188 2386 298 2430 ipsam
320 2386 504 2421 scientiam
526 2392 740 2431 provocaret
763 2399 800 2423 v.
822 2398 855 2422 c.
882 2390 923 2422 de
943 2390 1051 2432 spirit.
1074 2388 1109 2432 5,
1134 2400 1158 2433 p
1193 2387 1270 2431 483,
1286 2390 1308 2423 b
1335 2390 1463 2435 (siqui-

121 2444 202 2477 dem
225 2442 316 2478 liber
338 2443 398 2478 ille
421 2449 475 2478 est
497 2443 804 2487 Aristotelis,
831 2456 900 2490 qua
923 2446 968 2479 de
993 2456 1033 2480 re
1056 2445 1256 2480 dubitamus
1282 2458 1362 2480 cum
1388 2448 1462 2482 Pa-

121 2499 268 2534 tricio
294 2503 444 2535 Discuss.
461 2504 641 2545 Peripatet.
668 2503 698 2543 Ι,
721 2500 756 2536 4.
780 2514 815 2546 Ρ.
827 2501 893 2544 44)
918 2501 956 2536 in
978 2502 1096 2538 verbis
1123 2499 1280 2546 φανερόν
1306 2498 1397 2537 δ’ἕκ
1420 2515 1461 2538 τε

120 2553 196 2591 τῶν
224 2551 418 2600 α’νατομῶν
441 2555 536 2591 εἶναι
563 2563 598 2592 et
621 2571 655 2603 q.
683 2570 713 2592 s.
737 2568 811 2592 non
834 2559 879 2592 ad
903 2558 1012 2592 libros
1038 2559 1082 2593 de
1107 2559 1303 2602 anatomia,
1338 2561 1459 2604 quales

119 2613 164 2647 ab
189 2612 384 2648 Aristotele
418 2614 559 2649 aliunde
593 2620 711 2650 tamen
741 2619 877 2649 constat
910 2616 1090 2659 profectos
1117 2626 1196 2650 esse
1219 2614 1285 2660 (cle
1305 2620 1457 2661 respirat.

120 2680 152 2704 c.
177 2670 233 2704 16.
256 2681 292 2714 Ρ.
314 2669 395 2714 478,
408 2682 440 2706 a.
461 2674 552 2706 Hist.
575 2675 674 2706 anim.
698 2671 729 2714 Ι,
754 2674 807 2707 17.
831 2683 866 2716 Ρ.
885 2669 967 2714 497,
986 2683 1017 2707 a.
1040 2672 1104 2715 1V,
1133 2675 1163 2706 1.
1187 2684 1223 2717 p.
1245 2673 1324 2716 525,
1338 2685 1370 2707 a.
1392 2675 1457 2718 Vl,

117 2727 175 2760 10.
200 2738 236 2771 Ρ.
261 2727 386 2770 565,a.
411 2727 475 2769 VI,
502 2730 555 2764 11.
576 2740 611 2773 p.
635 2729 714 2768 566,
735 2739 768 2763 a.
802 2730 844 2761 de
866 2736 955 2772 part.
979 2731 1111 2763 animal.
1133 2730 1183 2772 11,
1211 2732 1244 2768 1.
1276 2741 1310 2774 p.
1333 2730 1412 2774 650,
1423 2734 1464 2765 a:

120 2782 188 2824 111,
200 2782 234 2818 5.
260 2795 295 2828 p.
310 2783 390 2824 668,
403 2783 436 2817 b.
459 2784 527 2825 IV,
553 2787 607 2819 10.
629 2797 665 2830 p.
676 2786 756 2825 689,
770 2796 802 2820 a.
826 2786 868 2818 de
888 2797 998 2827 gener.
1021 2787 1121 2820 anim.
1147 2786 1212 2829 IV,
1227 2788 1259 2821 1.
1283 2798 1318 2831 p.
1331 2785 1410 2829 764,
1421 2799 1452 2821 a.

122 2848 271 2881 quorum
286 2841 447 2876 locorum
469 2842 661 2876 nonnullos
684 2840 840 2877 laudavit
861 2840 931 2875 iam
955 2842 1012 2876 Pa
1025 2841 1210 2877 tricius
1233 2845 1452 2887 DismPerip.

1099 2889 1149 2928 41
