1774 3198
301 367 395 411 542
514 372 959 414 COMMENTARIUS
987 373 1049 412 IN
1073 374 1474 415 METEOROLOG.

300 491 433 523 torum
454 483 626 528 theoria,
657 495 773 533 quam
790 479 1110 521 Aristoteles
1133 483 1271 522 infhoc
1291 485 1418 536 capite
1436 488 1642 536 proposuit
1661 496 1698 526 et

297 552 339 589 in
358 549 625 600 sequentibus,
653 550 769 599 longe
793 549 980 587 recedens
1006 550 1074 588 illa
1101 564 1122 588 a
1142 551 1384 602 reliquorum
1403 552 1605 601 virorum,
1632 555 1699 604 qui

299 617 348 655 de
375 616 504 654 ventis
531 616 598 653 vel
624 615 753 654 obiter
779 616 844 654 vel
873 629 923 653 ex
950 617 1112 654 consilio
1138 617 1330 667 scripsere
1358 619 1580 667 sententiis,
1617 620 1697 658 imo

298 684 413 721 etiam
432 695 455 718 a
475 680 775 732 Theophrastea
795 687 834 719 et
849 682 896 719 ab
914 682 994 730 illa,
1024 695 1138 733 quam
1158 691 1308 722 secutus
1326 690 1384 722 est
1403 690 1538 723 auctor
1556 687 1699 723 sectio-

296 750 356 787 nis
373 750 523 787 XXVI
541 748 853 795 problematum,
882 749 967 787 sive
993 749 1025 786 is
1042 749 1091 787 sit
1110 750 1193 800 ipse
1215 750 1465 797 Aristoteles,
1498 752 1583 790 sive
1603 752 1700 790 alius

298 815 456 866 quidem
474 815 774 864 Peripateticus,
802 815 968 852 fortasse
991 815 1305 866 Theophrastus,
1335 818 1492 867 quicum
1512 817 1554 855 in
1572 818 1700 868 pluri-

298 883 372 920 mis
391 881 441 919 ad
458 881 624 919 verbum
645 886 756 918 tenus
776 882 998 919 consentire
1018 881 1326 933 deprehenditur
1337 881 1391 934 '‘),
1421 897 1511 921 cum
1531 883 1700 934 denique

297 963 318 986 a
335 949 512 996 nemine,
542 953 729 999 quantum
751 947 934 998 equidem
965 949 1044 986 scio
1054 976 1066 994 ,
1097 949 1189 986 satis
1206 949 1349 988 diserte
1369 956 1408 987 et
1428 949 1598 988 dilucide
1617 957 1700 988 tra-

297 1022 396 1052 ctata
420 1015 470 1052 sit
488 1014 583 1052 haec
610 1015 804 1065 quaestio,
833 1021 878 1052 ut
902 1027 982 1052 non
1010 1015 1189 1065 pluribus
1213 1017 1308 1054 locis
1335 1016 1408 1053 sibi
1432 1015 1700 1054 contradicere

297 1082 480 1119 videatur
500 1081 617 1119 Aris
629 1081 830 1130 toteles‚
858 1095 927 1132 age
945 1087 1200 1119 retractemus
1215 1083 1302 1125 ista,
1332 1095 1430 1133 quae
1448 1084 1700 1134 exposuimus

297 1147 512 1184 Meteorol.
532 1154 655 1185 veter.
677 1147 745 1184 Gr.
764 1155 803 1184 et
820 1148 939 1185 Rom.
967 1149 1047 1196 ΙΙΙ,
1068 1149 1129 1186 11.
1152 1162 1192 1200 p.
1217 1150 1267 1187 55
1282 1171 1331 1177 -—-
1347 1151 1409 1196 58,
1442 1155 1486 1186 et
1499 1149 1591 1187 solis
1610 1149 1701 1187 Me—

297 1213 626 1263 teorologicorum
650 1213 870 1250 insistentes
896 1213 1023 1261 libris,
1052 1214 1147 1263 quid
1174 1215 1348 1252 voluerit
1368 1216 1599 1253 Aristoteles
1628 1228 1701 1252 ex-

295 1293 497 1330 ponamus.
526 1280 651 1316 Pauca
665 1279 743 1316 iam
762 1279 838 1317 huc
863 1280 1097 1330 pertinentia
1126 1281 1397 1330 praemisimus
1414 1282 1528 1331 capiti
1548 1281 1699 1318 decimo

295 1347 414 1383 tertio
436 1345 553 1394 primi
571 1345 679 1382 libri.

407 1411 624 1450 Ordiamur
651 1420 674 1448 a
696 1411 829 1448 verbis
848 1413 886 1459 I,
905 1411 952 1448 4:
984 1409 1300 1463 θερμαινομένης
1327 1413 1399 1462 τῆς
1424 1414 1494 1464 γῆς
1521 1408 1597 1451 ὕπὸ
1626 1414 1698 1451 τοῦ

295 1473 408 1528 ἡλίου
432 1475 504 1528 τὴν
533 1474 805 1526 ἀναθυμίασιν
833 1474 1043 1529 ἀναγκαῖον
1071 1476 1251 1529 γίνεσθαι
1278 1475 1334 1528 μὴ
1359 1473 1488 1529 ἁπλῆν
1517 1501 1568 1508 -—
1599 1473 1702 1516 ἀλλὰ

297 1544 452 1594 διπλῆν,
479 1540 554 1595 τὴν
582 1541 656 1594 μὲν
683 1545 756 1582 τοῦ
785 1542 826 1582 ἓν
854 1545 904 1596 τῇ
930 1545 980 1596 γῇ
1008 1542 1073 1582 καὶ
1102 1541 1163 1581 ἐπὶ
1185 1544 1235 1596 τῇ
1254 1545 1302 1596 γῇ
1324 1539 1447 1596 ῧγροῦ
1477 1541 1696 1595 ἀτμιὸώὸη,

296 1608 368 1661 τὴν
396 1607 434 1648 (5’
458 1607 582 1660 αὐτῆς
608 1611 680 1660 τῆς
710 1612 780 1662 γῆς
807 1607 930 1661 οὔσης
958 1611 1080 1662 ξηρᾶς
1108 1607 1317 1661 καπνώδη,
1356 1611 1420 1648 καὶ
1447 1608 1600 1649 τούτων
1626 1607 1701 1661 τὴν

294 1675 368 1727 μὲν
397 1673 658 1727 πνευματώδη
689 1674 933 1725 ἐπιπολάζειν
963 1674 1030 1715 διὰ
1058 1674 1130 1727 τήν
1159 1673 1402 1729 κουφότητα,
1430 1675 1502 1729 τὴν
1521 1674 1561 1715 δ’
1583 1672 1702 1729 ὑγρο-

252 1770 257 1777 -
295 1741 414 1796 τέραν
439 1738 691 1795 ὗφίστασθαι
713 1740 779 1782 διὰ
794 1741 839 1782 τὸ
857 1740 1006 1796 βάρος,
1037 1757 1135 1794 quae
1157 1743 1457 1782 fundamentum
1476 1749 1566 1781 sunt
1585 1743 1702 1782 theo-

294 1811 376 1848 riae
396 1816 607 1849 ventorum
629 1811 914 1849 Aristotelicae.
970 1811 1040 1848 Sol
1069 1811 1188 1861 igitur
1218 1824 1307 1848 cum
1337 1811 1425 1848 loco
1450 1809 1603 1848 cuidam
1630 1822 1701 1860 ap-

296 1877 595 1926 propinquatur,
613 1877 654 1914 vi
674 1868 815 1914 caloris
834 1877 1022 1915 humores
1040 1889 1195 1914 sursum
1215 1877 1409 1915 tolluntur
1426 1877 1468 1914 in
1482 1877 1610 1914 forma
1629 1888 1701 1912 va-

296 1955 461 1993 porum:
498 1955 587 1979 cum
616 1955 753 1979 rursus
781 1943 975 1989 abscedit,
1016 1943 1317 1992 refrigeratione
1355 1955 1482 1992 vapor
1515 1941 1700 1978 humidus

296 2007 442 2059 liquida
462 2007 532 2044 sub
553 2008 681 2046 forma
696 2009 747 2046 ad
765 2014 912 2046 terram
934 2008 1051 2046 redit.
1091 2008 1191 2046 Inde
1207 2008 1336 2045 crebri
1354 2008 1499 2044 imbres
1517 2006 1701 2044 nocturni

298 2081 338 2112 et
357 2074 577 2124 hyemales,
605 2075 775 2112 rariores
805 2074 935 2112 diurni
960 2081 998 2112 et
1026 2075 1174 2112 aestivi.
1235 2074 1380 2111 Eadem
1411 2074 1561 2112 ratione
1593 2079 1632 2110 et
1658 2073 1701 2111 vi

299 2142 438 2178 caloris
462 2141 505 2177 in
529 2141 614 2190 ipsa
638 2146 745 2178 terra
765 2141 989 2185 existentis,
1015 2141 1139 2178 siccus
1165 2141 1280 2178 etiam
1310 2154 1435 2191 vapor
1461 2145 1701 2190 provocatur

344 2296 378 2337 *)
406 2299 516 2341 Quam
540 2296 774 2330 coniecturam
799 2297 934 2330 iamiam
961 2297 1142 2342 proposuit
1167 2296 1539 2331 Vicomer'catus
1574 2294 1610 2327 in
1637 2305 1699 2327 ex-

386 2352 574 2395 plicatione
597 2353 785 2387 verborum
812 2355 856 2396 ΙΙ,
877 2354 909 2395 5,
931 2351 966 2386 4.
996 2365 1029 2396 p.
1050 2354 1126 2395 116,
1141 2353 1181 2385 b:
1210 2355 1299 2386 Idem
1318 2365 1393 2386 vero
1413 2354 1454 2385 de
1477 2353 1604 2386 Orionis
1628 2356 1697 2382 ortu

388 2410 420 2440 in
449 2411 702 2441 problematibus
730 2411 865 2451 legitur,
915 2421 1028 2452 nempe
1060 2417 1210 2441 autumno
1235 2412 1362 2441 ineunie
1385 2410 1522 2448 exoriri,
1550 2408 1587 2440 ob
1611 2417 1699 2438 eam-

387 2476 448 2507 que
471 2476 618 2506 causam,
651 2477 720 2497 cum
744 2468 783 2497 sit
808 2467 840 2497 in
864 2468 1015 2507 temporis
1037 2467 1231 2506 mutatione,
1256 2463 1424 2505 difficilem
1447 2476 1514 2496 esse
1537 2469 1566 2494 et
1587 2462 1699 2493 turbu-

389 2523 516 2553 lentum.
560 2523 612 2552 Ex
635 2532 696 2563 quo
722 2527 751 2552 et
776 2523 848 2552 aliis
869 2524 975 2553 multis
996 2523 1064 2554 eius
1086 2523 1210 2562 generis
1234 2522 1347 2552 coniici
1364 2526 1479 2561 potest,
1502 2519 1699 2561 problemata

390 2576 446 2607 illa
471 2576 685 2618 Theophrasti
704 2578 829 2618 potius,
854 2589 950 2620 quam
970 2579 1151 2609 Aristotelis
1178 2588 1264 2617 esse,
1290 2588 1359 2607 cum
1382 2575 1566 2618 praesertim
1595 2574 1699 2604 omnia

381 2629 476 2673 fere,
504 2643 588 2674 quae
612 2634 652 2678 de
675 2634 775 2664 ventis
799 2634 830 2664 in
854 2634 916 2664 illis
939 2633 1134 2673 traduntur,
1169 2632 1259 2673 apud
1286 2631 1539 2672 Theophrastum
1565 2630 1596 2659 in
1621 2629 1698 2660 libro

389 2687 430 2718 de
452 2689 553 2719 ventis
583 2689 627 2720 ad
650 2689 780 2720 verbum
806 2691 964 2729 leg-antur,
993 2695 1050 2720 aut
1072 2690 1100 2720 si
1121 2689 1335 2730 Theophrasti
1355 2698 1414 2718 non
1432 2687 1503 2726 sini,
1528 2686 1567 2717 ab
1592 2686 1699 2727 aliquo

390 2752 430 2774 ex
459 2745 527 2774 eius
553 2750 582 2775 et
598 2746 781 2776 Arisiotelis
805 2746 892 2776 libris
917 2755 986 2776 esse
1009 2745 1245 2776 consarcinata.
1292 2742 1437 2775 obstare
1459 2744 1573 2773 tamen
1599 2739 1700 2773 vitle-

390 2801 444 2830 tur
470 2798 569 2831 locus
593 2800 642 2841 11,
668 2800 702 2838 6,
734 2802 766 2832 1.
800 2799 863 2832 cfr.
889 2799 934 2832 ad
949 2794 986 2841 Ἰ,
1009 2800 1044 2839 3,
1069 2801 1122 2831 17.
1596 2790 1604 2798 x
