1774 3198
268 370 362 415 486
475 378 925 418 COMMENTARIUS
954 378 1013 417 [N
1042 377 1444 420 METEOROLOG.

263 491 400 528 Batnv.
426 491 542 526 1688.
563 485 653 537 fol.)
681 487 809 524 adfert
826 488 867 524 in
885 492 976 524 nota
1007 487 1342 527 Constantini
1369 487 1667 542 Porphyre-

264 560 510 606 gennetae
533 553 654 590 verba
674 566 724 590 ex
742 555 780 592 Π
799 553 902 590 libro
923 552 972 591 de
992 552 1183 590 thematis
1196 568 1208 591 .·
1231 548 1407 606 Ἔλλὰςῆ
1415 552 1530 608 χώρα
1549 555 1665 609 ἐκλή-

264 622 321 670 θη
354 615 431 657 ἀπὸ
452 616 644 669 εἘλληνος
663 619 734 657 τοῦ
750 617 1048 667 Δευκαλίωνος,
1079 614 1101 657 3
1129 617 1398 668 δυναστεύσας
1423 623 1494 674 τῆς
1523 623 1667 663 Φθιω-

261 684 371 730 τίδος
398 682 491 731 τοὺς
518 680 720 736 ὑπηκόους
749 680 877 737 ἑαυτῷ
902 682 1133 736 γενομένους
1160 682 1247 725 ἀντὶ
1269 687 1450 738 Γραικῶν
1471 685 1668 741 Ἕλληνας

261 747 429 789 ἐκάλεσε.
544 795 546 797 ,

372 821 438 855 23.
469 813 566 856 ὅταν
595 809 666 856 οὖν
694 815 849 870 γένηται
879 817 1022 855 omisso
1044 813 1094 869 δή
1116 819 1161 856 F.
1181 819 1231 856 H.
1251 819 1302 857 N.
1334 816 1383 870 δὴ
1409 814 1480 860 οὗν
1505 822 1666 861 inverso

262 883 402 921 ordine
420 885 470 922 A.
495 885 601 923 Cam.
626 885 670 922 Ρ.
697 885 739 923 8.
768 885 851 923 Cas,
869 906 925 913 ——-
952 880 1084 937 ὥσπερ
1105 876 1176 923 οὖν
1204 899 1279 936 pro
1309 882 1440 940 ὥσπερ
1459 889 1529 926 νῦν
1547 890 1663 928 Ν.Α.

259 951 330 987 Er.
362 972 412 978 —
452 947 547 996 τοὺς
575 947 762 996 ἀεννάους
790 946 890 989 εἷναί
915 965 1025 997 τινας
1052 952 1132 990 τῶν
1159 953 1350 1001 ποταμῶν
1377 956 1423 992 F.
1449 955 1501 992 H.
1529 955 1580 994 N.
1611 977 1665 984 —

260 1011 428 1061 τούτους
455 1014 498 1055 δὲ
523 1012 579 1067 μή
607 1018 654 1055 Ε.
672 1039 725 1046 -
750 1011 827 1056 ὑπὸ
848 1019 919 1070 γῆν
947 1031 1023 1069 pro
1042 1012 1118 1056 ὑπὸ
1140 1019 1212 1069 γῆς
1234 1020 1280 1057 F.
1313 1021 1363 1057 H.
1391 1020 1440 1057 A.
1461 1021 1532 1059 Er.
1556 1023 1664 1060 Cam.

258 1082 302 1118 P.
328 1083 366 1120 S.
392 1083 476 1121 Cas.
501 1078 578 1121 ὑπὸ
601 1080 674 1134 τὴν
701 1085 772 1134 γῆν
802 1084 853 1122 Ν.
876 1105 927 1112 -—
957 1080 1113 1135 ἄντρων
1141 1097 1216 1135 pro
1242 1082 1462 1135 χασμάτων
1490 1101 1591 1126 corr.
1616 1090 1663 1126 E.

257 1147 448 1197 praebent
463 1149 513 1186 A.
535 1150 605 1187 Er.
633 1170 686 1176 —-—
716 1147 780 1188 καὶ
808 1147 882 1200 τὴν
910 1148 1148 1202 ψυχρότητα
1175 1150 1310 1188 addito
1337 1153 1501 1191 articulo
1528 1154 1579 1192 N.
1610 1177 1664 1183 —
1703 1193 1705 1195 ,

259 1212 383 1251 Totus
403 1215 510 1252 locus
535 1214 676 1253 misere
694 1215 882 1253 laceratus
901 1222 940 1254 et
963 1222 1172 1267 corruptus
1199 1224 1284 1255 erat
1304 1218 1346 1255 in
1369 1219 1549 1257 omnibus
1578 1220 1664 1257 edi-

256 1273 437 1317 tionibus.
494 1281 727 1331 Scripsimus
763 1278 932 1327 τούτους
963 1280 1026 1320 δεῖ
1049 1281 1374 1333 προαπολείπειν,
1415 1286 1664 1323 monentibus

257 1343 582 1384 Schneidero
607 1347 750 1398 Eclog.
767 1347 884 1397 phys.
903 1348 1081 1386 Tom.11.
1099 1361 1140 1398 p.
1158 1348 1252 1386 104.
1280 1351 1661 1401 Koenigmanno

258 1411 397 1461 Geogr.
416 1411 629 1450 Aristotel.
651 1426 690 1463 p.
707 1416 797 1451 105.
817 1417 1007 1462 not.269,
1031 1427 1120 1451 cum
1137 1416 1185 1452 E.
1206 1417 1254 1453 F.
1274 1417 1325 1454 H.
1349 1417 1398 1454 Ν.
1413 1418 1539 1455 A.Er.
1555 1418 1661 1456 Cam.

254 1479 298 1515 B.
326 1473 494 1522 τούτους
520 1475 584 1523 δέ,
615 1479 660 1516 Ρ.
688 1480 728 1517 S.
761 1479 848 1518 cas.
888 1475 1056 1524 τούτους
1085 1477 1133 1530 δή
1165 1480 1387 1519 exhibeant.
1424 1485 1518 1533 Bag.
1555 1483 1661 1521 haee

248 1542 529 1593 praedeficere
553 1545 614 1582 sic
634 1552 789 1594 putare
816 1551 992 1594 oportet.
1049 1545 1164 1584 Nihil
1188 1560 1233 1585 ea
1252 1548 1302 1585 de
1324 1558 1370 1586 re
1395 1561 1445 1585 ex
1462 1549 1663 1600 interpre-

252 1609 356 1647 tibus
386 1610 522 1648 elueet.
578 1610 659 1648 Sed
687 1608 737 1662 δή
748 1640 760 1658 ,
801 1608 848 1650 δέ
878 1618 918 1650 et
946 1610 1010 1650 δεῖ
1040 1626 1328 1663 saepenumero
1363 1615 1522 1652 confusa
1560 1622 1661 1654 sunt.

253 1675 335 1714 Cfr.
364 1677 557 1714 Platon.
587 1676 758 1715 Philebo
782 1691 822 1729 p.
846 1681 896 1716 16
924 1678 986 1716 ed.
1010 1679 1147 1717 Stallb.
1176 1678 1336 1718 Procl.
1359 1682 1392 1719 1.
1415 1684 1506 1730 p.1.
1527 1694 1566 1732 p.
1579 1685 1661 1720 272

252 1742 314 1780 ed.
342 1743 578 1781 Creuzer.
609 1744 844 1782 strabon.
876 1745 906 1783 Ι.
929 1759 968 1796 p.
985 1749 1035 1784 17
1054 1745 1123 1783 fin.
1152 1746 1220 1784 ubi
1236 1746 1487 1784 scribendum
1510 1742 1663 1786 ὕποθέ-
1682 1741 1684 1743 ’

252 1809 352 1846 σθαι
381 1807 443 1847 δεῖ
466 1808 531 1847 καὶ
561 1808 794 1862 σφαιροειδῆ
822 1808 895 1860 μὲν
914 1808 986 1850 τὸν
1004 1809 1168 1861 κόσμον.
1197 1812 1262 1850 Ab
1280 1807 1409 1857 οὕτως
1428 1809 1586 1851 οἴεσθαι
1603 1812 1667 1852 δεῖ

249 1873 388 1925 incipit
406 1875 607 1926 apodosis,
635 1875 678 1913 in
701 1889 777 1925 qua
795 1878 1009 1927 opponitur
1028 1877 1128 1915 illud
1147 1874 1247 1924 τότε,
1276 1878 1335 1915 illi
1354 1879 1411 1931 τῷ
1431 1880 1521 1925 νῦν,
1553 1879 1660 1929 quod

251 1946 335 1978 erat
358 1940 399 1978 in
418 1941 580 1991 protasi.
634 1941 700 1979 Ad
720 1937 830 1986 ὅσοις
854 1943 896 1980 in
920 1943 1146 1993 parenthesi
1172 1943 1438 1993 supplendum
1463 1948 1659 1994 ποταμοῖς

249 2011 288 2044 et
303 2012 392 2044 ante
414 2000 498 2045 οἷον
521 2020 572 2045 ex
591 2013 813 2057 antegresso
836 2004 986 2059 ταύτην
1005 2022 1059 2047 sc.
1090 2005 1163 2057 τὴν
1194 2005 1338 2060 φοράν.
1395 2009 1554 2047 Deinde
1580 2023 1656 2060 pro

249 2071 328 2111 δεῖν
359 2087 447 2112 cum
476 2074 517 2112 S..
547 2075 593 2112 P.
618 2074 703 2139 Q&
735 2071 821 2125 (qui
841 2073 885 2112 in
904 2063 1163 2126 margineypff
1182 2072 1278 2125 δεῖν)
1304 2077 1394 2125 Bag.
1412 2074 1657 2112 restituimus

249 2137 318 2177 δεῖ.
342 2163 392 2169 —
421 2138 560 2192 μικραὶ
577 2135 874 2191 ἕπικεκραμέναι
891 2141 1034 2178 omisso
1053 2141 1219 2178 articulo
1239 2140 1291 2178 A.
1314 2142 1382 2179 Er.
1395 2141 1504 2179 Cam.
1518 2141 1557 2177 S.
1571 2142 1656 2178 Cas.

250 2228 299 2234 —
321 2202 461 2244 ἔπικε
473 2219 565 2257 κρα
573 2202 637 2256 με’
643 2219 697 2244 νο
709 2219 728 2251 ς
747 2205 797 2244 de
812 2213 946 2244 monte
958 2206 1212 2258 impendente
1229 2207 1395 2258 proprie
1411 2213 1657 2258 usurpatum.

248 2271 320 2310 cfr.
351 2273 500 2321 Hymn.
523 2270 730 2310 Homerie.
756 2274 802 2310 in
819 2270 1005 2322 Apollin.
1033 2276 1113 2312 282
1133 2286 1214 2325 sqq.

353 2335 438 2376 ἵκευ
467 2334 509 2375 δ’
534 2335 575 2383 ἐς
602 2336 786 2391 Κρίσσην
814 2333 892 2377 ὑπὸ
918 2334 1140 2391 Παρνησὸν
1166 2335 1366 2392 νιφοέντα,

356 2401 506 2455 κνημὸν
534 2399 635 2456 πρὸς
663 2402 852 2457 Ζέφυρον
877 2402 1172 2458 τετραμμένον,
1213 2400 1343 2457 αὐτάρ
1370 2400 1545 2456 ὕπερθεν

355 2467 478 2522 πέτρη
512 2467 780 2522 ἐπικρέμαται.
810 2488 865 2500 ——-

245 2532 516 2582 ξυστά-σε-ις
543 2537 639 2575 τῶν
668 2533 803 2589 ὀρῶν
826 2537 1111 2588 periphrastice
1127 2551 1202 2589 pro
1222 2537 1386 2588 simpiiei
1406 2530 1457 2574 τὰ
1475 2530 1562 2586 ὅρη.
1592 2535 1651 2572 Ita

243 2602 387 2640 Plato
422 2605 527 2641 Tim.
557 2616 598 2654 p.
619 2607 671 2642 32
691 2606 751 2642 D:
777 2600 930 2653 κόσμου
948 2599 1152 2650 σύστασις.
1180 2601 1416 2654 Euripid.
1434 2600 1648 2649 Hippoh‘t.

246 2667 326 2706 994
355 2668 417 2706 ed.
437 2670 658 2708 Brunck:
684 2666 845 2722 Πάτερ,
874 2667 993 2719 μένος
1018 2667 1093 2720 μὲν
1122 2666 1309 2716 ξύστασίς
1335 2681 1377 2707 τε
1397 2666 1481 2712 σῶν
1494 2666 1651 2718 φρενῶν

684 2733 818 2786 Δεινή.
855 2759 903 2765 --

242 2794 367 2850 ὀρέων
385 2800 430 2836 Ε.
451 2800 519 2841 Er.
543 2802 646 2840 Cam.
670 2825 718 2830 —
750 2798 819 2839 ἐάν
839 2815 913 2852 pro
936 2799 986 2840 ἄν
1005 2803 1048 2839 Ε.
1072 2801 1117 2838 Α.
1142 2801 1250 2838 Cam.
