1774 3198
407 390 628 431 LIBRUM
657 389 895 431 PRIMUM.
957 389 1074 429 CAP.
1089 391 1212 439 XIII.
1445 383 1539 428 467

103 507 168 546 hic
189 519 350 559 quoqne
369 505 778 557 Meteorologicorum
797 505 848 544 sit
868 505 1001 552 locus,
1031 505 1072 543 in
1094 518 1174 557 quo
1198 506 1317 557 plura
1341 506 1466 546 verba
1492 507 1543 546 de

102 575 189 614 Nili
218 575 495 613 incrementis*
515 571 644 626 (quae
673 585 766 611 sane
798 574 1109 611 commemorari
1145 569 1361 625 poterant)
1397 575 1544 614 iniuria

103 650 332 693 temporum
351 648 420 680 aut
435 640 739 690 interciderunt,
754 645 822 678 aut
839 641 964 679 altera
978 654 1052 679 nos
1070 641 1130 679 uti
1146 642 1380 681 recensione
1396 642 1546 682 iterum

103 711 295 763 suspicari
317 711 466 749 sinunt.
516 710 621 748 Nam
645 708 862 748 Proclus
883 708 935 747 ad
950 709 1184 748 Platonis
1205 712 1422 750 Timaeum
1441 724 1480 763 p.
1492 715 1545 752 37

104 779 168 817 ed.
187 779 305 818 Basil.
324 779 397 817 ait:
431 774 570 817 ’Άλλοι
600 774 647 816 ὁέ
673 790 817 830 φασιν,
848 771 910 815 ὅτι
940 773 1102 824 αὔξεται
1132 772 1153 816 ὃ
1184 776 1333 825 Νεῖλος
1361 775 1441 818 ἀπὸ
1471 774 1547 831 ὅμ-

102 847 217 898 βρων
255 847 376 885 τινῶν
405 843 462 891 εἷς
488 841 610 884 αὐτὸν
639 841 905 896 ἐκχεομένων,
947 841 1003 891 ὡς
1030 842 1186 898 εἴρηται
1214 843 1440 900 διαρρήδην
1465 842 1545 887 ὑπὸ

99 909 434 965 Ἐρατοσθένους.
467 936 518 941 -—-
555 909 855 965 Ἐρατοσθένης
885 910 930 951 δὲ
959 909 1091 953 οῧκέτι
1122 911 1248 966 φησὶν
1286 911 1382 954 οὐδὲ
1420 913 1549 967 ζητεῖν

100 982 247 1034 χρῆναι
278 979 411 1020 αἰτίαν
439 981 513 1032 τῆς
541 976 747 1032 αὐξήσεως
775 982 848 1020 τοῦ
878 979 1052 1031 Νείλου,
1084 982 1229 1034 σαφῶς
1258 980 1323 1021 καὶ
1352 979 1550 1036 ἀφικομέ-

103 1062 185 1088 νων
214 1050 335 1088 τινῶν
365 1047 421 1095 εἷς
450 1044 524 1094 τὰς
551 1049 626 1087 τοῦ
654 1047 806 1088 Νείλου
835 1044 989 1101 πηγάς,
1022 1047 1087 1087 καὶ
1117 1045 1214 1095 τοὺς
1241 1046 1424 1102 ὄμβρους
1452 1045 1551 1097 τούς

102 1113 336 1168 γινομένους
374 1112 637 1170 ἑωρακότων,
685 1112 788 1156 ὥστε
824 1112 1099 1168 κρατύνεσθαι
1138 1113 1212 1167 τὴν
1244 1113 1551 1169 Ἀριστοτέλους

104 1181 316 1223 ἀπόδοσιν.
375 1181 559 1237 (Collige
601 1184 917 1222 Strabonem
946 1184 1086 1223 XVII.
1118 1197 1156 1235 p.
1179 1187 1287 1223 1138
1307 1183 1373 1237 Β.)
1434 1187 1549 1236 Quae

103 1253 420 1291 Aristotelis
441 1252 651 1301 sententia,
679 1251 751 1290 ubi
768 1265 877 1290 nunc
899 1251 1128 1303 reperiatur
1148 1258 1188 1290 et
1208 1265 1288 1304 quo
1305 1252 1396 1291 loco
1417 1254 1550 1305 aptior

104 1320 413 1359 commemorari
430 1319 619 1371 potuerit,
649 1318 804 1358 discere
821 1320 960 1359 velim.
1020 1320 1147 1371 Atqui
1165 1319 1306 1358 Theo
1317 1320 1549 1372 phylacti

103 1388 425 1426 Simocattae
449 1393 578 1425 aetate
607 1384 711 1425 nihil
741 1400 786 1425 ea
806 1387 856 1424 de
874 1401 922 1426 re
951 1387 1000 1425 ab
1028 1388 1328 1426 Aristotele
1356 1389 1550 1440 scriptum

102 1455 290 1493 innotuit.
321 1455 360 1493 Is
381 1455 488 1493 enim
511 1455 829 1506 Meteorologica
852 1456 1087 1506 reliquaque
1107 1454 1273 1506 physica
1292 1455 1438 1506 scripta
1453 1456 1551 1494 Ari-

102 1523 256 1561 stotelis
277 1522 418 1574 legisse
436 1522 602 1562 videtur
631 1523 724 1573 (cfr.
753 1524 913 1560 llistor.
935 1524 1028 1562 VII.
1052 1525 1075 1560 6
1093 1536 1120 1573 p
1150 1525 1231 1561 257
1245 1524 1393 1562 Venet.
1415 1537 1455 1574 p,
1470 1526 1548 1563 173

102 1589 265 1641 Paris.):
289 1596 330 1628 at
351 1590 394 1628 in
417 1595 504 1628 toto
525 1591 602 1628 isto
625 1590 769 1640 capite,
798 1590 841 1627 in
862 1603 943 1640 quo
962 1590 1012 1628 de
1028 1590 1121 1628 Nilo
1143 1590 1322 1639 flumine,
1354 1591 1437 1629 eius
1455 1592 1549 1630 fon-

102 1658 210 1695 tibus
230 1663 270 1695 et
287 1657 546 1695 incrementis
567 1658 648 1709 agit
662 1656 776 1709 (VII,
798 1655 881 1708 17),
911 1664 1178 1711 veterumque
1194 1658 1437 1710 scriptorum
1458 1673 1550 1698 sen-

103 1725 262 1771 tentias,
294 1730 491 1775 quotquot
509 1725 597 1763 fere
617 1723 778 1763 aliunde
801 1725 1003 1774 novimus,
1031 1732 1225 1776 recenset,
1250 1726 1404 1764 nullam
1432 1727 1551 1766 Ari-

104 1792 319 1832 stotelis
347 1793 595 1830 mentionem
616 1792 723 1831 facit.
745 1814 800 1820 —
839 1789 1060 1832 θάλασσαν
1088 1796 1156 1843 Ε,
1183 1794 1244 1832 uti
1266 1795 1380 1833 solet.
1404 1818 1455 1823 -—
1494 1793 1552 1841 εἷς

103 1857 176 1913 τὴν
207 1857 390 1913 ἐξωτέρω
414 1855 637 1898 θάλασσαν
675 1859 841 1899 videtur
877 1861 1019 1913 legisse
1050 1864 1145 1913 Bag.
1191 1863 1264 1913 qui
1291 1864 1336 1899 in
1367 1865 1551 1901 exterius

104 1942 222 1967 mare
231 1929 353 1978 fluit.
378 1948 426 1954 -
467 1924 613 1980 Ἀγροῦ
641 1941 718 1980 pro
743 1924 941 1982 Ἀργυροῦ
969 1931 1016 1968 Ε.
1045 1930 1270 1981 scripturae
1287 1930 1549 1982 xcompendio,

102 1998 302 2036 Diversus
327 2001 387 2033 est
405 1996 454 2033 ab
476 2001 667 2046 argenteo
689 1996 904 2048 Hispaniae
925 2003 1081 2045 monte,
1112 2011 1163 2036 ex
1187 2011 1265 2049 quo
1288 1998 1420 2036 Baetis
1449 2013 1549 2050 pro—

102 2064 230 2118 ssffre
250 2063 470 2102 dicebatur.
503 2064 577 2102 cfr.
608 2063 845 2102 strabon.
875 2065 949 2103 III.
979 2078 1019 2116 p.
1046 2067 1125 2103 221
1147 2065 1199 2104 A.
1257 2067 1295 2105 A
1314 2067 1549 2118 posterioris

104 2133 193 2171 aevi
214 2131 476 2183 scriptoribus
505 2132 653 2170 Mons
676 2132 838 2179 *lunae
867 2132 1098 2170 vocabatur.
1142 2132 1249 2172 Vide
1278 2134 1429 2184 Olym
1442 2135 1550 2185 pio·

105 2199 130 2236 d
143 2212 167 2236 o
180 2213 303 2237 rum.
337 2220 387 2227 —-
448 2186 691 2248 Caeterum,⁹
709 2200 818 2251 quod
840 2200 880 2238 h.
899 2201 928 2238 l.
948 2200 1074 2238 tradit
1094 2200 1145 2237 de
1165 2200 1251 2238 Nili
1271 2201 1464 2250 fontibus,
1485 2202 1550 2240 vi-

106 2266 226 2305 detur
254 2265 417 2303 differre
446 2266 494 2303 ab
519 2266 588 2314 iis,
615 2280 716 2318 quae
742 2268 829 2318 ipse
856 2264 1188 2306 Aristoteles
1218 2267 1402 2318 prodidit
1436 2269 1550 2318 Hist,

106 2334 286 2372 animal.
307 2333 424 2381 VIII,
446 2331 512 2382 14,
533 2337 558 2372 2
588 2347 630 2385 p.
652 2337 731 2373 369
770 2334 835 2372 ed.
863 2333 1176 2379 Schneider,
1201 2335 1271 2372 ubi
1291 2334 1341 2372 de
1362 2335 1547 2386 gruibus:

105 2397 409 2452 μεταβάλλουσι
447 2396 524 2452 γὰρ
565 2398 609 2439 ἐκ
644 2402 726 2440 τῶν
764 2400 982 2441 Σκυθικῶν
1019 2400 1075 2448 εἷς
1108 2399 1159 2441 τὰ
1186 2398 1255 2453 ἕλη
1285 2397 1337 2440 τοὶ
1366 2397 1449 2441 ἄνω
1478 2403 1551 2454 τῆς

105 2464 335 2521 Αἰγύπτου,
369 2462 469 2506 ὅθεν
498 2463 519 2506 ὃ
549 2467 694 2515 Νεῖλος
722 2464 794 2522 ῥεῖ.
851 2469 983 2508 Etiam
1004 2470 1209 2521 sequentia
1233 2468 1382 2508 addere
1401 2470 1548 2522 placet:

106 2532 190 2575 ἔστι
220 2533 264 2575 δὲ
293 2530 318 2574 ὃΔ
347 2531 474 2581 τόπος
502 2526 643 2585 οὗτος,
681 2534 772 2588 περὶ
802 2532 848 2575 ὃν
878 2533 917 2576 οἳ
944 2536 1152 2590 Πυγμαῖοι
1181 2540 1464 2578 κατοικοῦσιν*
1501 2535 1549 2578 οὗ

106 2601 183 2656 γάρ
211 2601 295 2643 ἔστι
319 2605 441 2642 τοῦτο
462 2604 624 2654 μῦθος,
655 2600 749 2641 ἀλλ’
770 2600 853 2642 ἔστι
883 2601 985 2643 κατὰ
1014 2602 1089 2657 τὴν
1119 2602 1315 2657 ἀλήθειαν
1344 2603 1456 2659 γένος
1482 2621 1551 2657 μι-

108 2667 207 2722 κρὸν
235 2669 322 2721 μέν,
360 2666 494 2723 ὥσπερ
526 2668 701 2723 λέγεται,
743 2670 809 2709 καὶ
842 2668 959 2710 αὐτοὶ
990 2671 1055 2711 καὶ
1086 2669 1123 2712 οἱ
1151 2671 1279 2712 ἵπποι.
1308 2670 1552 2726 τρωγλωὸύ-

109 2751 176 2775 ται
205 2734 245 2775 ‹5'
271 2736 346 2777 εἶσὶ
374 2736 421 2778 τὸ
453 2737 588 2791 γένος,
619 2753 738 2791 quem
762 2740 895 2778 locum
914 2746 1006 2779 ante
1027 2741 1163 2779 oculos
1184 2739 1324 2779 habuit
1351 2741 1549 2780 Plinius

109 2805 272 2842 Histor-
291 2807 482 2845 natural.
506 2808 579 2853 IV,
598 2810 665 2854 35,
688 2809 761 2846 30:
795 2808 979 2859 Quidam
999 2816 1039 2846 et
1054 2809 1358 2860 Rygmaeoram
1381 2816 1550 2860 gentem

104 2872 387 2921 prodiderunt
410 2876 519 2917 inter
535 2875 726 2926 paludes,
749 2889 798 2913 ex
820 2875 968 2926 quibus
991 2876 1117 2913 Nilus
1141 2877 1335 2914 oriretur.
1394 2877 1458 2915 Ex
1477 2889 1550 2929 pa-

143 2943 145 2945 ’
1187 2935 1237 2970 30
1256 2932 1274 2950 *
